3200 4975
232 364 303 408 oar.
321 343 376 429 ιι]
668 369 719 411 -nn
737 367 883 412 nourun.
946 386 950 394 ·
1275 354 1339 416 229

230 530 329 614 primo
344 530 472 616 experiri
487 532 748 617 complacentiam,
765 543 832 599 tum
849 536 881 599 in
896 557 931 599 ea
946 535 1057 600 habere
1080 536 1224 622 quietem.
1270 538 1336 602 Nec

229 642 308 707 male
323 642 435 708 dicitnr
449 642 591 709 voluntas
604 647 712 709 smtire
726 647 829 730 potius
844 669 936 731 quam
952 647 1080 731 experiri
1095 648 1237 713 affectum
1253 629 1335 714 coin·

228 751 385 839 placentiae
407 777 425 819 a
447 755 545 840 seipsa
566 778 752 842 expressum,
769 780 866 842 quum
889 767 920 822 et
941 760 1049 822 sentire
1071 759 1236 843 accipiatur
1257 782 1335 845 saepe

228 888 284 950 pro
298 868 452 946 estimare,
464 875 494 931 et
509 867 635 931 affectus
649 868 784 932 hominis
799 869 862 932 sint
879 867 966 933 mixti
981 891 1050 933 cunr
1066 871 1207 954 passione
1222 870 1332 955 aliqua,

227 978 320 1042 etiam
341 1000 493 1064 corporea,
509 987 541 1043 et
564 978 709 1043 sensibili.
755 979 821 1044 Nec
837 980 940 1044 minus
955 979 1204 1065 philosophicum
1218 990 1266 1046 est
1280 1005 1334 1046 vo-

226 1091 371 1156 cabulum
401 1093 624 1156 consultationis
653 1092 826 1157 adhibitum
857 1115 913 1178 pro
943 1093 1020 1157 serie
1049 1102 1186 1172 actuum,
1216 1094 1330 1178 quibus

228 1213 415 1290 praeparatur
430 1205 537 1270 electio
556 1205 670 1285 libera,
693 1229 747 1291 per
767 1206 999 1291 pulcherrimam
1020 1206 1100 1271 enim
1122 1205 1332 1292 metaphoram

227 1317 406 1401 depingitur
420 1317 459 1381 ad
475 1318 578 1382 vivum
595 1316 729 1403 plurium
750 1320 919 1403 specierum
940 1327 970 1382 et
991 1319 1155 1383 affectuum
1173 1319 1333 1403 repentina

226 1430 366 1494 excitatio
388 1438 419 1494 et
443 1431 529 1516 quasi
550 1440 717 1516 spontanea
732 1431 897 1495 adsultatio
912 1439 943 1495 et
957 1431 1150 1511 consociatio,
1166 1453 1235 1516 quae
1248 1431 1284 1495 fit
1299 1431 1331 1494 in

226 1550 292 1604 tota
306 1541 461 1606 electionis
477 1543 704 1628 praeparatione.

269 1656 320 1718 ⁷0.
348 1655 475 1718 Obiicies
504 1658 548 1718 2⁰.
586 1654 685 1718 Actus
715 1653 882 1717 voluntatis
911 1654 1133 1719 determinatur
1165 1667 1285 1739 semper
1313 1678 1332 1718 a

224 1763 337 1827 iudicio
362 1765 505 1848 practico.
550 1765 631 1829 Nam
659 1766 691 1828 in
718 1765 804 1828 omni
829 1774 900 1830 actu
926 1774 972 1830 est
998 1766 1112 1851 aliquid
1133 1766 1214 1851 quod
1238 1767 1331 1832 habet

224 1875 373 1939 rationem
396 1875 511 1956 formae,
531 1877 593 1941 sive
614 1876 755 1962 principii
776 1877 929 1957 actuativi,
948 1886 980 1942 et
999 1877 1116 1963 aliquid
1136 1877 1219 1964 quod
1238 1878 1331 1943 babet

224 1987 372 2051 rationem
387 1988 531 2066 materiae,
548 1988 611 2052 sive
625 1988 750 2053 termini
770 1988 941 2053 actuabilis.
987 1989 1070 2073 Ergo
1090 1989 1182 2053 etiam
1205 1990 1238 2053 in
1260 1999 1330 2054 actu

223 2098 356 2163 volitivo.
401 2099 499 2183 Atqui
518 2100 666 2164 rationem
688 2102 795 2164 formae
817 2101 849 2164 in
865 2110 936 2164 actu
951 2100 1049 2185 primo
1064 2101 1221 2165 existentis
1236 2102 1330 2166 babet

223 2211 290 2294 ipsa
300 2210 441 2275 voluntas
453 2220 489 2275 nt
501 2211 597 2276 activa
612 2221 642 2275 et
658 2212 810 2276 actuatira
824 2234 1009 2278 consensus:
1032 2215 1179 2277 rationem
1196 2213 1329 2278 materiae

224 2321 317 2386 habet
342 2323 495 2387 obiectum
522 2324 681 2408 cognitum
706 2323 766 2388 sub
791 2325 909 2389 ratione
935 2325 1010 2389 boni
1033 2324 1132 2390 hicet
1151 2347 1235 2390 nunc
1256 2348 1329 2390 con·

223 2434 381 2514 venientis,
393 2434 433 2499 ad
447 2434 530 2520 quod
545 2443 632 2500 actus
646 2435 698 2500 ille
711 2436 830 2520 primus
846 2445 891 2500 est
907 2435 1121 2501 terminabilis.
1156 2435 1242 2501 Sicut
1256 2459 1330 2522 ergo

222 2547 254 2610 in
270 2547 355 2611 omni
370 2569 412 2625 re,
424 2547 675 2632 quotiescumque
691 2548 817 2611 materia
831 2558 878 2611 est
893 2557 965 2633 apte
980 2548 1126 2633 disposita
1138 2548 1177 2613 ad
1187 2549 1328 2630 formam,

220 2681 284 2722 non
294 2666 396 2744 potest
404 2680 526 2722 manere
537 2680 608 2723 cum
622 2658 689 2723 eius
703 2659 883 2743 privatione,
894 2660 937 2723 ita
951 2660 1054 2739 etiam,
1064 2658 1187 2745 quando
1202 2662 1328 2725 materia

220 2769 365 2854 eligibilis
387 2769 431 2853 (id
450 2777 497 2834 est
511 2769 628 2833 bonum
644 2770 784 2835 absolute
799 2773 983 2855 spectatum)
1001 2780 1047 2835 est
1063 2770 1164 2834 debite
1179 2771 1327 2856 disposita

221 2881 259 2945 ad
279 2862 338 2945 hoc
357 2888 392 2944 ut
413 2881 454 2945 sit
476 2903 571 2965 capax
587 2881 773 2945 terminandi
793 2891 897 2945 actum
920 2882 1079 2946 volitivum
1101 2882 1196 2967 (quod
1215 2884 1250 2947 fit
1273 2906 1327 2969 per

220 2993 368 3058 iudicium
392 2993 586 3077 practicam),
614 3015 677 3057 non
704 3000 805 3078 potest
829 3014 953 3057 manere
976 3013 1046 3056 cum
1073 2994 1240 3077 privatione
1264 3018 1327 3060 suae

219 3106 325 3170 formae
335 3131 345 3185 3
368 3114 400 3170 et
425 3105 494 3169 ideo
518 3113 554 3169 ut
572 3104 615 3169 sic
636 3103 782 3189 disposita
803 3125 867 3167 non
890 3112 936 3167 cst
956 3112 1079 3168 tantum
1097 3104 1250 3189 eligibilis,
1273 3108 1326 3171 sed

220 3217 370 3302 eligenda.

262 3330 454 3416 Respondeo,
483 3330 542 3394 hoc
571 3336 788 3414 argumentum
818 3330 974 3394 continere
999 3331 1154 3394 veritatem
1185 3332 1218 3394 in
1247 3354 1324 3416 prae·

219 3445 330 3524 missis,
346 3444 400 3508 sed
420 3443 646 3508 conclusionem
668 3466 734 3506 esse
755 3443 838 3506 iusto
861 3441 1046 3527 ampliorem.
1093 3442 1143 3506 Ad
1157 3445 1216 3507 hoc
1231 3444 1323 3522 enim,

217 3565 253 3621 ut
275 3555 402 3620 materia
424 3555 476 3619 illa
498 3555 646 3640 disposita
667 3576 731 3619 non
754 3563 877 3618 maneat
906 3553 1056 3632 informis,
1079 3554 1190 3618 sufficit
1212 3550 1325 3639 ponere

218 3676 321 3732 actum
350 3667 515 3731 naturalem
542 3667 650 3751 primae
679 3664 924 3750 complacentiae3
947 3674 978 3728 et
1007 3664 1091 3728 hunc
1120 3674 1223 3729 actum
1253 3688 1324 3730 con-

217 3780 353 3845 cedimus
367 3801 434 3843 esse
447 3778 635 3863 ponendum.
683 3776 745 3841 Sed
759 3776 810 3841 hic
828 3785 914 3841 actus
934 3797 995 3839 non
1019 3786 1065 3839 est
1087 3776 1146 3839 nisi
1169 3778 1325 3842 materiale

217 3913 381 3955 consensus
403 3888 500 3969 liberi,
523 3887 697 3954 nechabet
719 3888 869 3951 rationem
891 3884 980 3949 liberi
1002 3886 1063 3949 nisi
1085 3908 1140 3970 per
1161 3886 1219 3952 hoc
1241 3889 1324 3973 quod

216 4000 357 4064 voluntas
385 4021 450 4062 non
479 4005 595 4083 reagat,
624 4007 660 4061 ut
689 4004 802 4082 potest,
834 3996 942 4061 sedin
967 4018 1003 4059 eo
1034 3996 1073 4059 sit
1103 4005 1256 4078 contenta,
1287 4008 1323 4065 ut

218 4112 361 4177 diximus.

258 4224 401 4289 Instatis.
423 4221 586 4299 Voluntas,
620 4220 720 4305 posito
754 4220 867 4284 iudicio
901 4220 1044 4304 practico,
1080 4219 1196 4283 nullam
1232 4220 1324 4286 habet

214 4336 362 4400 rationem
391 4333 590 4397 sufficientem
614 4329 748 4414 negandi
772 4352 965 4409 consensum,
990 4338 1042 4393 aut
1065 4330 1227 4415 reagendi3
1250 4355 1324 4417 ergo
