3200 4975
258 339 302 403 98
569 354 611 398 ns
628 352 828 397 sonsrsurrs
843 350 1043 395 srrsrrusnr.
1207 329 1294 413 [csr.
1311 347 1364 389 111.

262 539 334 584 curn
355 512 491 583 subiecto
513 519 620 606 recipit
646 528 718 583 actu
742 518 909 583 motionem
937 518 1105 583 affectivam
1131 517 1367 602 complacentiae,

262 654 331 717 quae
356 640 392 697 ut
416 632 551 717 complet
576 640 678 695 actum
704 630 936 709 intellectivam,
966 630 1142 694 denominat
1168 652 1239 694 eum
1265 640 1367 693 actum

263 744 498 828 complacentiae.
567 742 660 819 Quod
694 742 720 806 si
756 742 863 807 eadem
898 742 1063 806 Michaelis
1092 740 1182 805 verba
1215 740 1367 824 intelliget

264 855 386 921 Lucifer
411 865 442 919 et
467 854 520 919 alii
548 854 650 939 angeli
679 854 807 919 rebelles
836 854 890 940 qui
913 854 981 919 Deo
1011 854 1160 933 invident,
1186 853 1219 917 hi
1245 860 1369 937 propter

264 976 379 1031 statum
402 966 575 1031 affectivum
599 987 662 1030 non
688 975 909 1050 congruentem
936 988 1006 1030 cum
1031 988 1123 1030 seusu
1143 965 1313 1041 verborum,
1331 962 1369 1027 ab

264 1074 337 1162 ipsis
357 1077 456 1142 verbis
481 1100 500 1140 a
525 1098 557 1141 sc
580 1077 744 1142 intellectis
770 1077 940 1142 afficientur
959 1078 1079 1161 ingrate
1107 1076 1275 1155 affectione,
1301 1097 1369 1160 quae

264 1188 399 1273 generali
418 1189 542 1252 nomine
566 1189 665 1253 vocari
689 1197 790 1273 potest
811 1197 913 1252 motus
939 1188 1156 1274 displicentiae3
1179 1198 1266 1251 actus
1288 1186 1368 1250 eninr

265 1298 377 1364 obiecti
398 1301 558 1385 praesentis
578 1301 780 1385 repugnantis
799 1301 937 1365 subiecto
953 1310 988 1363 ut
1003 1300 1053 1364 hic
1068 1309 1099 1364 et
1113 1322 1196 1365 nunc
1212 1298 1369 1383 disposito,

265 1434 328 1476 non
357 1421 458 1496 potest
486 1402 661 1496 imprimere
696 1412 870 1497 passionem
906 1411 1042 1476 subiecto
1070 1420 1309 1495 congruentem:
1339 1419 1370 1473 et

264 1532 361 1602 actus,
392 1544 454 1607 quo
484 1523 607 1588 Lucifer
636 1523 794 1606 cognoscit
828 1544 953 1587 sensum
982 1522 1105 1585 illorum
1135 1522 1305 1599 verborum,
1334 1529 1370 1584 ut

264 1635 373 1699 ultimo
387 1636 569 1699 terminatus
584 1634 623 1698 ad
632 1634 776 1701 affectum
791 1634 835 1699 sic
850 1643 979 1713 motum,
995 1632 1150 1698 vocabitur
1165 1642 1251 1697 actus
1264 1631 1369 1715 displi-

262 1748 379 1812 centiae.
424 1748 522 1812 Actus
545 1735 772 1832 complacentiae
793 1755 825 1810 et
848 1745 1056 1830 displicentiae,
1074 1746 1111 1809 dc
1133 1745 1245 1830 quibus
1264 1743 1298 1807 in
1312 1744 1370 1807 hoc

263 1857 410 1943 exemplo,
426 1879 490 1924 non
505 1866 635 1942 possunt
651 1857 711 1921 dici
726 1856 882 1921 naturales
896 1856 1077 1941 simpliciter,
1093 1856 1124 1918 in
1141 1864 1291 1941 quantum
1305 1875 1370 1917 non

263 1968 475 2054 dependente
497 1968 562 2032 sola
580 1967 713 2032 naturali
734 1966 942 2052 dispositione,
964 1966 1127 2031 sedetiam
1148 1990 1166 2031 a
1189 1965 1371 2051 praecedenti

263 2103 322 2143 nsu
335 2079 495 2157 libertatis,
514 2101 583 2163 quae
604 2078 822 2143 accidentalem
844 2078 1074 2162 dispositionem
1093 2077 1242 2141 diversam
1264 2076 1296 2139 in
1315 2094 1369 2139 an·

263 2191 340 2275 gelis
356 2191 486 2254 bonis‘et
497 2189 586 2254 malis
595 2189 757 2274 produxit:
780 2190 835 2254 sed
845 2198 892 2253 cst
906 2188 1054 2253 naturalis
1069 2192 1100 2251 in
1114 2211 1200 2252 sensu
1214 2190 1371 2272 composito

263 2325 335 2367 cum
355 2310 438 2365 statu
457 2301 673 2386 praedictorum
693 2300 881 2385 angelorum,
897 2309 1059 2385 quatenus,
1074 2300 1174 2385 posita
1195 2299 1247 2363 illa
1270 2299 1370 2383 diapo-

264 2413 384 2492 sitione,
400 2421 502 2477 motus
516 2412 635 2497 primus
650 2412 830 2476 naturaliter
850 2420 897 2476 est
917 2434 1089 2497 congruens
1104 2412 1151 2475 vel
1165 2412 1371 2496 incongruens

264 2550 334 2593 cum
353 2526 548 2591 affectivitate
570 2526 708 2604 subnecti,
731 2536 762 2590 et
784 2536 871 2592 actus
893 2527 1021 2611 primus,
1043 2527 1096 2612 qui
1117 2526 1155 2589 ed
1171 2525 1312 2590 affectum
1328 2525 1371 2590 sic

266 2649 386 2703 motum
399 2628 583 2703 terminetur
597 2655 637 2702 er
647 2647 759 2702 natura
773 2639 817 2702 rei
831 2638 922 2702 debet
945 2661 1010 2703 esse
1025 2639 1057 2702 in
1071 2637 1120 2703 his
1135 2637 1369 2722 complacemus,

263 2750 296 2813 in
316 2749 377 2820 illis
394 2739 609 2835 displicentiae.
656 2749 757 2828 Unde,
784 2757 820 2813 ut
845 2758 931 2813 actus
949 2749 1050 2834 primi,
1069 2769 1133 2813 non
1152 2748 1266 2813 habent
1287 2747 1325 2813 de
1340 2765 1372 2812 se

264 2861 407 2926 meritum
429 2861 477 2925 vel
501 2851 696 2940 demeritum,
719 2861 791 2946 quia
814 2859 954 2924 nondum
974 2860 1177 2945 supponimus
1203 2859 1370 2925 adhibitam

263 2992 330 3035 eam
345 2970 576 3049 advertentiam,
596 2993 664 3056 quae
681 2970 850 3036 necessaria
868 2979 915 3034 est
932 2970 973 3034 ad
990 2979 1076 3035 actus
1096 2970 1217 3049 liberos,
1235 2981 1270 3034 ut
1291 2970 1371 3035 dice·

266 3103 336 3147 mns
349 3092 464 3167 postea.

309 3197 362 3260 74.
386 3192 542 3270 Quaeritur
556 3192 684 3272 decimo,
700 3193 779 3275 quud
790 3194 831 3256 ait
845 3172 987 3256 obiectum
1000 3193 1150 3256 colitioaia
1164 3193 1269 3255 licea.

309 3304 502 3390 Respondeo,
522 3325 589 3367 esse
611 3302 728 3366 bonum
753 3302 838 3366 utile.
884 3303 966 3366 Nam
989 3324 1086 3387 quum
1108 3302 1249 3367 voluntas
1268 3325 1371 3368 neces·

267 3415 346 3480 sario
360 3417 475 3480 feratur
488 3414 523 3479 in
538 3415 653 3478 bonum
673 3415 707 3478 in
725 3413 891 3494 communi,
914 3414 996 3499 quod
1018 3423 1065 3478 est
1083 3415 1235 3478 obiectum
1255 3424 1372 3479 natnrae

268 3546 341 3606 suae,
355 3535 387 3590 et
401 3525 494 3590 habet
513 3527 663 3589 rationem
682 3524 763 3602 finis,
785 3546 848 3587 non
868 3533 970 3608 potest
990 3525 1099 3588 habere
1119 3534 1223 3588 actum
1242 3525 1372 3589 liberum

268 3637 348 3705 circa
362 3636 485 3722 aliquod
500 3637 616 3700 bonum
630 3635 823 3721 particulare,
840 3635 900 3700 nisi
914 3635 947 3698 iu
963 3644 1113 3720 quantum
1123 3635 1215 3700 hebet
1223 3636 1373 3700 rationem

270 3749 363 3815 medii
378 3750 417 3814 ad
435 3749 524 3816 illum
547 3750 651 3814 finem.
697 3747 790 3824 Quod
811 3757 912 3812 eutem
935 3749 1027 3812 habet
1049 3750 1197 3812 rationem
1220 3749 1312 3812 medii
1334 3748 1373 3813 ad

271 3864 374 3941 finem,
400 3861 458 3926 sub
484 3861 542 3927 hoc
566 3866 707 3946 respectu
731 3861 844 3925 dicitur
867 3860 952 3923 utile.
1006 3860 1089 3944 Ergo
1112 3859 1265 3922 obiectum
1288 3868 1374 3922 actus

269 3973 359 4040 liberi
373 3983 420 4038 est
435 3973 552 4037 bouum
566 3972 651 4037 utile.
698 3971 782 4034 Utile
793 3980 893 4034 autam
904 3971 983 4034 idem
1000 3980 1046 4034 est
1061 3971 1143 4055 quod
1154 3972 1264 4048 utibile,
1281 3994 1299 4035 a
1314 3991 1374 4054 quo

273 4088 390 4152 dictum
404 4095 461 4165 est,
481 4094 511 4150 et
527 4085 560 4148 in
574 4086 642 4170 ipna
659 4100 714 4147 sua
732 4083 855 4147 notione
872 4092 1017 4146 connotat
1032 4083 1214 4161 libertatem,
1230 4082 1263 4145 in
1278 4104 1374 4167 quan·

272 4197 514 4280 tum-‚significat
534 4195 699 4259 carentiam
717 4194 905 4258 necessitatis
914 4218 924 4270 3
947 4193 1018 4278 quia
1035 4193 1137 4256 omnia
1160 4194 1284 4256 nomina
1306 4192 1375 4256 tulis

272 4308 448 4372 desinentiae
474 4309 639 4370 connotant
670 4305 838 4389 simplicem
864 4304 1039 4374 facultatem
1065 4305 1104 4367 ad
1130 4313 1241 4382 actum,
1272 4325 1374 4367 neces-
