3200 4975
265 341 309 405 28
575 362 617 405 un
634 362 838 408 anserinam
855 362 1054 408 arrarruam.
1238 344 1322 427 [cari
1339 363 1363 407 1.

261 524 321 589 nisi
330 526 485 589 secundam
496 526 575 610 quad
587 536 631 591 est
646 528 741 604 baias,
751 529 798 591 ael
808 528 897 606 illias,
910 536 945 591 ut
959 526 1032 592 alibi
1040 526 1176 611 loquitur
1186 526 1218 591 S.
1231 527 1363 592 Thomas

263 638 307 723 (p.
323 640 352 701 l.
365 660 395 723 q.
405 640 457 703 75.
471 660 497 701 a.
510 639 554 721 7),
571 639 671 702 notari
681 638 780 717 debet,
790 639 848 703 hoc
863 638 975 703 miram
985 661 1048 702 non
1058 661 1133 716 csse,
1143 660 1239 723 quum
1254 638 1363 704 albedo

260 749 300 814 sit
315 748 411 813 forma
426 748 629 828 accidentalis,
645 757 676 813 et
690 748 828 835 indigeat
842 772 908 815 ease
921 750 955 813 in
969 749 1115 823 subiecto,
1128 760 1158 814 ct
1173 750 1216 814 sic
1231 760 1363 835 nequeat

259 860 466 946 multiplicari,
489 860 549 925 nisi
572 861 816 946 multiplicentur
838 860 982 927 subiecta.
1027 861 1087 925 Sed
1105 861 1203 926 forma
1225 863 1363 946 angelica

259 982 306 1037 est
327 973 510 1053 substantia,
525 982 556 1038 et
572 996 634 1037 non
655 973 774 1058 indiget
789 973 926 1038 subiecto
940 973 980 1038 ad
1005 974 1053 1038 aui
1068 974 1363 1061 multiplicationem,

259 1084 313 1149 sed
324 1108 378 1171 per
389 1084 518 1170 seipsam
530 1084 757 1164 individuatur3
777 1085 864 1149 unde
875 1106 937 1149 non
948 1085 1028 1150 valet
1037 1086 1160 1170 paritas.
1204 1087 1362 1167 Attamen,

258 1197 331 1283 quia
345 1220 381 1261 ex
396 1196 495 1277 dictis,
512 1195 641 1281 angelus
654 1219 718 1261 non
733 1205 779 1262 eat
795 1218 890 1281 purus
905 1206 1002 1278 actua
1017 1196 1070 1261 sed
1085 1197 1199 1262 mixtus
1213 1201 1361 1283 potentia,

259 1331 422 1395 possumus
437 1310 528 1375 etiam
545 1310 653 1389 dicere,
666 1308 810 1393 angelum
826 1330 890 1373 non
904 1332 970 1374 esse
983 1332 1090 1394 puram
1106 1310 1236 1375 formam
1254 1312 1362 1395 (forma

258 1421 341 1486 enim
352 1430 398 1487 est
413 1422 446 1486 id
454 1443 516 1507 qno
531 1421 659 1505 angelus
670 1430 716 1485 eat
731 1420 764 1484 in
779 1424 862 1502 actu)
876 1420 930 1485 scd
944 1443 1010 1485 esse
1023 1421 1151 1485 formam
1167 1424 1361 1488 terminatam

258 1535 389 1600 termino
415 1534 585 1620 potentiali,
612 1532 744 1598 habente
768 1533 918 1598 rationem
947 1534 1092 1619 potentiae
1119 1535 1246 1620 passivae
1270 1536 1362 1602 intel·

258 1647 385 1728 lectivae,
403 1646 508 1711 eodem
531 1645 623 1709 modo
646 1668 707 1730 quo
729 1667 784 1710 ens
807 1645 962 1711 materiale
984 1646 1173 1731 primitivum
1193 1656 1241 1711 est
1262 1648 1360 1713 forma

257 1760 420 1825 terminata
435 1759 566 1822 termino
581 1757 751 1843 potentiali,
763 1757 897 1822 habente
910 1757 1060 1822 rationem
1074 1758 1218 1843 potentiae
1232 1761 1359 1845 recepti-

257 1894 302 1938 vae
316 1881 429 1951 motus,
439 1870 493 1956 qui
507 1870 620 1935 dicitur
635 1869 770 1934 materia.
815 1870 857 1933 Et
872 1869 916 1934 sic
929 1869 1047 1933 etiamsi
1062 1892 1168 1934 verum
1183 1878 1262 1935 esset
1276 1870 1359 1955 quod

257 1984 384 2049 materia
397 1992 443 2048 cst
454 1982 640 2068 principium
649 1982 910 2060 individnationis,
920 1982 1020 2046 adhuc
1029 1982 1061 2045 in
1071 1982 1188 2067 angelis
1197 1981 1360 2047 haberetur

257 2097 471 2182 multiplicatio
493 2096 574 2161 intra
594 2095 732 2159 eamdem
755 2095 897 2179 speciem,
914 2094 1083 2158 secundum
1103 2094 1136 2158 id
1159 2094 1241 2179 quod
1261 2095 1293 2158 in
1315 2096 1359 2159 eis

256 2209 349 2273 habet
364 2208 513 2272 rationem
527 2208 651 2271 termini
665 2205 851 2291 potentialis,
867 2205 907 2270 ad
922 2205 1124 2269 imitationem
1140 2206 1282 2270 materiae.

300 2321 404 2384 Potest
430 2319 610 2403 ergoDens
632 2340 731 2382 creare
754 2317 832 2380 duos
854 2316 980 2400 angelos
1003 2316 1129 2401 aequalis
1145 2317 1271 2381 omnino
1290 2340 1358 2402 per·

257 2433 396 2510 lectionis
410 2432 568 2512 naturalis,
584 2453 680 2516 quam
701 2429 811 2515 positio
827 2428 919 2494 unius
934 2452 997 2493 non
1013 2428 1053 2493 sit
1067 2429 1199 2494 exclusio
1213 2429 1358 2496 alterius:

256 2557 287 2611 et
306 2547 337 2610 in
362 2547 420 2611 hoc
442 2568 516 2610 casu
533 2544 688 2609 evidenter
708 2551 799 2607 erunt
820 2541 882 2605 duo
899 2540 1057 2605 individua
1081 2541 1217 2606 ciusdem
1238 2542 1377 2626 speciei.'

256 2661 298 2724 Et
317 2668 419 2745 potest
439 2680 539 2722 creare
554 2656 632 2720 duos
651 2655 777 2739 angelos
796 2654 955 2738 inaequalis
976 2636 1170 2738 perfectionis
1190 2653 1359 2721 naturalis:

256 2773 289 2836 in
304 2795 364 2857 quo
387 2793 459 2835 casu
473 2791 536 2833 non
551 2776 597 2832 est
612 2789 734 2831 necesse
749 2789 800 2830 eos
822 2788 888 2829 csse
903 2765 1027 2829 diversae
1044 2764 1163 2848 speciei,
1179 2787 1275 2849 quum
1293 2788 1359 2830 csse

255 2885 365 2949 clarius
388 2882 617 2958 intellectivam,
633 2888 663 2943 et
684 2901 750 2943 ease
771 2877 875 2941 minus
898 2877 977 2941 clarc
999 2875 1229 2954 intellectivam,
1242 2879 1358 2941 consti-

255 3007 344 3062 tnant
359 2997 458 3080 magis
469 3005 500 3059 et
514 2995 618 3085 minus¹
633 2993 714 3056 intra
723 2991 860 3055 eamdem
876 2989 1016 3074 speciem.
1061 2989 1182 3073 Species
1196 2989 1278 3053 enim
1293 3013 1357 3054 non

255 3109 427 3174 desumitur
441 3131 459 3171 a
481 3107 578 3170 forma
593 3106 626 3168 in
641 3113 791 3183 concreto,
808 3101 862 3166 sed
883 3125 902 3165 a
916 3099 1110 3179 formalitate,
1126 3101 1163 3164 de
1177 3123 1238 3185 qua
1252 3102 1358 3167 formae

254 3231 402 3286 concretae
416 3219 553 3283 eiusdem
567 3216 693 3282 rationis
707 3215 778 3300 plus
789 3215 926 3277 minusve
941 3212 1134 3296 participant,
1146 3221 1181 3276 nt
1197 3235 1290 3296 supra
1304 3237 1355 3278 cx-

254 3333 401 3418 pliaatum
417 3341 474 3396 eet·

297 3447 350 3507 26.
372 3443 485 3520 Obiicit
500 3441 559 3505 aibi
581 3440 693 3504 ibidem
711 3439 742 3501 S.
758 3437 901 3514 Thomas,
918 3434 1000 3519 quod
1022 3437 1118 3519 magis
1135 3444 1164 3500 et
1183 3439 1279 3502 mimis
1296 3462 1355 3502 aaa

253 3555 449 3640 diversificant
461 3555 593 3635 speciem.
641 3550 702 3613 Sed
714 3549 811 3632 anpeli
824 3570 883 3611 πππ
896 3548 1030 3610 ridentur
1039 3547 1159 3630 differre
1173 3549 1210 3611 ab
1221 3551 1353 3628 invicem,

252 3665 578 3747 nisisecaadammapis
592 3671 622 3725 at
635 3663 739 3739 raiaus,
749 3667 843 3743 prout
852 3659 963 3722 scilicet
976 3680 1051 3720 unus
1061 3659 1123 3722 ‘alio
1139 3668 1182 3722 est
1195 3662 1355 3743 simplicior

253 3790 282 3870 et
298 3779 523 3864 perspicacioris
548 3775 720 3839 intellectas.
764 3773 849 3854 Erpa
879 3769 976 3853 cupali
998 3792 1057 3832 πππ
1081 3770 1222 3854 diffamat
1249 3776 1353 3856 specie.

252 3892 294 3955 Et
315 3891 374 3954 hoc
396 3889 498 3974 ipsum
520 3896 566 3954 eat
589 3883 672 3970 quod
692 3906 757 3947 noa.
770 3882 928 3966 hucusque
951 3881 1094 3944 diximus.
1148 3884 1192 3945 At
1215 3883 1280 3968 ipae
1306 3908 1352 3948 re.

253 4002 400 4086 spondet:
423 3999 581 4075 dicendam,
593 3997 671 4080 quad
683 3996 778 4079 magis
789 4003 818 4057 et
827 3995 931 4071 minas,
943 3994 1096 4055 secundam
1107 3995 1187 4076 qaod
1195 4005 1354 4059 causantur

252 4137 290 4178 ea
304 4115 463 4177 intensione
477 4118 506 4174 at
519 4110 686 4172 remissicae
700 4108 786 4170 anius
794 4106 911 4199 fornia,
927 4127 985 4167 aaa
998 4105 1195 4188 diversificant
1208 4110 1351 4189 speciem:

252 4227 303 4289 scd
331 4223 486 4287 secandam
516 4220 594 4302 quad
613 4225 771 4282 causantur
787 4239 837 4278 aa
860 4216 970 4298 formis
991 4216 1167 4278 diversorum
1195 4219 1349 4300 paduam,

250 4338 293 4398 sia
319 4331 514 4415 diversificant
538 4331 680 4412 speciem.-
708 4329 833 4390 sirutsi
861 4327 989 4389 dicamas
1013 4327 1091 4408 quad
1117 4329 1193 4410 ipais
1216 4338 1260 4393 est
1279 4354 1350 4413 per.
