3200 4975
273 346 338 411 324
663 370 706 413 nn
722 368 975 413 sccrnurrrnua.
1232 346 1319 431 [car.
1337 364 1376 406 11.

274 536 402 600 minatio
416 535 454 600 ad
471 536 655 601 movendum
677 536 811 600 inveniat
831 535 1000 621 potentiam
1021 535 1214 618 receptivam,
1230 534 1376 618 adquam

273 650 472 727 terminatum
495 649 553 713 hoc
568 650 650 713 enim
665 657 711 714 est
726 670 850 713 causare
864 656 983 712 motum
995 648 1026 711 in
1039 648 1183 733 patiente,
1197 670 1251 710 seu
1265 645 1377 709 habere

274 759 423 825 actionem
438 760 589 825 movendi.
620 759 754 824 llvidem
765 768 868 825 autem
883 767 940 838 est,
952 757 1035 845 quod
1050 758 1208 823 terminari
1219 757 1258 822 ad
1269 766 1377 842 poten·
1441 836 1446 843 ι

273 871 348 936 tiam
368 873 548 956 receptivam
568 872 693 937 alterius
712 871 830 937 nullam
845 872 883 937 de
898 894 930 935 se
946 870 1020 936 dicit
1039 871 1242 934 mutationem
1264 869 1376 934 intrin-

273 1005 373 1048 secam
388 983 558 1048 absolutam
573 983 605 1048 in
618 993 728 1069 agente
736 1008 746 1062 3
769 1006 843 1048 nam
857 983 1031 1048 terminatio
1043 982 1082 1046 ad
1093 981 1176 1046 aliud
1187 991 1234 1046 est
1246 982 1379 1046 actuatic

273 1094 316 1157 rei
327 1094 511 1175 extrinsecae,
523 1103 554 1159 et
564 1096 739 1160 terminatio
749 1095 789 1159 ad
804 1094 1007 1159 extrinsecum
1022 1094 1132 1158 fundat
1146 1102 1267 1159 tantum
1283 1092 1377 1157 deuo-

274 1204 472 1271 minationem
503 1207 669 1272 relatiram.
714 1207 798 1291 Ergo
824 1206 1008 1271 elementum
1035 1205 1121 1270 nullo
1148 1206 1238 1271 modo
1265 1206 1376 1269 mutari

273 1324 375 1402 potest
404 1317 569 1382 intrinsece
594 1341 649 1403 per
675 1340 761 1382 suam
791 1318 944 1403 propriam
975 1318 1136 1382 actionem.
1181 1317 1223 1381 Et
1250 1318 1309 1382 hoc
1339 1318 1377 1381 de

273 1428 392 1493 actione
407 1437 597 1493 transeunte.
643 1429 692 1494 De
706 1439 777 1494 actu
793 1430 981 1493 immanente
995 1429 1157 1513 loquemur
1171 1430 1249 1494 infra
1264 1453 1296 1493 n.
1312 1433 1364 1495 39.

316 1543 370 1607 33.
397 1543 533 1607 Odiicies.
562 1542 705 1607 Potentia
728 1543 826 1607 activa
848 1564 912 1607 non
934 1542 1044 1607 transit
1070 1542 1108 1606 ab
1128 1552 1199 1607 actu
1217 1543 1317 1628 primo
1337 1541 1375 1605 ed

273 1652 440 1717 secundum
464 1653 525 1717 nisi
545 1654 764 1719 determinetur
783 1655 822 1719 ad
842 1664 943 1719 actum
968 1655 1146 1718 secundum.
1193 1655 1253 1719 Sed
1278 1655 1377 1719 deter-

272 1764 383 1829 minari
397 1764 437 1829 ad
451 1776 552 1829 actum
568 1765 736 1829 secundum
751 1774 798 1830 est
814 1766 927 1830 mutari
941 1766 1113 1830 intrinsece.
1159 1766 1252 1850 Ergo.

315 1876 498 1960 Respondeo
512 1879 580 1940 diat.
596 1878 645 1942 M.
660 1877 720 1940 nisi
739 1878 960 1942 determinetur
979 1878 1151 1963 recipiendo
1166 1876 1198 1941 in
1214 1902 1246 1942 se
1261 1878 1374 1963 aliquid

271 2009 336 2071 nep.
353 1988 397 2049 M
396 2036 414 2066 .,
423 1987 482 2051 nisi
498 1987 727 2067 determinetur,
744 1988 777 2052 id
792 1998 839 2053 est
854 1988 914 2052 nisi
929 1989 993 2053 eius
1008 1988 1105 2052 virtus
1121 1990 1255 2054 inveniat
1270 1990 1374 2054 termi-

271 2121 346 2162 num
362 2098 396 2161 in
411 2120 472 2184 quo
486 2105 626 2163 actuetur
641 2123 720 2164 conc.
737 2101 786 2164 M.
798 2109 830 2164 et
845 2101 913 2164 dict.
929 2102 997 2164 mia.
1014 2108 1060 2163 est
1076 2101 1188 2164 mutari
1202 2101 1375 2179 intrinsece,

270 2210 296 2274 si
311 2208 387 2295 quid
401 2210 563 2295 recipiatur
576 2234 654 2275 coac.
666 2213 747 2289 mic,
760 2212 786 2275 si
800 2211 879 2275 nihil
893 2210 1055 2297 recipiatur
1070 2211 1102 2274 in
1117 2213 1255 2297 potentia
1269 2214 1375 2291 activa,

272 2320 325 2384 sed
339 2328 462 2385 tantum
477 2320 511 2385 in
526 2322 657 2386 termino
672 2346 702 2387 n.
718 2325 788 2388 min.
804 2332 835 2387 et
850 2346 879 2387 a.
897 2346 974 2388 cons.
1019 2323 1162 2387 Potentia
1179 2323 1275 2387 actim
1290 2323 1376 2386 nullo

271 2431 363 2498 modo
376 2432 496 2518 indiget
512 2433 706 2500 determinari
721 2434 822 2521 quoad
838 2458 870 2500 se
884 2435 923 2501 ad
941 2443 1043 2500 actum
1067 2434 1245 2516 secundum,
1267 2458 1374 2521 quum,

270 2566 306 2607 eo
324 2545 390 2629 ipso
410 2545 492 2631 quod
515 2554 563 2610 est
586 2546 692 2625 activa,
718 2547 757 2611 sit
780 2555 852 2612 actu
875 2547 1075 2613 determinata
1098 2570 1134 2611 ex
1154 2557 1240 2632 parte
1260 2571 1315 2612 sua
1336 2548 1376 2612 ad

269 2655 424 2741 agendum
450 2657 482 2721 in
508 2665 579 2722 actu
603 2658 746 2722 secundo.
792 2659 844 2722 Sic
873 2658 948 2744 quid
977 2657 1061 2722 aliud
1084 2666 1130 2722 est
1155 2681 1181 2722 r.
1207 2681 1254 2742 gr.
1278 2659 1375 2722 forma

270 2769 433 2833 materialis
459 2769 492 2833 in
516 2770 676 2848 elemento,
701 2770 760 2833 nisi
784 2776 872 2834 actus
894 2769 1058 2834 intrinsece
1078 2778 1108 2834 et
1131 2792 1167 2833 ex
1187 2779 1296 2834 natura
1319 2793 1374 2834 sua

269 2877 489 2943 determinatus
515 2879 554 2943 ad
583 2879 767 2945 movendum
797 2878 934 2945 localiter
957 2880 1015 2944 alia
1036 2903 1055 2944 a
1079 2880 1135 2945 sel
1180 2880 1267 2944 Nihil
1291 2882 1373 2945 enim

268 2990 352 3055 aliud
373 2992 492 3076 concipi
512 3000 614 3077 potest
636 2992 668 3055 in
690 2992 788 3055 forma
811 2991 963 3070 elementi,
984 2992 1056 3056 etsi
1075 2991 1140 3056 haec
1162 2992 1374 3057 determinatio

268 3103 404 3183 tollatur,
426 3103 505 3167 nihil
527 3103 636 3188 reliqui
658 3113 715 3182 est,
736 3102 820 3188 quod
840 3102 936 3187 accipi
949 3103 1047 3187 possit
1060 3126 1116 3188 pro
1130 3104 1243 3168 virtute
1258 3106 1372 3170 activa:

269 3215 366 3279 virtus
394 3216 476 3279 enirn
505 3215 612 3294 activa,
641 3215 712 3279 licet
740 3215 838 3300 possit
868 3214 985 3299 concipi
1009 3215 1042 3277 in
1066 3225 1149 3279 statu
1172 3218 1226 3280 otii
1250 3227 1374 3302 propter

269 3326 420 3390 defectum
444 3327 567 3390 termini
587 3327 619 3390 in
640 3348 701 3412 quo
716 3335 899 3406 exerceatur,
914 3348 978 3390 non
993 3334 1094 3410 potest
1109 3328 1227 3413 concipi
1242 3329 1274 3391 in
1291 3338 1373 3394 statu

268 3438 324 3502 otii
346 3461 382 3502 ex
403 3448 490 3522 parte
512 3439 569 3518 sui,
593 3461 690 3525 quum
719 3438 778 3502 hoc
809 3446 960 3524 repugnet
981 3439 1040 3523 ipsi
1070 3441 1230 3525 conceptui
1252 3440 1373 3506 virtutis

269 3549 383 3628 activae,
399 3559 527 3634 quaeest
542 3559 628 3614 actus
647 3551 775 3635 primus.
822 3550 994 3613 Praesertim
1018 3549 1110 3634 quod,
1134 3551 1159 3613 si
1183 3562 1374 3636 supponatur

269 3661 366 3725 virtus
396 3661 493 3725 activa
521 3661 659 3745 indigere
687 3661 790 3745 aliqua
824 3661 1076 3725 determinatione
1105 3661 1143 3725 ab
1173 3662 1290 3728 obiecto
1320 3689 1373 3729 seu

270 3775 412 3854 termino,
428 3774 474 3838 vel
490 3773 622 3852 aliunde,
638 3772 724 3837 nullo
740 3773 831 3837 modo
846 3775 956 3858 poterit
975 3773 1186 3838 determinatio
1201 3775 1265 3840 haec
1280 3778 1373 3863 expli·

269 3886 340 3950 cari.
386 3887 468 3951 Nam
490 3885 568 3949 actio
589 3885 795 3949 determinans
812 3907 876 3950 non
891 3894 937 3950 est
952 3885 1134 3971 receptibilis
1150 3887 1208 3950 nisi
1223 3888 1256 3951 in
1271 3888 1373 3974 aliqua

268 4000 406 4082 potentia
420 3997 548 4083 passiva,
561 4006 595 4061 ut
607 4004 710 4081 patet:
733 3997 818 4081 atqui
834 3998 971 4081 potentia
987 3997 1082 4062 activa
1097 4020 1158 4062 non
1175 4009 1221 4062 est
1236 4001 1373 4085 potentia

268 4109 395 4192 passiva,
419 4116 455 4172 ut
477 4119 568 4172 etiam
591 4117 694 4192 patet;
717 4129 790 4192 ergo
805 4108 901 4172 virtus
923 4109 1019 4173 activa
1039 4132 1101 4173 non
1117 4110 1210 4173 estin
1227 4111 1372 4177 redeter·

268 4219 432 4285 minabilis.
477 4219 703 4284 Determinatio
727 4220 822 4302 igitur
845 4220 883 4283 ad
908 4220 1060 4304 agendum
1085 4221 1118 4284 in
1142 4230 1212 4284 actu
1239 4224 1372 4288 secundo

268 4352 330 4396 non
346 4341 392 4394 est
407 4330 521 4415 aliquid
543 4331 757 4413 superveniens
780 4332 924 4414 potentiae
945 4333 1057 4412 activae,
1074 4332 1127 4396 sed
1142 4341 1188 4396 est
1204 4335 1372 4418 proprietas
