3200 4975
219 390 288 433 exe.
305 370 375 454 111.]
614 394 656 435 nn
673 395 924 439 Accinnurmus.
1254 378 1318 443 373

209 575 272 617 non
297 562 400 619 tamen
424 577 478 639 pcr
504 564 617 639 puncta
641 557 807 620 materialia
837 558 1034 621 constituitur
1063 557 1235 636 intrinsece,
1259 579 1315 622 nee

209 665 355 729 constitui
376 674 487 750 potest,
503 675 538 730 ut
553 666 625 730 alibi
648 677 804 732 ostensum
821 678 877 749 est,
894 668 947 732 sed
962 667 1111 732 fundatur
1132 668 1165 731 in
1180 669 1314 733 realitate

209 776 301 860 spatii
322 777 504 855 intermedii,
521 800 573 841 seu
596 778 629 841 in
644 778 845 864 possibilitate
867 778 940 843 reali
953 786 1074 843 motus:
1098 778 1227 843 undeet
1248 780 1314 863 ipsa

209 887 364 970 quantitas
387 890 538 953 extensive
558 891 711 953 reundum
727 892 807 973 quod
819 898 862 953 est
885 892 1032 953 extenuas
1047 897 1093 953 est
1115 896 1236 953 tantum
1253 890 1312 973 vir-

208 997 332 1062 tualiter
349 1005 483 1079 extensa,
505 1007 535 1062 et
554 998 721 1063 formaliter
744 998 937 1063 extendibilis
960 1007 1047 1063 motu
1071 999 1234 1064 continuo:
1259 999 1313 1063 sed

206 1110 362 1173 semotum
384 1110 463 1193 qaod
474 1118 517 1175 est
531 1112 618 1175 buius
636 1112 847 1193 mayaitudiais
861 1119 907 1175 est
929 1110 1097 1175 formaliter
1112 1110 1312 1195 determinata

206 1220 345 1284 terminis
370 1220 491 1285 realiter
515 1221 724 1285 existentibus.
780 1222 831 1286 Ad
862 1221 1000 1286 vitandas
1030 1230 1132 1285 autem
1162 1219 1308 1306 quasdam

205 1331 409 1409 difficultates,
439 1331 577 1416 explicite
609 1332 837 1397 admonendum
872 1342 929 1412 est,
959 1332 1165 1397 extensionem
1199 1331 1309 1394 realem

204 1443 402 1527 primitivam,
417 1443 511 1507 idest
525 1442 679 1523 linearem,
696 1444 816 1509 definiri
836 1445 1008 1509 distantium
1022 1444 1128 1507 realem
1142 1451 1175 1506 ut
1190 1443 1310 1506 realiter

205 1555 423 1619 mumaabilem
439 1576 497 1638 per
510 1563 637 1633 emtum,
660 1562 695 1618 ut
717 1564 836 1620 constat
859 1578 895 1619 ex
917 1555 989 1619 alibi
1005 1553 1238 1618 demonstratis:
1263 1552 1309 1615 di-

205 1665 317 1729 stantia
338 1664 427 1730 realis
449 1673 484 1728 ut
506 1666 550 1730 sic
572 1666 644 1730 dicit
667 1666 835 1750 simplicem
859 1666 1046 1745 relationem,
1063 1664 1116 1728 sed
1133 1664 1198 1728 eius
1220 1686 1307 1727 men-

205 1775 376 1839 surabilitas
401 1798 456 1860 per
484 1784 602 1839 motum
628 1776 751 1840 maioris
780 1776 828 1840 vel
857 1776 983 1840 minoris
1010 1774 1194 1839 extensionis
1220 1774 1306 1837 affert

203 1886 450 1951 connotationem
480 1887 660 1972 quantitatis
689 1896 720 1951 et
750 1887 873 1971 quidem
904 1887 1068 1965 continua,
1094 1893 1125 1950 et
1154 1893 1200 1948 est
1229 1884 1306 1947 ratio

204 2007 328 2083 propter
345 2020 436 2082 quam
452 1997 597 2062 distantia
619 1998 785 2083 accipiatur
800 2007 835 2063 ut
851 2000 1015 2083 quantitas.
1062 1996 1181 2061 Scimus
1203 2003 1305 2059 autem

204 2110 406 2194 quantitatem
432 2109 615 2174 extensivam
642 2133 707 2174 esse
729 2109 776 2174 vel
802 2110 956 2187 linearem,
979 2109 1026 2173 vel
1056 2106 1234 2192 superficiei,
1257 2106 1304 2171 vel

202 2222 376 2300 voluminis,
391 2231 482 2307 prout
505 2222 637 2307 spatium
659 2223 855 2306 percurribile
877 2222 1048 2306 concipitur
1069 2218 1264 2284 determinari
1287 2242 1304 2281 a

201 2332 335 2416 punctis,
364 2355 382 2396 a
409 2331 507 2412 lineis,
537 2331 584 2396 vel
613 2355 631 2396 a
660 2332 894 2417 superficiebus:
924 2332 1104 2418 praedioatur
1127 2352 1197 2393 vero
1227 2331 1302 2393 acci-

200 2443 354 2509 dentaliter
361 2444 400 2508 de
414 2444 481 2509 loco
496 2443 629 2528 corporis
644 2444 779 2529 specifice
795 2443 987 2522 considerati,
999 2465 1061 2507 non
1077 2450 1180 2506 autem
1196 2440 1302 2526 singu·

198 2555 269 2620 laris
283 2564 314 2620 et
329 2579 457 2621 numero
471 2556 573 2635 huius,
589 2557 673 2619 iuxta
688 2557 827 2640 superius
842 2555 934 2619 dieta.

242 2665 344 2729 Tertio
367 2666 523 2750 quantitas
546 2667 689 2728 intensiva
711 2664 881 2728 excluditur
906 2687 923 2728 a
945 2664 1188 2749 praedicamento,
1205 2684 1300 2747 quum

198 2775 247 2839 vel
270 2797 333 2838 non
363 2775 403 2839 sit
432 2775 578 2852 accidens,
602 2774 650 2838 vel
676 2796 738 2838 non
769 2779 809 2838 sit
832 2774 947 2859 aliquid
977 2773 1171 2858 completum.
1217 2772 1300 2835 Nam

199 2887 369 2965 intensitas,
385 2895 420 2950 ut
444 2896 490 2951 est
512 2885 627 2971 aliquid
651 2885 840 2965 snbstantiae,
857 2908 917 2949 non
940 2897 987 2949 est
1009 2884 1157 2963 accidens,
1181 2890 1216 2947 ut
1238 2883 1298 2947 iam

200 2997 316 3061 dictum
340 3007 396 3077 est,
418 2997 471 3061 sed
493 2996 606 3080 gradus
628 2997 694 3082 ipse
715 2997 908 3081 perfeetionis
935 2995 1152 3075 substantialis,
1174 3005 1205 3059 et
1227 3017 1297 3059 oon·

198 3109 314 3174 tinetur
343 3109 488 3194 implicite
524 3109 558 3173 in
587 3108 821 3192 praedicamento
857 3107 1053 3172 substantiae:
1087 3116 1123 3171 ut
1152 3129 1222 3170 vero
1251 3116 1297 3171 est

197 3220 311 3305 gradus
340 3221 467 3284 actionis
492 3219 539 3283 vel
561 3219 710 3304 passionis
733 3218 937 3296 accidentalis,
960 3218 1119 3282 coustituit
1144 3217 1225 3301 ipsas
1248 3240 1296 3281 ac-

196 3329 289 3395 tionis
312 3339 342 3395 et
366 3329 514 3414 passionis
538 3330 749 3394 intersitates:
773 3338 804 3393 et
834 3337 1053 3414 consequenter
1075 3327 1235 3392 imbibitur
1263 3329 1295 3391 in

194 3443 330 3526 ipsarum
356 3442 492 3520 entitate,
513 3449 544 3504 et
566 3441 646 3505 cadit
669 3440 727 3504 sub
752 3441 987 3524 praedicamento
1016 3439 1143 3504 aetionis
1168 3448 1199 3503 et
1225 3461 1293 3524 pas-

194 3552 298 3632 sionis,
314 3575 382 3637 quae
396 3552 457 3616 duo
480 3551 593 3615 variata
614 3552 749 3636 ipsarum
770 3551 947 3615 intensitate
968 3559 1128 3615 mutantur
1149 3552 1293 3617 essentia-

192 3663 270 3730 liter.
328 3663 429 3739 Quare
451 3663 484 3726 in
508 3662 742 3747 praedicamento
766 3661 947 3747 quantitatis
970 3683 1032 3724 non
1063 3672 1190 3746 possunt
1220 3664 1294 3746 poni

192 3774 252 3838 nisi
267 3776 420 3857 quantitas
438 3774 590 3838 extensive
608 3797 663 3838 seu
683 3777 830 3852 continua,
846 3782 877 3836 et
898 3773 1052 3857 quantitas
1074 3772 1291 3852 multitudinis,

192 3907 246 3948 seu
260 3884 394 3948 discreto.
1283 3946 1287 3960 ,

235 3997 286 4061 70.
311 3993 465 4071 Quaeritur
480 4003 597 4079 quarto,
613 4003 711 4059 utrum
726 4003 821 4060 motus
836 4001 865 4058 et
879 4003 992 4078 tempus
1005 3996 1065 4058 siat
1077 3996 1185 4078 pectes
1199 4017 1290 4078 quen-

191 4107 287 4169 titatis
294 4104 568 4188 fflaedmameatalis.

234 4215 416 4300 Respondeo
438 4215 588 4299 negative.
633 4213 723 4278 Ratio
745 4223 802 4294 est,
826 4217 897 4300 quia
919 4224 1021 4280 motus
1043 4238 1210 4301 numquam
1233 4225 1289 4296 est,

192 4325 246 4390 sed
270 4350 388 4411 semper
409 4328 454 4406 fit,
473 4335 504 4391 et
530 4335 652 4411 tempus
676 4326 833 4392 similiter:
859 4326 940 4391 unde
965 4326 1050 4392 nulla
1076 4335 1122 4390 est
1145 4348 1290 4412 umquam
