3200 4975
211 396 280 439 car.
298 374 353 458 11.]
603 395 646 437 na
661 396 914 440 accrnnrvrrnus.
1251 378 1316 440 329

210 562 281 627 talis
299 560 477 625 substantia
496 561 630 646 exigitur
644 584 727 646 nepo,
742 562 913 626 secundum
931 562 1047 647 aliquid
1069 561 1152 647 quod
1166 570 1212 626 est
1232 570 1316 626 extra

211 675 360 739 rationem
386 673 456 737 talis
485 673 665 738 substantia
695 696 774 738 coac.
835 674 917 739 Nam
947 672 1047 738 omnis
1077 696 1154 739 nova
1183 673 1316 737 aetuatio

213 785 357 870 potentiae
370 784 497 870 passivae
512 785 658 869 supponit
676 785 756 849 hanc
771 785 941 869 potentiam
959 785 1058 869 primo
1078 794 1231 849 actuatam
1246 792 1317 849 actu

213 896 418 975 substantiali,
439 905 471 960 et
493 918 556 960 non
573 897 718 960 immutat
741 894 824 961 illius
841 896 1055 962 habitudinem
1081 894 1121 960 ad
1140 896 1242 981 ipsum
1253 922 1263 975 ;
1286 904 1317 960 et

213 1011 256 1074 sic
276 1009 381 1073 relatio
395 1017 482 1073 actus
504 1008 714 1073 substantialis
728 1008 768 1072 ad
789 1030 877 1072 suam
892 1008 1062 1093 potentiam
1077 1018 1181 1072 manet
1200 1006 1316 1087 eadem,

212 1122 282 1186 licet
302 1122 439 1206 potentia
453 1120 590 1206 acquirat
604 1142 718 1184 novum
738 1120 866 1184 modum
881 1119 1003 1183 essendi
1016 1118 1109 1183 relate
1131 1117 1169 1182 ad
1184 1118 1318 1204 aliquam

213 1256 345 1313 mnsam,
362 1257 380 1297 a
394 1256 455 1318 qua
470 1233 605 1297 secundo
619 1240 770 1296 actuatur.
816 1232 861 1296 Ut
882 1240 985 1295 autem
1001 1231 1102 1316 passio
1116 1239 1249 1295 mutaret
1264 1254 1318 1295 ens

214 1344 465 1424 substantialiter,
481 1352 636 1429 oporteret
656 1343 692 1407 ut
706 1366 762 1429 per
775 1366 844 1407 eam
866 1343 1005 1427 potentia
1019 1343 1138 1428 passiva
1152 1343 1319 1427 acquireret

213 1481 327 1522 novum
357 1457 484 1522 modum
513 1455 633 1520 essendi
662 1456 756 1519 relate
784 1454 824 1518 ad
853 1463 956 1519 actum
985 1452 1228 1533 substantialem,
1258 1476 1319 1539 quo

214 1578 365 1633 actuatur.
411 1568 480 1632 Hoc
495 1576 598 1631 autem
614 1575 660 1630 est
681 1566 878 1650 impossibile,
895 1566 967 1650 quia
981 1589 1018 1630 ex
1038 1565 1158 1630 duobus
1173 1565 1221 1629 his
1235 1566 1320 1649 prin·

215 1679 303 1764 cipiis
317 1701 381 1743 non
394 1678 522 1742 resultat
540 1677 601 1741 nisi
616 1700 713 1741 unum
732 1699 797 1757 ens,
813 1677 897 1762 quod
912 1677 1019 1762 nequit
1033 1700 1052 1741 a
1067 1676 1166 1761 seipso
1189 1677 1317 1742 differre.

215 1792 267 1856 Sic
283 1791 355 1855 dum
378 1790 564 1855 elementum
579 1789 688 1873 recipit
707 1788 858 1853 actionem
878 1790 1037 1868 moventis,
1052 1812 1115 1853 non
1134 1798 1273 1854 movetur
1287 1790 1320 1853 in

215 1900 342 1968 materia
363 1902 531 1967 secundum
547 1900 630 1986 quod
649 1900 817 1985 opponitur
832 1900 948 1979 forma,
965 1902 1017 1965 sed
1038 1901 1204 1965 secundum
1224 1910 1319 1966 matc-

214 2018 291 2081 riam
307 2024 342 2079 ut
359 2024 430 2079 actu
449 2014 555 2078 lormae
576 2013 768 2091 existentem,
784 2014 828 2076 ita
848 2021 883 2076 nt
900 2012 933 2075 in
956 2020 1021 2077 toto
1036 2020 1124 2076 motu
1145 2012 1272 2077 materia
1289 2022 1320 2076 et

215 2127 314 2191 forma
324 2124 540 2190 invariabiliter
549 2147 581 2187 se
592 2123 725 2188 babeant
736 2123 775 2187 ad
786 2123 927 2203 invicem,
937 2124 1011 2187 dum
1027 2133 1150 2188 mutant
1160 2124 1320 2188 relationes

215 2238 326 2303 locales
340 2238 379 2301 ad
393 2237 459 2301 alia.

260 2352 313 2413 38.
338 2348 492 2425 Quaeritur
506 2357 625 2433 quarto,
641 2349 781 2432 qvoowdo
804 2350 1000 2413 corstituctur
1021 2347 1216 2430 metaphysica
1238 2355 1321 2410 octus

215 2461 355 2526 secundus
369 2460 566 2526 decimalis.

260 2574 453 2658 Respondeo,
462 2571 608 2636 constitui
619 2570 764 2635 relatione
773 2570 1031 2636 transcendentali
1039 2570 1170 2635 habente
1181 2572 1321 2634 esseutia-

217 2689 273 2749 lem
287 2684 517 2748 similitudinem
534 2707 605 2746 cum
621 2706 656 2746 ea
670 2706 732 2769 qua
746 2684 978 2747 constituuntur
994 2681 1182 2746 substancia.
1229 2681 1322 2758 Quod

218 2796 376 2861 declarabo
389 2818 445 2879 per
455 2794 639 2878 exemplum.
685 2795 755 2858 Sint
764 2794 827 2858 duo
837 2794 987 2858 elementa
998 2792 1182 2857 materialia:
1197 2791 1322 2857 habebi·

218 2931 288 2971 mus
303 2907 363 2971 duo
378 2906 528 2992 principia
542 2905 639 2970 activa
649 2914 680 2971 et
695 2906 758 2970 duo
772 2906 901 2990 passiva,
913 2928 981 2991 quae
996 2905 1099 2969 statim
1115 2926 1150 2968 ac
1164 2912 1322 2989 ponuntur

219 3023 251 3084 in
277 3021 383 3084 eodem
410 3019 526 3103 quondo
552 3025 583 3082 et
608 3016 642 3080 in
667 3017 813 3083 distincto
836 3019 887 3081 ubi
910 3018 1038 3102 ponitur
1061 3016 1139 3081 actio
1162 3015 1322 3100 utriusque

219 3132 336 3195 habens
358 3130 440 3194 idem
467 3130 581 3213 quando
606 3138 638 3193 et
661 3129 761 3214 passio
785 3129 947 3214 utriusque
971 3128 1005 3193 in
1031 3127 1176 3192 distincto
1200 3129 1260 3206 ubi,
1286 3135 1323 3191 ut

218 3252 339 3308 constat
368 3266 405 3306 ex
433 3241 524 3306 dictis
553 3263 654 3326 supra.
714 3241 825 3326 Itaque
855 3240 1067 3305 determinatio
1092 3239 1259 3304 necessaria
1283 3239 1323 3303 ad

219 3353 383 3439 agendum,
400 3374 468 3437 quae
485 3359 532 3414 est
546 3352 579 3414 in
593 3351 704 3436 primo,
720 3351 936 3415 terminabitur
951 3360 1034 3414 extra
1054 3373 1086 3414 se
1100 3350 1140 3414 ad
1153 3351 1322 3434 potentiam

218 3466 369 3551 passivam
400 3462 526 3528 secundi
551 3463 584 3526 in
614 3462 680 3526 eius
709 3464 769 3541 ati,
793 3471 825 3527 et
851 3461 1065 3525 determinatio
1093 3462 1261 3526 necessaria
1284 3462 1323 3526 ad

219 3577 467 3663 agendumque
488 3582 535 3639 est
549 3575 583 3638 in
606 3575 750 3653 secundo,
765 3573 983 3638 terminabitur
999 3582 1084 3636 extra
1103 3597 1135 3638 se
1156 3574 1196 3638 ad
1214 3583 1322 3658 poten·

220 3690 294 3754 tiam
310 3688 461 3773 passivam
481 3687 573 3771 primi
587 3687 620 3750 in
634 3688 700 3750 eius
715 3688 775 3750 abi.
820 3686 879 3749 Per
900 3685 957 3749 hoc
975 3693 1076 3748 autem
1098 3692 1184 3749 actus
1205 3686 1323 3770 primus

218 3801 378 3886 utriusque
399 3801 452 3864 fiet
474 3809 560 3862 actus
583 3799 745 3877 secundas,
760 3796 984 3882 potentialitate
1006 3797 1125 3881 passiva
1145 3797 1237 3860 unius
1263 3808 1324 3861 ter-

219 3914 357 3977 minante
379 3922 481 3976 actum
504 3911 638 3996 primum
661 3909 796 3976 alterius.
843 3909 905 3985 Qui
926 3909 1035 3974 modus
1055 3909 1218 3974 exhibendi
1240 3922 1324 3973 tran-

221 4025 314 4088 situm
334 4022 372 4087 ab
388 4032 459 4086 actu
479 4021 578 4105 primo
600 4020 638 4084 ad
661 4019 829 4084 secundum
852 4031 914 4083 tam
938 4020 1083 4104 potentiae
1102 4021 1216 4099 activae,
1231 4044 1323 4101 quam

220 4135 355 4218 passivae,
364 4154 427 4196 non
440 4130 538 4195 solum
555 4139 602 4194 est
616 4130 750 4208 evidens,
762 4131 816 4195 sed
830 4131 923 4194 etiam
932 4129 1019 4194 valde
1034 4130 1188 4211 notabilis,
1200 4142 1325 4217 propter

221 4244 411 4308 essentialem
434 4240 665 4306 similitudinem
688 4264 782 4326 qnam
808 4240 942 4305 ostendit
966 4242 1093 4306 existere
1118 4243 1198 4306 inter
1220 4254 1323 4308 actum

221 4356 436 4446 accidentalem
454 4363 485 4418 et
500 4353 731 4418 substantialem
754 4353 873 4437 agentis
888 4364 918 4417 et
940 4353 1094 4437 patientis.
1142 4352 1227 4418 Sicut
1242 4356 1324 4419 enim
