<?xml version="1.0" encoding="UTF-8"?>
<!DOCTYPE html PUBLIC "-//W3C//DTD XHTML 1.0 Transitional//EN"
    "http://www.w3.org/TR/xhtml1/DTD/xhtml1-transitional.dtd">
<html xmlns="http://www.w3.org/1999/xhtml" xml:lang="en" lang="en">
 <head>
  <title>
</title>
<meta http-equiv="Content-Type" content="text/html;charset=utf-8" />
  <meta name='ocr-system' content='tesseract 3.04.00' />
  <meta name='ocr-capabilities' content='ocr_page ocr_carea ocr_par ocr_line ocrx_word'/>
</head>
<body>
  <div class='ocr_page' id='page_1' title='image "./realisphilosoph02baymgoog_0392.png"; bbox 0 0 3200 4975; ppageno 0'>
   <div class='ocr_carea' id='block_1_1' title="bbox 281 362 1388 445">
    <p class='ocr_par' dir='ltr' id='par_1_1' title="bbox 281 362 1388 445">
     <span class='ocr_line' id='line_1_1' title="bbox 281 362 1388 445; baseline -0.003 -15"><span class='ocrx_word' id='word_1_1' title='bbox 281 367 345 431; x_wconf 85' lang='grc'>378</span> <span class='ocrx_word' id='word_1_2' title='bbox 673 382 716 426; x_wconf 84' lang='lat' dir='ltr'>nn</span> <span class='ocrx_word' id='word_1_3' title='bbox 732 368 991 427; x_wconf 72' lang='lat' dir='ltr'>recrearemur.¹</span> <span class='ocrx_word' id='word_1_4' title='bbox 1224 362 1312 445; x_wconf 75' lang='lat' dir='ltr'>[car.</span> <span class='ocrx_word' id='word_1_5' title='bbox 1329 382 1388 427; x_wconf 78' lang='grc' dir='ltr'><strong>ιιι.</strong></span> 
     </span>
    </p>
   </div>
   <div class='ocr_carea' id='block_1_2' title="bbox 279 546 1392 2524">
    <p class='ocr_par' dir='ltr' id='par_1_2' title="bbox 279 546 1392 2524">
     <span class='ocr_line' id='line_1_2' title="bbox 280 546 1387 635; baseline -0.005 -20"><span class='ocrx_word' id='word_1_6' title='bbox 280 558 311 615; x_wconf 89' lang='lat' dir='ltr'>ct</span> <span class='ocrx_word' id='word_1_7' title='bbox 325 550 396 615; x_wconf 89' lang='lat' dir='ltr'>ideo</span> <span class='ocrx_word' id='word_1_8' title='bbox 410 558 529 635; x_wconf 83' lang='lat' dir='ltr'>aparte</span> <span class='ocrx_word' id='word_1_9' title='bbox 543 549 587 613; x_wconf 87' lang='lat' dir='ltr'>rei</span> <span class='ocrx_word' id='word_1_10' title='bbox 602 549 635 612; x_wconf 93' lang='lat' dir='ltr'>in</span> <span class='ocrx_word' id='word_1_11' title='bbox 650 569 779 613; x_wconf 89' lang='lat' dir='ltr'>numero</span> <span class='ocrx_word' id='word_1_12' title='bbox 794 547 899 613; x_wconf 88' lang='lat' dir='ltr'>decem</span> <span class='ocrx_word' id='word_1_13' title='bbox 923 547 1083 611; x_wconf 89' lang='lat' dir='ltr'>hominum</span> <span class='ocrx_word' id='word_1_14' title='bbox 1100 546 1206 610; x_wconf 77' lang='lat' dir='ltr'>nullus</span> <span class='ocrx_word' id='word_1_15' title='bbox 1228 555 1275 610; x_wconf 83' lang='lat' dir='ltr'>eat</span> <span class='ocrx_word' id='word_1_16' title='bbox 1292 546 1387 610; x_wconf 92' lang='lat' dir='ltr'>homo</span> 
     </span>
     <span class='ocr_line' id='line_1_3' title="bbox 281 656 1386 745; baseline -0.005 -19"><span class='ocrx_word' id='word_1_17' title='bbox 281 660 554 745; x_wconf 60' lang='lat' dir='ltr'>determinatam</span> <span class='ocrx_word' id='word_1_18' title='bbox 568 660 665 745; x_wconf 81' lang='lat' dir='ltr'>poaeit</span> <span class='ocrx_word' id='word_1_19' title='bbox 677 658 748 724; x_wconf 85' lang='lat' dir='ltr'>dare</span> <span class='ocrx_word' id='word_1_20' title='bbox 759 659 890 743; x_wconf 75' lang='lat' dir='ltr'>speciem</span> <span class='ocrx_word' id='word_1_21' title='bbox 902 679 1039 723; x_wconf 90' lang='lat' dir='ltr'>numero.</span> <span class='ocrx_word' id='word_1_22' title='bbox 1085 661 1129 721; x_wconf 84' lang='lat'>4⁰.</span> <span class='ocrx_word' id='word_1_23' title='bbox 1153 656 1272 721; x_wconf 89' lang='lat' dir='ltr'>Ultima</span> <span class='ocrx_word' id='word_1_24' title='bbox 1282 657 1386 721; x_wconf 81' lang='lat' dir='ltr'>unitae</span> 
     </span>
     <span class='ocr_line' id='line_1_4' title="bbox 280 767 1387 856; baseline -0.005 -19"><span class='ocrx_word' id='word_1_25' title='bbox 280 772 420 837; x_wconf 90' lang='lat' dir='ltr'>inomni</span> <span class='ocrx_word' id='word_1_26' title='bbox 440 793 569 836; x_wconf 86' lang='lat' dir='ltr'>numero</span> <span class='ocrx_word' id='word_1_27' title='bbox 591 793 712 856; x_wconf 76' lang='lat' dir='ltr'>semper</span> <span class='ocrx_word' id='word_1_28' title='bbox 732 779 780 835; x_wconf 82' lang='lat' dir='ltr'>eat</span> <span class='ocrx_word' id='word_1_29' title='bbox 802 769 939 835; x_wconf 80' lang='lat' dir='ltr'>eiusdem</span> <span class='ocrx_word' id='word_1_30' title='bbox 961 767 1088 833; x_wconf 83' lang='lat' dir='ltr'>rationis</span> <span class='ocrx_word' id='word_1_31' title='bbox 1110 776 1178 833; x_wconf 90' lang='lat' dir='ltr'>tum</span> <span class='ocrx_word' id='word_1_32' title='bbox 1196 767 1298 853; x_wconf 91' lang='lat' dir='ltr'>quoad</span> <span class='ocrx_word' id='word_1_33' title='bbox 1319 790 1387 831; x_wconf 82' lang='lat' dir='ltr'>ease</span> 
     </span>
     <span class='ocr_line' id='line_1_5' title="bbox 279 878 1386 969; baseline -0.006 -21"><span class='ocrx_word' id='word_1_34' title='bbox 279 884 398 967; x_wconf 73' lang='lat' dir='ltr'>adinroe,</span> <span class='ocrx_word' id='word_1_35' title='bbox 412 891 481 948; x_wconf 90' lang='lat' dir='ltr'>tum</span> <span class='ocrx_word' id='word_1_36' title='bbox 495 882 597 969; x_wconf 84' lang='lat' dir='ltr'>quoad</span> <span class='ocrx_word' id='word_1_37' title='bbox 610 904 676 947; x_wconf 78' lang='lat' dir='ltr'>eoae</span> <span class='ocrx_word' id='word_1_38' title='bbox 689 884 824 947; x_wconf 66' lang='lat' dir='ltr'>unitatis.</span> <span class='ocrx_word' id='word_1_39' title='bbox 868 881 951 965; x_wconf 80' lang='lat' dir='ltr'>Ergo</span> <span class='ocrx_word' id='word_1_40' title='bbox 971 880 1078 965; x_wconf 89' lang='lat' dir='ltr'>nequit</span> <span class='ocrx_word' id='word_1_41' title='bbox 1098 879 1170 945; x_wconf 82' lang='lat' dir='ltr'>dare</span> <span class='ocrx_word' id='word_1_42' title='bbox 1185 878 1311 944; x_wconf 76' lang='lat' dir='ltr'>diversis</span> <span class='ocrx_word' id='word_1_43' title='bbox 1325 902 1386 942; x_wconf 91' lang='lat' dir='ltr'>nu-</span> 
     </span>
     <span class='ocr_line' id='line_1_6' title="bbox 280 989 1388 1078; baseline -0.005 -18"><span class='ocrx_word' id='word_1_44' title='bbox 280 994 371 1060; x_wconf 81' lang='lat' dir='ltr'>meria</span> <span class='ocrx_word' id='word_1_45' title='bbox 391 994 524 1059; x_wconf 83' lang='lat' dir='ltr'>diveraaa</span> <span class='ocrx_word' id='word_1_46' title='bbox 545 992 670 1078; x_wconf 77' lang='lat' dir='ltr'>species.</span> <span class='ocrx_word' id='word_1_47' title='bbox 716 990 915 1077; x_wconf 76' lang='lat' dir='ltr'>Consequens</span> <span class='ocrx_word' id='word_1_48' title='bbox 937 1002 985 1057; x_wconf 80' lang='lat' dir='ltr'>ert</span> <span class='ocrx_word' id='word_1_49' title='bbox 1006 991 1130 1057; x_wconf 81' lang='lat' dir='ltr'>evidens</span> <span class='ocrx_word' id='word_1_50' title='bbox 1139 1017 1151 1070; x_wconf 78' lang='lat'>3</span> <span class='ocrx_word' id='word_1_51' title='bbox 1173 990 1246 1077; x_wconf 89' lang='lat' dir='ltr'>quia</span> <span class='ocrx_word' id='word_1_52' title='bbox 1267 989 1388 1055; x_wconf 81' lang='lat' dir='ltr'>diversa</span> 
     </span>
     <span class='ocr_line' id='line_1_7' title="bbox 281 1101 1387 1190; baseline -0.003 -21"><span class='ocrx_word' id='word_1_53' title='bbox 281 1105 394 1190; x_wconf 74' lang='lat' dir='ltr'>speciae</span> <span class='ocrx_word' id='word_1_54' title='bbox 409 1105 505 1190; x_wconf 78' lang='lat' dir='ltr'>exigit</span> <span class='ocrx_word' id='word_1_55' title='bbox 529 1104 683 1169; x_wconf 77' lang='lat' dir='ltr'>diversum</span> <span class='ocrx_word' id='word_1_56' title='bbox 707 1103 955 1189; x_wconf 78' lang='lat' dir='ltr'>specificativum.</span> <span class='ocrx_word' id='word_1_57' title='bbox 1011 1105 1055 1168; x_wconf 81' lang='lat'>5⁰.</span> <span class='ocrx_word' id='word_1_58' title='bbox 1079 1102 1171 1167; x_wconf 88' lang='lat' dir='ltr'>quta</span> <span class='ocrx_word' id='word_1_59' title='bbox 1190 1101 1387 1181; x_wconf 79' lang='lat' dir='ltr'>adversarios,</span> 
     </span>
     <span class='ocr_line' id='line_1_8' title="bbox 281 1212 1387 1300; baseline -0.003 -20"><span class='ocrx_word' id='word_1_60' title='bbox 281 1218 376 1281; x_wconf 61' lang='lat' dir='ltr'>dcun</span> <span class='ocrx_word' id='word_1_61' title='bbox 389 1215 530 1281; x_wconf 78' lang='lat' dir='ltr'>homines</span> <span class='ocrx_word' id='word_1_62' title='bbox 544 1225 576 1280; x_wconf 90' lang='lat' dir='ltr'>et</span> <span class='ocrx_word' id='word_1_63' title='bbox 595 1218 720 1300; x_wconf 58' lang='lat' dir='ltr'>triniaco</span> <span class='ocrx_word' id='word_1_64' title='bbox 740 1214 882 1280; x_wconf 78' lang='lat' dir='ltr'>hominen</span> <span class='ocrx_word' id='word_1_65' title='bbox 904 1222 978 1279; x_wconf 83' lang='lat' dir='ltr'>aunt</span> <span class='ocrx_word' id='word_1_66' title='bbox 999 1214 1061 1279; x_wconf 91' lang='lat' dir='ltr'>duo</span> <span class='ocrx_word' id='word_1_67' title='bbox 1082 1214 1204 1278; x_wconf 91' lang='lat' dir='ltr'>numeri</span> <span class='ocrx_word' id='word_1_68' title='bbox 1226 1214 1324 1299; x_wconf 83' lang='lat' dir='ltr'>speeie</span> <span class='ocrx_word' id='word_1_69' title='bbox 1339 1212 1387 1277; x_wconf 93' lang='lat' dir='ltr'>di-</span> 
     </span>
     <span class='ocr_line' id='line_1_9' title="bbox 281 1324 1388 1411; baseline -0.003 -19"><span class='ocrx_word' id='word_1_70' title='bbox 281 1327 376 1393; x_wconf 79' lang='lat' dir='ltr'>versi:</span> <span class='ocrx_word' id='word_1_71' title='bbox 400 1326 570 1392; x_wconf 67' lang='lat' dir='ltr'>differenda</span> <span class='ocrx_word' id='word_1_72' title='bbox 584 1335 688 1391; x_wconf 88' lang='lat' dir='ltr'>autem</span> <span class='ocrx_word' id='word_1_73' title='bbox 703 1326 842 1411; x_wconf 78' lang='lat' dir='ltr'>specifica</span> <span class='ocrx_word' id='word_1_74' title='bbox 856 1324 979 1391; x_wconf 79' lang='lat' dir='ltr'>deberet</span> <span class='ocrx_word' id='word_1_75' title='bbox 990 1324 1159 1390; x_wconf 79' lang='lat' dir='ltr'>necessario</span> <span class='ocrx_word' id='word_1_76' title='bbox 1170 1324 1316 1390; x_wconf 82' lang='lat' dir='ltr'>constitui</span> <span class='ocrx_word' id='word_1_77' title='bbox 1330 1347 1388 1410; x_wconf 86' lang='lat' dir='ltr'>per</span> 
     </span>
     <span class='ocr_line' id='line_1_10' title="bbox 280 1436 1386 1523; baseline -0.002 -21"><span class='ocrx_word' id='word_1_78' title='bbox 280 1440 386 1523; x_wconf 68' lang='lat' dir='ltr'>ciyima&#39;</span> <span class='ocrx_word' id='word_1_79' title='bbox 399 1438 550 1503; x_wconf 77' lang='lat' dir='ltr'>homines.</span> <span class='ocrx_word' id='word_1_80' title='bbox 595 1438 691 1523; x_wconf 85' lang='lat' dir='ltr'><strong>Atqui</strong></span> <span class='ocrx_word' id='word_1_81' title='bbox 713 1437 885 1503; x_wconf 86' lang='lat' dir='ltr'>differentia</span> <span class='ocrx_word' id='word_1_82' title='bbox 904 1436 1043 1522; x_wconf 76' lang='lat' dir='ltr'>specifica</span> <span class='ocrx_word' id='word_1_83' title='bbox 1067 1437 1148 1501; x_wconf 82' lang='lat' dir='ltr'>iuter</span> <span class='ocrx_word' id='word_1_84' title='bbox 1167 1436 1230 1501; x_wconf 89' lang='lat' dir='ltr'>duo</span> <span class='ocrx_word' id='word_1_85' title='bbox 1248 1436 1386 1501; x_wconf 88' lang='lat' dir='ltr'>eiusdem</span> 
     </span>
     <span class='ocr_line' id='line_1_11' title="bbox 281 1547 1387 1635; baseline -0.001 -23"><span class='ocrx_word' id='word_1_86' title='bbox 281 1550 402 1635; x_wconf 79' lang='lat' dir='ltr'>generis</span> <span class='ocrx_word' id='word_1_87' title='bbox 416 1549 564 1635; x_wconf 81' lang='lat' dir='ltr'>accipitur</span> <span class='ocrx_word' id='word_1_88' title='bbox 577 1571 595 1613; x_wconf 81' lang='lat' dir='ltr'>a</span> <span class='ocrx_word' id='word_1_89' title='bbox 609 1548 718 1628; x_wconf 79' lang='lat' dir='ltr'>forma,</span> <span class='ocrx_word' id='word_1_90' title='bbox 733 1549 829 1613; x_wconf 87' lang='lat' dir='ltr'>relate</span> <span class='ocrx_word' id='word_1_91' title='bbox 843 1548 883 1613; x_wconf 90' lang='lat' dir='ltr'>ad</span> <span class='ocrx_word' id='word_1_92' title='bbox 897 1571 990 1634; x_wconf 90' lang='lat' dir='ltr'>quam</span> <span class='ocrx_word' id='word_1_93' title='bbox 1011 1570 1109 1631; x_wconf 84' lang='lat' dir='ltr'>genua</span> <span class='ocrx_word' id='word_1_94' title='bbox 1128 1548 1221 1612; x_wconf 88' lang='lat' dir='ltr'>habet</span> <span class='ocrx_word' id='word_1_95' title='bbox 1235 1547 1387 1611; x_wconf 89' lang='lat' dir='ltr'>rationem</span> 
     </span>
     <span class='ocr_line' id='line_1_12' title="bbox 282 1656 1388 1744; baseline -0.003 -21"><span class='ocrx_word' id='word_1_96' title='bbox 282 1661 436 1725; x_wconf 75' lang='lat' dir='ltr'>materia:</span> <span class='ocrx_word' id='word_1_97' title='bbox 458 1660 493 1723; x_wconf 91' lang='lat' dir='ltr'>in</span> <span class='ocrx_word' id='word_1_98' title='bbox 507 1659 635 1724; x_wconf 83' lang='lat' dir='ltr'>hia&#39;vero</span> <span class='ocrx_word' id='word_1_99' title='bbox 645 1659 782 1723; x_wconf 85' lang='lat' dir='ltr'>numeria</span> <span class='ocrx_word' id='word_1_100' title='bbox 791 1657 826 1722; x_wconf 92' lang='lat' dir='ltr'>id</span> <span class='ocrx_word' id='word_1_101' title='bbox 837 1657 921 1744; x_wconf 90' lang='lat' dir='ltr'>quod</span> <span class='ocrx_word' id='word_1_102' title='bbox 934 1657 1060 1722; x_wconf 78' lang='lat' dir='ltr'>haberet</span> <span class='ocrx_word' id='word_1_103' title='bbox 1074 1658 1224 1721; x_wconf 88' lang='lat' dir='ltr'>rationem</span> <span class='ocrx_word' id='word_1_104' title='bbox 1238 1656 1388 1737; x_wconf 87' lang='lat' dir='ltr'>materiae,</span> 
     </span>
     <span class='ocr_line' id='line_1_13' title="bbox 281 1768 1387 1857; baseline -0.003 -23"><span class='ocrx_word' id='word_1_105' title='bbox 281 1778 313 1835; x_wconf 88' lang='lat' dir='ltr'>ct</span> <span class='ocrx_word' id='word_1_106' title='bbox 338 1771 421 1857; x_wconf 88' lang='lat' dir='ltr'>qnod</span> <span class='ocrx_word' id='word_1_107' title='bbox 443 1792 498 1856; x_wconf 88' lang='lat' dir='ltr'>per</span> <span class='ocrx_word' id='word_1_108' title='bbox 522 1770 664 1834; x_wconf 90' lang='lat' dir='ltr'>ultimam</span> <span class='ocrx_word' id='word_1_109' title='bbox 692 1770 844 1834; x_wconf 90' lang='lat' dir='ltr'>unitatem</span> <span class='ocrx_word' id='word_1_110' title='bbox 874 1770 1137 1849; x_wconf 77' lang='lat' dir='ltr'>determinaretur,</span> <span class='ocrx_word' id='word_1_111' title='bbox 1162 1776 1243 1833; x_wconf 81' lang='lat' dir='ltr'>esset</span> <span class='ocrx_word' id='word_1_112' title='bbox 1265 1768 1298 1831; x_wconf 92' lang='lat' dir='ltr'>in</span> <span class='ocrx_word' id='word_1_113' title='bbox 1320 1790 1387 1832; x_wconf 92' lang='lat' dir='ltr'>uno</span> 
     </span>
     <span class='ocr_line' id='line_1_14' title="bbox 281 1880 1388 1967; baseline -0.003 -21"><span class='ocrx_word' id='word_1_114' title='bbox 281 1904 430 1947; x_wconf 76' lang='lat' dir='ltr'>numerus</span> <span class='ocrx_word' id='word_1_115' title='bbox 452 1904 554 1947; x_wconf 74' lang='lat' dir='ltr'>noceo</span> <span class='ocrx_word' id='word_1_116' title='bbox 575 1881 748 1962; x_wconf 88' lang='lat' dir='ltr'>hominum,</span> <span class='ocrx_word' id='word_1_117' title='bbox 772 1881 827 1966; x_wconf 92' lang='lat' dir='ltr'>qui</span> <span class='ocrx_word' id='word_1_118' title='bbox 852 1904 908 1967; x_wconf 90' lang='lat' dir='ltr'>per</span> <span class='ocrx_word' id='word_1_119' title='bbox 934 1880 1121 1947; x_wconf 76' lang='lat' dir='ltr'>additionem</span> <span class='ocrx_word' id='word_1_120' title='bbox 1146 1880 1274 1945; x_wconf 77' lang='lat' dir='ltr'>unitatis</span> <span class='ocrx_word' id='word_1_121' title='bbox 1300 1880 1388 1945; x_wconf 88' lang='lat' dir='ltr'>fieret</span> 
     </span>
     <span class='ocr_line' id='line_1_15' title="bbox 281 1990 1386 2076; baseline -0.002 -19"><span class='ocrx_word' id='word_1_122' title='bbox 281 1994 386 2071; x_wconf 83' lang='lat' dir='ltr'>decem,</span> <span class='ocrx_word' id='word_1_123' title='bbox 401 1993 435 2055; x_wconf 91' lang='lat' dir='ltr'>in</span> <span class='ocrx_word' id='word_1_124' title='bbox 449 1992 544 2057; x_wconf 87' lang='lat' dir='ltr'>altero</span> <span class='ocrx_word' id='word_1_125' title='bbox 561 2014 709 2057; x_wconf 76' lang='lat' dir='ltr'>numerus</span> <span class='ocrx_word' id='word_1_126' title='bbox 730 1994 837 2075; x_wconf 55' lang='lat' dir='ltr'>cauti</span> <span class='ocrx_word' id='word_1_127' title='bbox 851 2014 951 2055; x_wconf 82' lang='lat' dir='ltr'>uocem</span> <span class='ocrx_word' id='word_1_128' title='bbox 972 1991 1146 2071; x_wconf 88' lang='lat' dir='ltr'>hominum,</span> <span class='ocrx_word' id='word_1_129' title='bbox 1162 1990 1215 2075; x_wconf 92' lang='lat' dir='ltr'>qui</span> <span class='ocrx_word' id='word_1_130' title='bbox 1229 2013 1285 2076; x_wconf 90' lang='lat' dir='ltr'>per</span> <span class='ocrx_word' id='word_1_131' title='bbox 1299 1990 1386 2055; x_wconf 91' lang='lat' dir='ltr'>addi-</span> 
     </span>
     <span class='ocr_line' id='line_1_16' title="bbox 280 2101 1387 2188; baseline 0.001 -22"><span class='ocrx_word' id='word_1_132' title='bbox 280 2104 397 2167; x_wconf 92' lang='lat' dir='ltr'>tionem</span> <span class='ocrx_word' id='word_1_133' title='bbox 420 2101 548 2166; x_wconf 76' lang='lat' dir='ltr'>unitatis</span> <span class='ocrx_word' id='word_1_134' title='bbox 572 2102 659 2167; x_wconf 85' lang='lat' dir='ltr'>lieret</span> <span class='ocrx_word' id='word_1_135' title='bbox 682 2104 816 2187; x_wconf 58' lang='lat' dir='ltr'>tmqiatu</span> <span class='ocrx_word' id='word_1_136' title='bbox 863 2102 1014 2188; x_wconf 56' lang='lat' dir='ltr'>Sequitur*</span> <span class='ocrx_word' id='word_1_137' title='bbox 1034 2102 1118 2187; x_wconf 89' lang='lat' dir='ltr'>quod</span> <span class='ocrx_word' id='word_1_138' title='bbox 1140 2102 1310 2166; x_wconf 87' lang='lat' dir='ltr'>differentia</span> <span class='ocrx_word' id='word_1_139' title='bbox 1333 2102 1387 2167; x_wconf 90' lang='lat' dir='ltr'>illa</span> 
     </span>
     <span class='ocr_line' id='line_1_17' title="bbox 282 2214 1392 2299; baseline -0.003 -19"><span class='ocrx_word' id='word_1_140' title='bbox 282 2214 421 2299; x_wconf 76' lang='lat' dir='ltr'>specifica</span> <span class='ocrx_word' id='word_1_141' title='bbox 436 2215 517 2298; x_wconf 79' lang='lat' dir='ltr'>(quae</span> <span class='ocrx_word' id='word_1_142' title='bbox 531 2214 729 2279; x_wconf 79' lang='lat' dir='ltr'>constituitur</span> <span class='ocrx_word' id='word_1_143' title='bbox 742 2236 798 2299; x_wconf 85' lang='lat' dir='ltr'>per</span> <span class='ocrx_word' id='word_1_144' title='bbox 811 2217 918 2298; x_wconf 62' lang='lat' dir='ltr'>viciati</span> <span class='ocrx_word' id='word_1_145' title='bbox 938 2214 1090 2299; x_wconf 79' lang='lat' dir='ltr'>homines)</span> <span class='ocrx_word' id='word_1_146' title='bbox 1108 2215 1242 2280; x_wconf 88' lang='lat' dir='ltr'>eruenda</span> <span class='ocrx_word' id='word_1_147' title='bbox 1256 2222 1335 2279; x_wconf 84' lang='lat' dir='ltr'>esset</span> <span class='ocrx_word' id='word_1_148' title='bbox 1349 2236 1392 2277; x_wconf 88' lang='lat' dir='ltr'>ex·</span> 
     </span>
     <span class='ocr_line' id='line_1_18' title="bbox 281 2324 1387 2411; baseline -0.001 -19"><span class='ocrx_word' id='word_1_149' title='bbox 281 2324 507 2411; x_wconf 86' lang='lat' dir='ltr'>comparatione</span> <span class='ocrx_word' id='word_1_150' title='bbox 519 2328 627 2410; x_wconf 74' lang='lat' dir='ltr'>ciqiuti</span> <span class='ocrx_word' id='word_1_151' title='bbox 641 2345 741 2390; x_wconf 77' lang='lat' dir='ltr'>ccccm</span> <span class='ocrx_word' id='word_1_152' title='bbox 754 2325 917 2390; x_wconf 88' lang='lat' dir='ltr'>hominum</span> <span class='ocrx_word' id='word_1_153' title='bbox 932 2348 1003 2391; x_wconf 90' lang='lat' dir='ltr'>curn</span> <span class='ocrx_word' id='word_1_154' title='bbox 1017 2344 1118 2391; x_wconf 74' lang='lat' dir='ltr'>accan</span> <span class='ocrx_word' id='word_1_155' title='bbox 1137 2326 1330 2392; x_wconf 86' lang='lat' dir='ltr'>homiuibus:</span> <span class='ocrx_word' id='word_1_156' title='bbox 1354 2335 1387 2391; x_wconf 91' lang='lat' dir='ltr'>et</span> 
     </span>
     <span class='ocr_line' id='line_1_19' title="bbox 282 2436 1388 2524; baseline 0.001 -22"><span class='ocrx_word' id='word_1_157' title='bbox 282 2438 326 2503; x_wconf 83' lang='lat' dir='ltr'>sic</span> <span class='ocrx_word' id='word_1_158' title='bbox 340 2436 510 2502; x_wconf 87' lang='lat' dir='ltr'>differentia</span> <span class='ocrx_word' id='word_1_159' title='bbox 524 2436 663 2522; x_wconf 72' lang='lat' dir='ltr'>specifica</span> <span class='ocrx_word' id='word_1_160' title='bbox 677 2459 876 2503; x_wconf 89' lang='lat' dir='ltr'>numerorum</span> <span class='ocrx_word' id='word_1_161' title='bbox 892 2438 1077 2524; x_wconf 79' lang='lat' dir='ltr'>acciperetur</span> <span class='ocrx_word' id='word_1_162' title='bbox 1091 2461 1109 2504; x_wconf 90' lang='lat' dir='ltr'>a</span> <span class='ocrx_word' id='word_1_163' title='bbox 1124 2438 1260 2520; x_wconf 83' lang='lat' dir='ltr'>materia,</span> <span class='ocrx_word' id='word_1_164' title='bbox 1282 2459 1345 2503; x_wconf 92' lang='lat' dir='ltr'>non</span> <span class='ocrx_word' id='word_1_165' title='bbox 1367 2440 1388 2503; x_wconf 66' lang='lat' dir='ltr'>a*</span> 
     </span>
    </p>
   </div>
   <div class='ocr_carea' id='block_1_3' title="bbox 152 2548 1387 2644">
    <p class='ocr_par' dir='ltr' id='par_1_3' title="bbox 152 2548 1387 2644">
     <span class='ocr_line' id='line_1_20' title="bbox 152 2548 1387 2644; baseline 0 -30"><span class='ocrx_word' id='word_1_166' title='bbox 152 2571 157 2578; x_wconf 81' lang='lat'><strong>·</strong></span> <span class='ocrx_word' id='word_1_167' title='bbox 281 2551 395 2616; x_wconf 83' lang='lat' dir='ltr'>forma:</span> <span class='ocrx_word' id='word_1_168' title='bbox 418 2549 502 2636; x_wconf 89' lang='lat' dir='ltr'>quod</span> <span class='ocrx_word' id='word_1_169' title='bbox 512 2548 672 2614; x_wconf 81' lang='lat' dir='ltr'>adversarii</span> <span class='ocrx_word' id='word_1_170' title='bbox 683 2548 743 2635; x_wconf 81' lang='lat' dir='ltr'>ipsi</span> <span class='ocrx_word' id='word_1_171' title='bbox 753 2571 817 2614; x_wconf 90' lang='lat' dir='ltr'>non</span> <span class='ocrx_word' id='word_1_172' title='bbox 828 2557 958 2634; x_wconf 78' lang='lat' dir='ltr'>possunt</span> <span class='ocrx_word' id='word_1_173' title='bbox 970 2549 1140 2614; x_wconf 87' lang='lat' dir='ltr'>admittere.</span> <span class='ocrx_word' id='word_1_174' title='bbox 1178 2553 1221 2614; x_wconf 81' lang='lat'>6⁰.</span> <span class='ocrx_word' id='word_1_175' title='bbox 1245 2550 1387 2644; x_wconf 78' lang='lat' dir='ltr'>Denique</span> 
     </span>
    </p>
   </div>
   <div class='ocr_carea' id='block_1_4' title="bbox 280 2659 1389 4408">
    <p class='ocr_par' dir='ltr' id='par_1_4' title="bbox 280 2659 1389 3968">
     <span class='ocr_line' id='line_1_21' title="bbox 280 2659 1387 2746; baseline 0 -20"><span class='ocrx_word' id='word_1_176' title='bbox 280 2661 395 2726; x_wconf 78' lang='lat' dir='ltr'>frustra</span> <span class='ocrx_word' id='word_1_177' title='bbox 408 2661 554 2746; x_wconf 87' lang='lat' dir='ltr'>quaeritur</span> <span class='ocrx_word' id='word_1_178' title='bbox 568 2683 624 2746; x_wconf 89' lang='lat' dir='ltr'>per</span> <span class='ocrx_word' id='word_1_179' title='bbox 638 2659 713 2745; x_wconf 92' lang='lat' dir='ltr'>quid</span> <span class='ocrx_word' id='word_1_180' title='bbox 727 2682 875 2725; x_wconf 80' lang='lat' dir='ltr'>numerus</span> <span class='ocrx_word' id='word_1_181' title='bbox 895 2661 998 2726; x_wconf 91' lang='lat' dir='ltr'>decem</span> <span class='ocrx_word' id='word_1_182' title='bbox 1017 2660 1179 2725; x_wconf 87' lang='lat' dir='ltr'>hominum</span> <span class='ocrx_word' id='word_1_183' title='bbox 1194 2670 1224 2726; x_wconf 90' lang='lat' dir='ltr'>et</span> <span class='ocrx_word' id='word_1_184' title='bbox 1239 2683 1387 2726; x_wconf 80' lang='lat' dir='ltr'>uumerus</span> 
     </span>
     <span class='ocr_line' id='line_1_22' title="bbox 282 2763 1386 2857; baseline 0.001 -21"><span class='ocrx_word' id='word_1_185' title='bbox 282 2773 410 2856; x_wconf 80' lang='lat' dir='ltr'>triginta</span> <span class='ocrx_word' id='word_1_186' title='bbox 430 2772 591 2836; x_wconf 91' lang='lat' dir='ltr'>hominum</span> <span class='ocrx_word' id='word_1_187' title='bbox 613 2771 756 2836; x_wconf 88' lang='lat' dir='ltr'>differant</span> <span class='ocrx_word' id='word_1_188' title='bbox 778 2763 895 2855; x_wconf 67' lang='lat' dir='ltr'>allecia:</span> <span class='ocrx_word' id='word_1_189' title='bbox 918 2778 950 2836; x_wconf 92' lang='lat' dir='ltr'>ct</span> <span class='ocrx_word' id='word_1_190' title='bbox 964 2771 1042 2836; x_wconf 87' lang='lat' dir='ltr'>ratio</span> <span class='ocrx_word' id='word_1_191' title='bbox 1062 2781 1117 2852; x_wconf 86' lang='lat' dir='ltr'>est,</span> <span class='ocrx_word' id='word_1_192' title='bbox 1133 2773 1206 2857; x_wconf 90' lang='lat' dir='ltr'>quia</span> <span class='ocrx_word' id='word_1_193' title='bbox 1222 2794 1287 2836; x_wconf 90' lang='lat' dir='ltr'>non</span> <span class='ocrx_word' id='word_1_194' title='bbox 1301 2773 1386 2837; x_wconf 86' lang='lat' dir='ltr'>diffe-</span> 
     </span>
     <span class='ocr_line' id='line_1_23' title="bbox 280 2881 1388 2968; baseline 0.001 -21"><span class='ocrx_word' id='word_1_195' title='bbox 280 2892 355 2947; x_wconf 88' lang='lat' dir='ltr'>runt</span> <span class='ocrx_word' id='word_1_196' title='bbox 369 2884 478 2968; x_wconf 76' lang='lat' dir='ltr'>specie,</span> <span class='ocrx_word' id='word_1_197' title='bbox 493 2883 548 2947; x_wconf 80' lang='lat' dir='ltr'>aad</span> <span class='ocrx_word' id='word_1_198' title='bbox 567 2892 641 2948; x_wconf 85' lang='lat' dir='ltr'>aunt</span> <span class='ocrx_word' id='word_1_199' title='bbox 656 2882 723 2946; x_wconf 86' lang='lat' dir='ltr'>duo</span> <span class='ocrx_word' id='word_1_200' title='bbox 745 2881 904 2946; x_wconf 88' lang='lat' dir='ltr'>individue</span> <span class='ocrx_word' id='word_1_201' title='bbox 925 2882 1061 2948; x_wconf 81' lang='lat' dir='ltr'>eiusdem</span> <span class='ocrx_word' id='word_1_202' title='bbox 1084 2883 1211 2968; x_wconf 80' lang='lat' dir='ltr'>spaciei3</span> <span class='ocrx_word' id='word_1_203' title='bbox 1235 2906 1307 2948; x_wconf 88' lang='lat' dir='ltr'>nam</span> <span class='ocrx_word' id='word_1_204' title='bbox 1329 2884 1388 2948; x_wconf 83' lang='lat' dir='ltr'>etsi</span> 
     </span>
     <span class='ocr_line' id='line_1_24' title="bbox 283 2992 1387 3073; baseline 0.001 -16"><span class='ocrx_word' id='word_1_205' title='bbox 283 2993 476 3058; x_wconf 80' lang='lat' dir='ltr'>materialiter</span> <span class='ocrx_word' id='word_1_206' title='bbox 505 2993 655 3073; x_wconf 84' lang='lat' dir='ltr'>differant,</span> <span class='ocrx_word' id='word_1_207' title='bbox 685 2999 755 3057; x_wconf 87' lang='lat' dir='ltr'>non&#39;</span> <span class='ocrx_word' id='word_1_208' title='bbox 778 2992 925 3057; x_wconf 86' lang='lat' dir='ltr'>differunt</span> <span class='ocrx_word' id='word_1_209' title='bbox 953 2993 1130 3073; x_wconf 82' lang='lat' dir='ltr'>formaliter,</span> <span class='ocrx_word' id='word_1_210' title='bbox 1154 2994 1187 3057; x_wconf 91' lang='lat' dir='ltr'>in</span> <span class='ocrx_word' id='word_1_211' title='bbox 1209 3015 1245 3058; x_wconf 90' lang='lat' dir='ltr'>eo</span> <span class='ocrx_word' id='word_1_212' title='bbox 1273 2994 1387 3058; x_wconf 80' lang='lat' dir='ltr'>scilicet</span> 
     </span>
     <span class='ocr_line' id='line_1_25' title="bbox 282 3105 1387 3192; baseline 0 -22"><span class='ocrx_word' id='word_1_213' title='bbox 282 3106 365 3192; x_wconf 89' lang='lat' dir='ltr'>quod</span> <span class='ocrx_word' id='word_1_214' title='bbox 386 3105 439 3170; x_wconf 90' lang='lat' dir='ltr'>dat</span> <span class='ocrx_word' id='word_1_215' title='bbox 461 3105 592 3190; x_wconf 76' lang='lat' dir='ltr'>speciem</span> <span class='ocrx_word' id='word_1_216' title='bbox 615 3127 752 3170; x_wconf 82' lang='lat' dir='ltr'>numero.</span> <span class='ocrx_word' id='word_1_217' title='bbox 796 3105 965 3169; x_wconf 76' lang='lat' dir='ltr'>Differ-rent</span> <span class='ocrx_word' id='word_1_218' title='bbox 987 3115 1091 3170; x_wconf 87' lang='lat' dir='ltr'>autam</span> <span class='ocrx_word' id='word_1_219' title='bbox 1114 3106 1223 3189; x_wconf 85' lang='lat' dir='ltr'>specie,</span> <span class='ocrx_word' id='word_1_220' title='bbox 1244 3107 1270 3170; x_wconf 85' lang='lat' dir='ltr'>ai</span> <span class='ocrx_word' id='word_1_221' title='bbox 1285 3114 1387 3172; x_wconf 80' lang='lat' dir='ltr'>essent</span> 
     </span>
     <span class='ocr_line' id='line_1_26' title="bbox 283 3216 1388 3300; baseline 0.001 -19"><span class='ocrx_word' id='word_1_222' title='bbox 283 3217 387 3281; x_wconf 85' lang='lat' dir='ltr'>decem</span> <span class='ocrx_word' id='word_1_223' title='bbox 401 3219 575 3282; x_wconf 75' lang='lat' dir='ltr'>luminaret</span> <span class='ocrx_word' id='word_1_224' title='bbox 589 3216 718 3300; x_wconf 80' lang='lat' dir='ltr'>triginta</span> <span class='ocrx_word' id='word_1_225' title='bbox 732 3217 802 3295; x_wconf 75' lang='lat' dir='ltr'>dica,</span> <span class='ocrx_word' id='word_1_226' title='bbox 819 3216 866 3281; x_wconf 85' lang='lat' dir='ltr'>vel</span> <span class='ocrx_word' id='word_1_227' title='bbox 880 3217 973 3281; x_wconf 90' lang='lat' dir='ltr'>etiam</span> <span class='ocrx_word' id='word_1_228' title='bbox 991 3218 1086 3282; x_wconf 80' lang='lat' dir='ltr'>decem</span> <span class='ocrx_word' id='word_1_229' title='bbox 1105 3219 1233 3282; x_wconf 78' lang='lat' dir='ltr'>dominae</span> <span class='ocrx_word' id='word_1_230' title='bbox 1247 3226 1278 3282; x_wconf 89' lang='lat' dir='ltr'>et</span> <span class='ocrx_word' id='word_1_231' title='bbox 1293 3219 1388 3282; x_wconf 79' lang='lat' dir='ltr'>dacem</span> 
     </span>
     <span class='ocr_line' id='line_1_27' title="bbox 283 3325 1388 3411; baseline -0.003 -19"><span class='ocrx_word' id='word_1_232' title='bbox 283 3331 418 3392; x_wconf 79' lang='lat' dir='ltr'>arborea:</span> <span class='ocrx_word' id='word_1_233' title='bbox 447 3327 634 3392; x_wconf 79' lang='lat' dir='ltr'>mensuratio</span> <span class='ocrx_word' id='word_1_234' title='bbox 659 3326 742 3391; x_wconf 92' lang='lat' dir='ltr'>enim</span> <span class='ocrx_word' id='word_1_235' title='bbox 765 3327 852 3391; x_wconf 84' lang='lat' dir='ltr'>fieret</span> <span class='ocrx_word' id='word_1_236' title='bbox 878 3348 933 3411; x_wconf 89' lang='lat' dir='ltr'>per</span> <span class='ocrx_word' id='word_1_237' title='bbox 957 3327 1093 3392; x_wconf 86' lang='lat' dir='ltr'>unitates</span> <span class='ocrx_word' id='word_1_238' title='bbox 1119 3327 1243 3392; x_wconf 72' lang='lat' dir='ltr'>diversa</span> <span class='ocrx_word' id='word_1_239' title='bbox 1268 3325 1388 3410; x_wconf 86' lang='lat' dir='ltr'>speciei,</span> 
     </span>
     <span class='ocr_line' id='line_1_28' title="bbox 283 3436 1387 3523; baseline -0.001 -22"><span class='ocrx_word' id='word_1_240' title='bbox 283 3460 352 3523; x_wconf 89' lang='lat' dir='ltr'>quae</span> <span class='ocrx_word' id='word_1_241' title='bbox 375 3438 468 3502; x_wconf 90' lang='lat' dir='ltr'>etiam</span> <span class='ocrx_word' id='word_1_242' title='bbox 494 3438 613 3503; x_wconf 80' lang='lat' dir='ltr'>diverso</span> <span class='ocrx_word' id='word_1_243' title='bbox 637 3437 730 3501; x_wconf 85' lang='lat' dir='ltr'>modo</span> <span class='ocrx_word' id='word_1_244' title='bbox 760 3436 991 3502; x_wconf 80' lang='lat' dir='ltr'>denominarent</span> <span class='ocrx_word' id='word_1_245' title='bbox 1020 3437 1184 3502; x_wconf 83' lang='lat' dir='ltr'>intrinsece</span> <span class='ocrx_word' id='word_1_246' title='bbox 1212 3459 1387 3514; x_wconf 88' lang='lat' dir='ltr'>numerum,</span> 
     </span>
     <span class='ocr_line' id='line_1_29' title="bbox 282 3546 1389 3633; baseline -0.006 -17"><span class='ocrx_word' id='word_1_247' title='bbox 282 3549 316 3616; x_wconf 90' lang='lat' dir='ltr'>id</span> <span class='ocrx_word' id='word_1_248' title='bbox 334 3555 382 3612; x_wconf 85' lang='lat' dir='ltr'>eet</span> <span class='ocrx_word' id='word_1_249' title='bbox 403 3550 558 3629; x_wconf 80' lang='lat' dir='ltr'>lominum,</span> <span class='ocrx_word' id='word_1_250' title='bbox 580 3551 700 3628; x_wconf 68' lang='lat' dir='ltr'>dmm,</span> <span class='ocrx_word' id='word_1_251' title='bbox 722 3549 876 3612; x_wconf 84' lang='lat' dir='ltr'>ardorum:</span> <span class='ocrx_word' id='word_1_252' title='bbox 899 3547 953 3612; x_wconf 87' lang='lat' dir='ltr'>aed</span> <span class='ocrx_word' id='word_1_253' title='bbox 975 3547 1122 3633; x_wconf 89' lang='lat' dir='ltr'>quamdiu</span> <span class='ocrx_word' id='word_1_254' title='bbox 1144 3547 1246 3632; x_wconf 82' lang='lat' dir='ltr'>pluras</span> <span class='ocrx_word' id='word_1_255' title='bbox 1268 3546 1389 3610; x_wconf 84' lang='lat' dir='ltr'>numeri</span> 
     </span>
     <span class='ocr_line' id='line_1_30' title="bbox 283 3658 1389 3744; baseline -0.003 -19"><span class='ocrx_word' id='word_1_256' title='bbox 283 3668 500 3726; x_wconf 79' lang='lat' dir='ltr'>mensurantur</span> <span class='ocrx_word' id='word_1_257' title='bbox 517 3661 635 3724; x_wconf 90' lang='lat' dir='ltr'>unitate</span> <span class='ocrx_word' id='word_1_258' title='bbox 650 3660 743 3724; x_wconf 77' lang='lat' dir='ltr'>unius</span> <span class='ocrx_word' id='word_1_259' title='bbox 758 3659 878 3744; x_wconf 82' lang='lat' dir='ltr'>speciei,</span> <span class='ocrx_word' id='word_1_260' title='bbox 893 3681 956 3723; x_wconf 89' lang='lat' dir='ltr'>uon</span> <span class='ocrx_word' id='word_1_261' title='bbox 971 3667 1118 3742; x_wconf 89' lang='lat' dir='ltr'>poterunt</span> <span class='ocrx_word' id='word_1_262' title='bbox 1136 3658 1247 3723; x_wconf 89' lang='lat' dir='ltr'>habere</span> <span class='ocrx_word' id='word_1_263' title='bbox 1261 3659 1342 3723; x_wconf 87' lang='lat' dir='ltr'>inter</span> <span class='ocrx_word' id='word_1_264' title='bbox 1356 3680 1389 3722; x_wconf 82' lang='lat' dir='ltr'>ee</span> 
     </span>
     <span class='ocr_line' id='line_1_31' title="bbox 283 3768 1388 3854; baseline -0.005 -17"><span class='ocrx_word' id='word_1_265' title='bbox 283 3771 373 3837; x_wconf 89' lang='lat' dir='ltr'>aliam</span> <span class='ocrx_word' id='word_1_266' title='bbox 396 3770 607 3850; x_wconf 87' lang='lat' dir='ltr'>differentiam,</span> <span class='ocrx_word' id='word_1_267' title='bbox 630 3770 691 3835; x_wconf 82' lang='lat' dir='ltr'>nisi</span> <span class='ocrx_word' id='word_1_268' title='bbox 712 3769 910 3848; x_wconf 83' lang='lat' dir='ltr'>materialem,</span> <span class='ocrx_word' id='word_1_269' title='bbox 932 3769 1100 3835; x_wconf 82' lang='lat' dir='ltr'>secundum</span> <span class='ocrx_word' id='word_1_270' title='bbox 1116 3769 1214 3854; x_wconf 83' lang='lat' dir='ltr'>magia</span> <span class='ocrx_word' id='word_1_271' title='bbox 1228 3777 1259 3833; x_wconf 89' lang='lat' dir='ltr'>et</span> <span class='ocrx_word' id='word_1_272' title='bbox 1273 3768 1388 3848; x_wconf 84' lang='lat' dir='ltr'>minua,</span> 
     </span>
     <span class='ocr_line' id='line_1_32' title="bbox 285 3880 1095 3968; baseline -0.004 -21"><span class='ocrx_word' id='word_1_273' title='bbox 285 3882 368 3968; x_wconf 89' lang='lat' dir='ltr'>quod</span> <span class='ocrx_word' id='word_1_274' title='bbox 382 3904 446 3947; x_wconf 90' lang='lat' dir='ltr'>non</span> <span class='ocrx_word' id='word_1_275' title='bbox 459 3889 564 3946; x_wconf 88' lang='lat' dir='ltr'>mutat-</span> <span class='ocrx_word' id='word_1_276' title='bbox 575 3880 717 3966; x_wconf 78' lang='lat' dir='ltr'>speciem.</span> <span class='ocrx_word' id='word_1_277' title='bbox 1093 3891 1095 3894; x_wconf 82' lang='grc'><strong>’</strong></span> 
     </span>
    </p>

    <p class='ocr_par' dir='ltr' id='par_1_5' title="bbox 285 3987 1389 4408">
     <span class='ocr_line' id='line_1_33' title="bbox 328 3987 1389 4072; baseline -0.006 -14"><span class='ocrx_word' id='word_1_278' title='bbox 328 3993 422 4070; x_wconf 84' lang='lat' dir='ltr'>Quod</span> <span class='ocrx_word' id='word_1_279' title='bbox 437 4015 508 4058; x_wconf 84' lang='lat' dir='ltr'>vero</span> <span class='ocrx_word' id='word_1_280' title='bbox 527 3991 638 4057; x_wconf 85' lang='lat' dir='ltr'>attinet</span> <span class='ocrx_word' id='word_1_281' title='bbox 658 3991 698 4056; x_wconf 87' lang='lat' dir='ltr'>ad</span> <span class='ocrx_word' id='word_1_282' title='bbox 717 3991 808 4056; x_wconf 87' lang='lat' dir='ltr'>verba</span> <span class='ocrx_word' id='word_1_283' title='bbox 829 3988 1073 4069; x_wconf 62' lang='lat' dir='ltr'>Aristoteliam</span> <span class='ocrx_word' id='word_1_284' title='bbox 1095 3989 1223 4057; x_wconf 69' lang='lat' dir='ltr'>tamarae</span> <span class='ocrx_word' id='word_1_285' title='bbox 1245 3987 1389 4072; x_wconf 80' lang='lat' dir='ltr'>explicari</span> 
     </span>
     <span class='ocr_line' id='line_1_34' title="bbox 285 4100 1388 4190; baseline -0.005 -21"><span class='ocrx_word' id='word_1_286' title='bbox 285 4113 415 4190; x_wconf 77' lang='lat' dir='ltr'>possunt</span> <span class='ocrx_word' id='word_1_287' title='bbox 429 4103 603 4189; x_wconf 86' lang='lat' dir='ltr'>accipiendo</span> <span class='ocrx_word' id='word_1_288' title='bbox 617 4105 739 4187; x_wconf 66' lang='lat' dir='ltr'>maciem</span> <span class='ocrx_word' id='word_1_289' title='bbox 752 4101 786 4166; x_wconf 91' lang='lat' dir='ltr'>in</span> <span class='ocrx_word' id='word_1_290' title='bbox 800 4111 941 4167; x_wconf 87' lang='lat' dir='ltr'>concreto</span> <span class='ocrx_word' id='word_1_291' title='bbox 956 4123 1012 4187; x_wconf 86' lang='lat' dir='ltr'>pro</span> <span class='ocrx_word' id='word_1_292' title='bbox 1024 4113 1094 4167; x_wconf 88' lang='lat' dir='ltr'>ante</span> <span class='ocrx_word' id='word_1_293' title='bbox 1106 4100 1251 4185; x_wconf 83' lang='lat' dir='ltr'>specificae</span> <span class='ocrx_word' id='word_1_294' title='bbox 1260 4108 1388 4179; x_wconf 85' lang='lat' dir='ltr'>naturae,</span> 
     </span>
     <span class='ocr_line' id='line_1_35' title="bbox 286 4211 1388 4300; baseline -0.005 -22"><span class='ocrx_word' id='word_1_295' title='bbox 286 4224 317 4278; x_wconf 90' lang='lat' dir='ltr'>ct</span> <span class='ocrx_word' id='word_1_296' title='bbox 332 4215 460 4280; x_wconf 90' lang='lat' dir='ltr'>diceudo</span> <span class='ocrx_word' id='word_1_297' title='bbox 474 4215 572 4300; x_wconf 83' lang='lat' dir='ltr'>quod,</span> <span class='ocrx_word' id='word_1_298' title='bbox 583 4214 662 4278; x_wconf 84' lang='lat' dir='ltr'>aicut</span> <span class='ocrx_word' id='word_1_299' title='bbox 682 4213 812 4291; x_wconf 88' lang='lat' dir='ltr'>numeri,</span> <span class='ocrx_word' id='word_1_300' title='bbox 832 4213 903 4277; x_wconf 87' lang='lat' dir='ltr'>licet</span> <span class='ocrx_word' id='word_1_301' title='bbox 925 4213 987 4277; x_wconf 83' lang='lat' dir='ltr'>sint</span> <span class='ocrx_word' id='word_1_302' title='bbox 1008 4213 1102 4276; x_wconf 80' lang='lat' dir='ltr'>unius</span> <span class='ocrx_word' id='word_1_303' title='bbox 1121 4211 1241 4295; x_wconf 79' lang='lat' dir='ltr'>speciei,</span> <span class='ocrx_word' id='word_1_304' title='bbox 1258 4217 1388 4295; x_wconf 76' lang='lat' dir='ltr'>possunt</span> 
     </span>
     <span class='ocr_line' id='line_1_36' title="bbox 286 4320 1388 4408; baseline -0.006 -18"><span class='ocrx_word' id='word_1_305' title='bbox 286 4325 478 4390; x_wconf 78' lang='lat' dir='ltr'>diversificari</span> <span class='ocrx_word' id='word_1_306' title='bbox 486 4347 540 4408; x_wconf 86' lang='lat' dir='ltr'>per</span> <span class='ocrx_word' id='word_1_307' title='bbox 549 4323 734 4389; x_wconf 67' lang='lat' dir='ltr'>addititnem</span> <span class='ocrx_word' id='word_1_308' title='bbox 744 4323 873 4388; x_wconf 79' lang='lat' dir='ltr'>unitatis</span> <span class='ocrx_word' id='word_1_309' title='bbox 887 4323 999 4388; x_wconf 88' lang='lat' dir='ltr'>iactam</span> <span class='ocrx_word' id='word_1_310' title='bbox 1008 4322 1179 4388; x_wconf 82' lang='lat' dir='ltr'>unitatibus</span> <span class='ocrx_word' id='word_1_311' title='bbox 1194 4320 1306 4406; x_wconf 84' lang='lat' dir='ltr'>quibus</span> <span class='ocrx_word' id='word_1_312' title='bbox 1316 4341 1388 4384; x_wconf 88' lang='lat' dir='ltr'>con·</span> 
     </span>
    </p>
   </div>
   <div class='ocr_carea' id='block_1_5' title="bbox 0 0 1610 4975">
    <p class='ocr_par' dir='ltr' id='par_1_6' title="bbox 0 0 1610 4975">
     <span class='ocr_line' id='line_1_37' title="bbox 0 0 1610 4975; baseline 0 0"><span class='ocrx_word' id='word_1_313' title='bbox 0 0 1610 4975; x_wconf 95' lang='lat' dir='ltr'> </span> 
     </span>
    </p>
   </div>
  </div>
 </body>
</html>
