3200 4975
215 369 285 412 cir.
302 349 356 434 ra]
667 373 709 415 nn
727 372 875 417 noman.
1262 355 1322 418 191

214 535 404 621 substantia3
427 554 521 620 quare
542 544 654 601 natura
676 539 779 601 omnis
802 536 958 602 rationalis
977 560 1033 622 per
1052 538 1111 602 hoc
1126 545 1172 602 est
1186 559 1326 622 persona,

214 670 268 732 per
283 646 366 732 quod
380 647 505 734 physice
521 647 661 712 subsistit
680 649 810 713 indivisa
825 649 858 712 in
875 672 906 712 se
921 648 959 713 ab
975 650 1121 714 omnibus
1137 649 1203 714 aliis
1220 649 1328 715 divisa.

216 760 250 823 Si
264 782 338 844 ergo
352 759 455 823 anima
469 759 579 823 existat
593 768 678 824 extra
697 782 818 845 corpus,
841 761 989 845 competit
1009 759 1053 824 illi
1072 759 1241 824 necessario
1256 782 1321 824 esse

179 865 185 874 “
215 891 394 954 personam:
424 869 451 933 si
476 892 546 935 vero
575 869 684 934 existat
709 870 900 955 incorpore,
931 891 995 934 non
1026 871 1134 934 existet
1164 869 1260 936 divisa
1287 869 1325 934 ab

215 980 359 1045 omnibus
385 981 462 1061 aliis,
488 991 525 1046 ut
550 989 654 1067 patet;
677 990 708 1046 et
732 981 775 1046 sic
800 981 903 1046 anima
926 1003 989 1046 non
1013 982 1070 1045 erit
1100 1003 1239 1066 persona,
1270 980 1324 1044 sed

215 1092 308 1156 bomo
328 1093 386 1156 erit
405 1115 544 1177 persona
588 1093 649 1157 Vix
670 1101 772 1158 autem
795 1115 917 1157 necesse
939 1102 986 1156 est
1008 1092 1129 1172 addere,
1152 1093 1211 1156 alio
1233 1091 1324 1156 modo

216 1204 327 1269 habere
352 1205 501 1269 rationem
530 1227 667 1289 personae
697 1205 831 1269 animam
859 1214 1036 1289 separatam,
1064 1204 1123 1269 alio
1149 1204 1325 1283 hominem3

217 1339 313 1401 quum
328 1317 430 1380 anima
444 1325 582 1402 separata
596 1316 637 1380 sit
656 1324 766 1380 natura
787 1316 971 1381 intellectiva
993 1325 1125 1396 tantum,
1146 1316 1239 1380 homo
1254 1337 1324 1381 vero

217 1437 327 1493 natura
342 1429 527 1494 intellectiva
541 1438 571 1493 et
587 1428 730 1494 sensitiva
744 1428 848 1492 simul.

260 1540 311 1604 Ad
332 1539 544 1625 probationem
565 1541 689 1608 maioris
711 1541 779 1605 dict.
804 1549 866 1604 out.
889 1539 1089 1624 personalitas
1111 1548 1158 1604 cst
1178 1539 1324 1605 ultimum

217 1651 485 1737 complementum,
500 1660 535 1716 ut
550 1650 642 1716 habet
656 1651 807 1717 rationem
822 1651 933 1732 ultimi,
949 1674 1003 1715 seu
1019 1660 1054 1716 ut
1070 1660 1216 1716 connotat
1231 1673 1325 1736 nega-

217 1765 333 1829 tionem
350 1788 375 1829 c.
391 1774 465 1844 unt,
482 1773 518 1829 ut
538 1764 611 1828 dicit
634 1764 751 1848 aliquid
772 1764 936 1849 positivum
951 1788 981 1828 n.
998 1773 1060 1828 out.
1107 1764 1140 1828 Si
1154 1764 1237 1828 enim
1252 1764 1326 1829 sub·

218 1876 331 1939 stantia
345 1875 538 1954 intellectiva,
554 1898 623 1960 quae
636 1875 729 1939 habet
745 1897 836 1939 suum
851 1873 1052 1938 intrinsecum
1066 1874 1325 1959 complementum

219 1986 429 2066 substantiale,
445 1987 553 2051 existat
568 1995 715 2070 separate,
731 1985 809 2050 illud
824 1985 1082 2070 complementum
1097 1987 1155 2050 crit
1171 1986 1324 2067 ultimum,

219 2099 291 2183 quia
321 2108 420 2161 status
449 2098 647 2182 separationis
676 2097 809 2162 excludit
839 2097 988 2162 actualem
1017 2099 1324 2163 communicationem

219 2232 288 2275 cum
305 2209 363 2274 alio
372 2234 382 2288 ;
404 2219 435 2274 et
451 2209 493 2274 sic
507 2209 693 2294 principium
713 2208 926 2294 operationum
947 2208 1152 2294 spiritualium
1171 2211 1228 2274 erit
1244 2233 1325 2295 quae-

220 2321 290 2386 dam
302 2343 449 2406 personat
470 2320 577 2392 sivero
589 2321 694 2385 eadem
707 2320 879 2385 substantia
893 2320 1010 2384 babens
1023 2343 1114 2385 suum
1125 2321 1325 2386 intrinsecum

218 2433 475 2518 complementum
492 2432 702 2514 substantiale,
717 2433 827 2498 existat
843 2433 1006 2499 coniuncta
1020 2456 1090 2499 cum
1106 2455 1239 2519 corpore,
1249 2434 1326 2499 illud

219 2546 478 2631 complementum
492 2568 556 2610 non
570 2547 628 2610 crit
648 2546 813 2625 ultimum;
835 2546 961 2611 habebit
982 2546 1066 2611 enim
1087 2546 1171 2611 aliud
1193 2548 1326 2633 comple-

220 2666 360 2722 mentum
374 2658 531 2737 naturalc3
553 2666 584 2721 et
599 2658 642 2722 sic
657 2658 759 2723 anima
773 2680 837 2721 non
852 2658 964 2743 poterit
984 2658 1116 2743 amplius
1137 2658 1326 2724 denominari

219 2793 350 2855 persona
364 2770 491 2855 apriorc
505 2769 739 2854 complemento,
754 2769 847 2854 quod,
862 2769 934 2834 licet
949 2778 1079 2849 maneat,
1095 2778 1198 2833 tamen
1214 2771 1326 2835 desinit

220 2905 286 2947 esse
307 2882 471 2961 ultimum;
494 2881 549 2945 sed
569 2881 737 2947 necessario
760 2880 1007 2945 denominabitur
1027 2904 1156 2965 persona
1173 2904 1210 2945 ex
1224 2890 1326 2967 poste-

221 2996 298 3059 riorc
312 2994 528 3058 terminatione
542 2993 580 3057 ad
596 3016 716 3078 corpus,
729 3016 797 3078 quae
812 2991 972 3057 constituit
987 2992 1052 3055 cius
1067 2992 1325 3077 complementum

221 3106 376 3169 ultimum.
416 3104 508 3169 Unde
522 3112 607 3189 patet
622 3106 755 3169 animam
772 3112 942 3189 separatam
954 3126 1019 3167 esse
1034 3125 1196 3188 personam
1209 3105 1326 3170 ratione

221 3217 437 3302 complementi
462 3215 682 3296 substantialis,
706 3224 737 3280 et
759 3215 915 3281 homiuem
936 3237 1001 3279 esse
1023 3238 1184 3301 personam
1208 3217 1326 3298 ratione

221 3328 436 3415 complementi
450 3327 609 3408 naturalis,
624 3350 686 3412 quo
700 3327 811 3392 ultimo
826 3328 1007 3413 completur.

264 3443 315 3505 Ad
329 3442 459 3505 alterum
474 3463 537 3525 nep.
553 3448 615 3504 aot.
660 3440 742 3503 Nam
758 3440 797 3503 ad
814 3439 960 3504 unionem
980 3439 1202 3527 hypostaticam
1223 3445 1324 3527 requi-

221 3564 348 3633 reretur,
364 3561 400 3616 ut
415 3552 517 3617 anima
531 3551 674 3616 retineret
694 3551 845 3616 actualem
863 3552 1011 3617 rationem
1030 3548 1167 3637 personae
1181 3554 1273 3618 etiam
1285 3565 1325 3632 ,ut

220 3666 384 3731 coniuncta
394 3664 530 3749 corpori:
554 3663 638 3749 quod
645 3663 778 3728 vidimus
793 3686 855 3728 non
871 3685 959 3749 posse
973 3664 1048 3744 fieri,
1064 3665 1137 3750 quia
1150 3666 1324 3731 coniunctio

221 3779 274 3843 illa
289 3769 369 3842 tollit
384 3776 608 3861 complemento
628 3774 824 3840 substantiali
838 3776 947 3840 animae
961 3776 1109 3840 rationem
1125 3776 1227 3841 ultimi
1242 3800 1324 3843 com-

103 3914 106 3918 *
221 3889 378 3976 plementi',
394 3913 455 3975 qua
470 3888 668 3954 constituitur
686 3888 897 3973 personalitas.
943 3888 1027 3973 Hinc
1044 3888 1129 3955 nulla
1144 3889 1323 3971 substantia,

220 4005 254 4067 iu
269 4026 330 4088 qua
344 4002 422 4067 ratio
436 4002 574 4066 formalis
594 3999 818 4086 personalitatis
831 4000 870 4064 sit
885 4000 1001 4085 aliquid
1015 4001 1202 4085 negativum,
1222 4010 1324 4086 potest

222 4115 304 4179 uniri
322 4114 515 4202 hypostatice
536 4136 608 4178 cum
629 4112 698 4191 alio,
721 4134 818 4197 quum
840 4133 894 4195 per
915 4112 1013 4196 ipsam
1037 4112 1180 4176 unionem
1201 4114 1326 4179 amittat

222 4250 309 4292 suam
323 4226 588 4312 personalitatem:
611 4232 642 4289 et
656 4224 709 4288 illa
724 4223 787 4288 sola
807 4222 979 4288 substantia
1000 4231 1102 4308 potest
1124 4224 1206 4288 uniri
1228 4224 1325 4311 hypo·

223 4340 329 4405 statice
351 4338 437 4404 alteri
460 4346 587 4417 naturae,
610 4337 642 4401 in
666 4358 727 4422 qua
755 4335 833 4400 ratio
861 4334 1086 4421 personalitatis
1108 4342 1154 4401 est
1175 4335 1322 4421 positiva:
