3200 4975
284 350 347 411 138
739 367 782 409 ns
800 366 948 411 nonina.
1258 343 1343 427 [car.
1362 362 1386 405 1.

280 534 437 600 tellectum
452 541 604 619 argentm
619 535 655 597 2⁰
668 532 857 597 intellectum
874 532 1052 618 patientem,
1071 532 1106 595 3⁰
1120 552 1255 597 amorem
1269 530 1317 595 sui
1332 551 1387 593 ne·

280 646 535 732 caesariamque
557 644 715 710 animuin
741 667 774 709 se
797 644 864 729 ipss
889 644 1129 710 substantialiter
1152 642 1332 729 completur,
1355 650 1387 707 et

282 758 440 823 constituit
455 756 661 842 passivitatem
684 756 863 835 affectivam,
884 779 946 843 qua
965 757 1064 842 posita
1080 765 1166 821 aetus
1183 755 1387 821 intellectivus

281 872 400 955 primus
416 870 453 935 fit
474 867 645 954 completus
663 868 697 933 in
714 890 781 933 esse
800 878 887 934 aetus
908 869 1023 935 volitivi
1042 870 1143 955 primi,
1159 878 1194 934 ut
1209 869 1326 933 dietum
1341 876 1389 932 est

281 984 402 1067 agendo
416 981 454 1047 de
468 981 641 1046 substantia
649 980 801 1065 spirituali
812 982 856 1063 (n.
866 982 934 1064 38).
979 981 1018 1045 ln
1030 1003 1155 1066 corpore
1163 1002 1233 1045 vero
1244 979 1388 1063 organico

281 1097 315 1159 in
329 1094 469 1179 potentia
482 1093 576 1158 vitam
591 1092 724 1158 habente
740 1091 891 1156 habemus
913 1095 946 1156 1⁰
957 1102 1060 1158 actum
1081 1092 1214 1177 corporis
1230 1091 1388 1156 existentis

283 1230 353 1272 cum
380 1228 436 1271 suo
460 1207 645 1289 organismo,
671 1208 706 1269 2⁰
729 1204 937 1289 passivitatem
961 1205 1197 1290 respondentem
1219 1202 1389 1268 intellectui

283 1321 413 1403 passivo,
436 1320 471 1381 3⁰
485 1316 690 1401 passivitatem
708 1316 943 1401 respondentem
966 1316 1135 1402 passivitati
1150 1316 1311 1381 affectiva:
1334 1338 1390 1400 per

281 1454 350 1516 quae
365 1431 424 1495 tria
437 1428 629 1494 ostendimus
643 1449 753 1511 eorpus
767 1427 914 1492 constitui
925 1427 956 1491 in
967 1428 1105 1513 potentia
1118 1426 1270 1492 advitam.
1304 1425 1389 1502 Qua·

281 1528 407 1629 propter
420 1540 453 1604 in
469 1538 647 1624 composito,
663 1536 701 1602 de
710 1560 771 1622 quo
782 1538 914 1622 agimus,
928 1548 1038 1623 praeter
1047 1538 1237 1605 intellectum
1246 1547 1389 1621 agentem

282 1666 313 1719 et
327 1654 494 1739 patientem
508 1660 540 1715 et
553 1672 688 1715 amorem
703 1649 752 1713 sui
765 1648 1012 1729 intellectualem,
1024 1649 1077 1736 qui
1089 1650 1248 1715 constituit
1263 1642 1388 1734 passivi:

281 1776 378 1831 tatem
401 1764 565 1829 effectuum
591 1760 807 1846 spiritualium,
834 1762 893 1826 alia
918 1762 978 1826 tria
1004 1762 1115 1827 similia
1137 1761 1280 1847 ponenda
1305 1768 1388 1837 sunt,

283 1900 394 1964 nempe
408 1898 516 1941 sensus
536 1896 641 1959 agens,
660 1896 768 1938 sensus
791 1874 921 1958 patiens,
942 1883 973 1939 et
988 1897 1072 1939 amor
1090 1875 1139 1939 sui
1158 1874 1319 1952 sensibilis,
1335 1874 1390 1958 qui

284 1988 443 2055 constituit
459 1985 665 2072 passivitatem
680 1984 845 2049 affectuum
860 1985 1085 2051 sensibilium*.

319 2178 337 2214 θ
362 2171 389 2226 S.
403 2170 530 2223 'Thomas
548 2186 603 2222 non
621 2166 699 2239 ponit
718 2184 827 2221 sensum
846 2175 986 2240 sgentem3
1012 2170 1089 2224 euius
1110 2170 1179 2225 ratio
1196 2169 1283 2225 videri
1301 2176 1392 2243 potest

285 2261 322 2331 (p.
339 2259 363 2312 1.
376 2275 402 2328 q.
416 2256 457 2311 79.
472 2274 495 2309 a
504 2256 544 2325 3),
554 2253 601 2307 ubi
614 2252 665 2306 sibi
674 2254 802 2324 proponit
810 2254 880 2309 hanc
891 2254 1087 2310 abiectionem:
1108 2258 1294 2311 Sieatselsmct
1304 2276 1392 2311 seimus

284 2348 321 2400 ad
330 2344 466 2412 sanabilia
479 2343 517 2395 ita
532 2360 559 2395 aa
569 2341 645 2393 habet
655 2340 795 2394 intellectas
807 2344 844 2394 ad
859 2344 1044 2415 intellipsbilia:
1062 2346 1113 2413 sed,
1127 2345 1189 2416 qaia
1206 2364 1293 2399 senata
1310 2352 1348 2399 est
1362 2346 1391 2399 ia

279 2434 398 2508 potentia
410 2434 447 2486 ad
456 2429 593 2499 ammata
610 2445 663 2488 aaa
675 2428 981 2504 pretermittam,
995 2433 1041 2486 secl
1054 2450 1141 2486 emmas
1151 2432 1256 2504 patriam
1273 2439 1392 2492 tantamr

284 2542 352 2594 erpo,
363 2540 443 2594 qaam
454 2519 593 2574 intellectas
600 2522 686 2570 aasar
694 2516 728 2569 sal
740 2516 768 2568 ia
775 2520 894 2588 potentia
907 2523 943 2574 ad
953 2520 1127 2592 intellimbs'laa,
1140 2522 1248 2590 mitetur,
1260 2525 1330 2594 quod
1339 2541 1392 2576 noa

285 2612 373 2664 dabam
381 2608 447 2679 poni
457 2605 595 2660 mmdcctas
607 2620 693 2673 eomas,
709 2603 892 2673 sedpoaaaae
904 2612 1013 2660 tantam.
1052 2607 1104 2661 Oui
1117 2607 1156 2663 sic
1167 2609 1326 2681 respondet:
1346 2609 1395 2662 Ad

279 2697 402 2768 primam
414 2694 558 2759 dicendam,
576 2691 645 2761 qaod
654 2687 787 2742 cambilla
799 2691 969 2746 inveniuntur
980 2699 1039 2747 acta
1055 2700 1129 2747 extra
1147 2695 1282 2754 animam:
1300 2702 1324 2749 et
1335 2696 1393 2749 idco

285 2804 337 2838 aaa
348 2781 464 2853 oportuit
476 2798 575 2850 ponere
586 2794 688 2831 sensam
700 2783 823 2846 aqamtcm.
861 2779 899 2833 Et
911 2780 949 2832 sic
955 2786 1031 2850 patet
1048 2782 1117 2850 qaod
1132 2781 1162 2835 ia
1168 2789 1248 2852 parte
1266 2783 1394 2838 nutritiae

286 2890 373 2926 omnes
378 2868 504 2940 potentia
512 2872 572 2920 suat
580 2868 687 2922 aetiam
701 2866 813 2937 inpartc
820 2873 907 2920 aatcm
914 2868 1036 2922 sarsitiaa
1046 2870 1265 2938 amaespassiaoea
1283 2871 1395 2940 impacta

286 2977 346 3014 acro
356 2955 509 3011 intellectiva
522 2960 559 3008 est
571 2954 673 3025 aliquid
682 2956 796 3009 articam
809 2960 832 3007 et
844 2954 946 3024 aliquid
950 2955 1094 3024 passivam.
1131 2955 1200 3010 Tota
1211 2956 1271 3011 haee
1282 2975 1393 3031 respon·

286 3044 334 3113 sio,
349 3042 419 3097 sieut
431 3047 459 3094 et
469 3045 529 3093 tota
540 3040 645 3094 theoria
657 3040 685 3095 S.
698 3041 811 3094 Thomae
830 3039 900 3094 eirea
917 3045 994 3094 aetus
1011 3041 1208 3112 cognoscitivos
1223 3043 1354 3098 fundetur
1364 3046 1394 3099 in

286 3131 403 3203 quodam
414 3127 555 3200 principio,
569 3128 641 3198 quod
653 3130 760 3182 Forma
773 3129 803 3182 ia
820 3128 931 3181 materia
945 3129 1080 3182 caismates
1091 3148 1143 3183 ama
1154 3137 1214 3184 mat
1225 3131 1395 3202 intells'pibe'les

286 3223 354 3272 acta.
391 3214 474 3282 Hinc,
487 3213 553 3284 quia
564 3213 635 3266 nihil
643 3214 783 3268 reducitur
790 3214 825 3267 de
833 3214 957 3285 potentia
964 3213 994 3267 in
1004 3219 1095 3268 aetum
1104 3215 1157 3268 nisi
1166 3235 1214 3288 par
1224 3217 1335 3288 aliquod
1347 3237 1395 3272 ens

287 3310 352 3358 actu
364 3303 406 3373 (et
418 3300 457 3355 sie
469 3317 563 3353 sensus
574 3301 608 3353 fit
620 3300 649 3354 in
662 3307 725 3354 actu
736 3318 784 3372 per
800 3300 927 3354 sensibile
939 3300 969 3354 in
981 3300 1067 3371 actu),
1084 3302 1223 3356 concludit
1234 3302 1261 3358 S.
1276 3304 1395 3359 Thomas

288 3390 360 3461 quod
373 3393 470 3458 oportet
477 3405 575 3456 ponere
586 3387 702 3457 aliquam
714 3387 837 3441 virtatem
849 3393 964 3456 asporta
974 3387 1121 3455 intellectus,
1135 3408 1191 3460 qua
1196 3389 1287 3462 faeiat
1298 3392 1395 3446 intelli·

287 3476 379 3547 9abilia
390 3475 420 3528 ia
432 3479 491 3526 acta
497 3492 549 3542 per
561 3474 760 3527 abstractionem
771 3474 914 3543 speciosam
926 3492 942 3526 a
961 3475 1148 3529 coaditioaimas
1160 3477 1353 3532 materialibus:
1371 3487 1395 3533 at

288 3565 342 3616 laec
353 3567 390 3615 est
401 3559 536 3613 mceasitas
542 3560 658 3629 ponendi
669 3559 824 3613 intellectam
836 3565 959 3630 aqeatem.

324 3647 380 3702 Sed
397 3645 542 3700 dicendum
558 3652 607 3713 est,
626 3646 701 3700 salva
712 3645 863 3699 reverentia
875 3644 902 3698 S.
916 3645 1029 3700 Thomas
1042 3646 1141 3717 debita,
1155 3648 1227 3718 quod
1239 3649 1395 3706 intellectus

289 3753 371 3809 agens
382 3750 437 3787 non
449 3732 511 3786 ideo
529 3733 617 3786 solnm
637 3733 777 3805 ponendus
789 3738 838 3801 est,
851 3732 916 3803 quia
926 3750 1035 3788 neeesse
1047 3739 1089 3787 est
1101 3733 1254 3790 abstrahere
1266 3738 1367 3809 species
1380 3757 1397 3793 a

290 3818 490 3879 conditionibus
505 3819 697 3888 materialibus,
716 3820 763 3873 sed
780 3819 842 3874 ideo
861 3819 952 3887 etiam,
971 3825 999 3873 et
1018 3820 1159 3892 praeeipue,
1173 3821 1238 3891 quia
1250 3830 1326 3876 aetus
1341 3842 1396 3878 non

289 3911 398 3986 ponitur
409 3907 468 3962 sine
485 3911 590 3977 agente,
609 3924 659 3961 nec
673 3906 789 3960 intuitus
806 3905 864 3960 sine
880 3906 1019 3960 intuente:
1039 3913 1067 3960 et
1079 3906 1206 3960 similiter
1220 3926 1275 3963 non
1287 3911 1397 3981 ponitur

289 3996 389 4054 sentire
401 3993 459 4046 sine
471 3991 612 4045 sentiente.
650 3991 756 4046 Sentire
767 3996 861 4046 autem
875 4010 931 4045 non
943 3997 985 4046 est
997 3991 1054 4044 sola
1064 3991 1161 4063 passio,
1175 3991 1246 4046 aaut
1257 3994 1341 4048 etiam
1352 3995 1395 4049 in·

289 4084 420 4155 telligere,
432 4079 498 4134 lieet
513 4077 619 4132 dicatur
631 4079 703 4148 quod
717 4079 859 4149 intellipcre
872 4084 908 4132 est
920 4080 1049 4149 quoddam
1056 4079 1119 4148 pati
1125 4098 1131 4132 :
1151 4078 1199 4132 sed
1210 4079 1281 4134 sicut
1293 4081 1396 4135 intelli-

290 4189 352 4246 gere
365 4177 407 4224 est
418 4165 551 4236 attingere
563 4170 626 4220 actu
644 4165 773 4220 inbritivo
792 4165 935 4234 obiectum,
948 4183 965 4219 a
976 4184 1029 4237 quo
1041 4165 1196 4220 intellectus
1214 4166 1337 4238 passivus
1348 4187 1396 4241 pa-

289 4259 365 4324 titur,
377 4256 418 4307 ita
429 4252 528 4306 sentire
540 4258 582 4306 est
593 4251 726 4324 attingere
738 4259 801 4306 actu
810 4251 938 4306 sensitiva
948 4251 1092 4321 obiectum,
1100 4270 1116 4305 a
1123 4269 1176 4322 quo
1190 4270 1282 4307 sensus
1291 4255 1397 4325 patiens

290 4347 431 4410 movetur,
450 4345 478 4393 et
489 4338 550 4393 ideo
559 4355 668 4394 necesse
678 4345 719 4394 est
730 4357 829 4410 ponere
841 4339 896 4394 vim
905 4339 1023 4394 activam
1035 4355 1089 4410 qua
1101 4355 1194 4393 sensus
1206 4344 1270 4394 actu
1282 4341 1396 4396 sentiat:
