3200 4975
202 382 271 424 cnr.
289 362 344 446 ru]
509 386 552 427 nn
568 383 769 428 susurrum
784 384 985 432 srrnrruaur.
1259 365 1303 426 49

245 548 309 614 Ubi
326 549 405 613 illud
419 572 541 636 quoque
559 551 659 615 notari
674 550 775 631 debet,
790 550 1051 615 coinexistentiam
1073 551 1190 636 cogniti
1203 550 1236 615 in
1252 573 1302 615 co·

201 670 367 745 gnoscente
382 670 413 726 et
429 663 640 746 cognoscentis
655 662 687 726 in
703 662 837 747 cognito,
847 685 915 748 quae
924 661 1015 727 habet
1029 663 1177 727 rationem
1192 662 1304 727 amoris

200 773 315 858 proprii
335 774 554 853 substantialis,
571 774 723 859 complere
743 774 836 838 etiam
850 775 883 838 in
904 796 961 838 suo
978 797 1043 839 esse
1060 774 1218 859 adaequato
1236 798 1306 839 con·

199 888 359 964 scientiam,
376 907 437 970 qua
460 886 586 971 spiritus
608 886 708 971 primo
723 886 782 950 sibi
796 887 937 951 conscius
959 895 1006 951 est
1021 886 1059 951 dc
1073 909 1130 950 suo
1150 909 1216 950 esse
1231 885 1303 950 sub·

201 997 383 1061 stantialiter
404 1006 607 1083 cognoscente
627 1007 658 1062 et
678 1007 800 1062 amante
822 999 966 1082 seipsum.
1013 998 1088 1062 Haec
1110 1007 1213 1061 autem
1229 1019 1302 1061 con·

201 1109 326 1173 scientia
335 1110 460 1174 omnino
469 1111 577 1195 prima,
589 1110 840 1190 fundamentalis,
849 1120 880 1175 et
890 1110 1108 1189 substantialis,
1120 1109 1303 1175 considerari

201 1229 301 1305 potest
316 1230 474 1306 tamquam
488 1244 566 1287 nova
580 1221 710 1288 facultas
730 1222 761 1285 in
777 1222 885 1286 ordine
899 1222 939 1286 ad
961 1230 1047 1286 ectus
1062 1222 1208 1307 quosdam
1225 1222 1302 1286 acci·

201 1332 347 1411 dentales,
358 1332 391 1396 in
406 1342 557 1419 quantum
571 1331 603 1397 id
618 1333 835 1419 propterquod
851 1332 1022 1397 substantia
1030 1333 1196 1418 spiritualis
1205 1332 1304 1417 primo

200 1442 319 1506 conscia
334 1442 392 1507 sibi
408 1451 454 1507 est
470 1443 507 1507 de
522 1466 578 1507 suo
594 1466 658 1508 ease
674 1442 878 1522 substantiali,
894 1442 971 1508 illud
989 1442 1069 1507 idern
1085 1455 1132 1506 est
1146 1442 1233 1520 ratio,
1249 1464 1305 1507 cur

200 1553 296 1637 possit
310 1554 415 1619 eadem
431 1555 603 1619 substantia
618 1555 675 1619 sibi
691 1555 812 1620 conscia
831 1577 897 1619 csse
912 1554 950 1619 de
964 1576 1020 1618 suo
1034 1578 1100 1618 esse
1115 1554 1303 1619 accidentali.
1398 1566 1401 1570 ’

202 1665 304 1741 Quare
318 1667 511 1745 conscientia,
525 1667 603 1732 sicut
618 1667 791 1732 intellectus
806 1676 837 1731 et
849 1667 1000 1746 voluntas,
1012 1677 1058 1731 est
1073 1666 1183 1751 partim
1195 1667 1303 1746 activa,

200 1777 312 1862 partim
332 1779 470 1863 passiva:
494 1779 548 1844 sed
562 1778 683 1863 passiva
700 1778 796 1863 prius,
812 1789 842 1842 et
858 1776 968 1843 deinde
990 1778 1107 1857 activn3
1129 1801 1201 1841 nam
1217 1779 1304 1863 prius

200 1898 246 1953 est
260 1912 326 1953 esse
340 1889 530 1955 affectionem
545 1889 720 1955 intellectus
728 1889 777 1953 vel
785 1889 961 1971 voluntatis,
971 1912 1063 1975 quam
1079 1890 1116 1953 de
1125 1888 1178 1953 illa
1191 1889 1303 1955 habere

200 2001 349 2065 actualem
365 2002 592 2067 conscientiam.

243 2112 381 2177 Tertium
400 2114 541 2199 denique,
557 2113 641 2198 quod
655 2113 796 2177 videlicet
811 2113 953 2177 voluntas
967 2113 1008 2176 sit
1030 2112 1153 2177 domina
1176 2135 1302 2176 suorum

200 2233 334 2304 actuum,
350 2233 434 2310 patet
449 2248 485 2289 ex
507 2246 543 2288 eo
558 2224 649 2309 quod,
660 2224 692 2288 in
710 2224 865 2288 voluntate
886 2226 953 2308 ipsa
967 2225 1149 2289 terminetur
1170 2247 1204 2289 ac
1219 2246 1301 2288 com-

200 2335 319 2421 pleatur
340 2336 472 2421 perfecte
494 2336 561 2421 ipsa
583 2335 755 2400 substantia
778 2335 955 2420 spiritualis,
977 2347 1011 2400 ut
1031 2336 1214 2421 explicatum
1236 2345 1301 2414 est;

200 2447 282 2513 unde
307 2448 447 2514 voluntas
471 2470 532 2512 non
557 2447 675 2533 indiget
699 2447 800 2534 aliquo
826 2448 886 2514 alio
912 2448 1116 2529 substantiali,
1136 2471 1197 2533 quo
1219 2471 1301 2514 oom-

199 2561 329 2644 pleatur,
345 2571 375 2625 et
389 2585 444 2646 per
465 2563 523 2627 hoc
537 2572 583 2626 est
602 2562 726 2626 domina
749 2584 875 2626 suorum
891 2574 1025 2642 actuum,
1040 2585 1098 2628 nec
1118 2562 1233 2648 aliquid
1254 2571 1301 2626 est

200 2673 234 2736 in
256 2674 455 2739 intellectuali
479 2674 660 2753 substantia,
684 2674 765 2759 quod
791 2674 979 2738 voluntatem
1008 2674 1094 2758 liget.
1140 2673 1302 2750 Quomodo

200 2794 303 2848 autem
314 2786 455 2850 voluntas
470 2785 685 2850 intellectualis
700 2785 740 2849 sit
754 2785 860 2864 libera,
873 2786 1042 2868 attingetur
1056 2785 1137 2850 infra
1150 2808 1216 2871 cap.
1226 2784 1302 2863 III.,

200 2904 231 2959 et
253 2897 352 2982 magis
382 2897 582 2982 explicabitur
610 2897 643 2960 in
673 2897 814 2982 sequenti
842 2905 983 2975 tractatu,
1013 2896 1067 2961 ubi
1096 2897 1134 2961 de
1162 2896 1302 2960 libertate

200 3008 334 3073 bumana
349 3010 542 3074 disseremus.

244 3124 297 3185 40.
323 3121 384 3186 Sed
404 3122 482 3186 circu
503 3122 637 3206 primum
658 3120 851 3185 corollarium
874 3120 1023 3185 babemus
1045 3121 1300 3185 contradicentem

201 3231 233 3296 S.
249 3232 408 3312 rlbomam,
424 3243 548 3318 propter
562 3232 705 3313 rationes,
721 3254 797 3317 quas
813 3254 905 3316 supra
919 3232 1079 3316 attigimus
1096 3232 1248 3317 loquendo
1263 3231 1301 3296 de

198 3342 376 3408 intellectu:
399 3353 430 3408 et
446 3344 518 3430 quia
529 3343 635 3408 eudem
644 3354 691 3407 est
702 3343 780 3408 ratio
789 3364 846 3429 pro
857 3342 1013 3408 voluntate
1024 3366 1122 3428 acpro
1133 3342 1301 3421 intellectu,

199 3477 267 3539 quae
282 3478 374 3539 supra
388 3455 603 3540 respondimus
616 3455 736 3539 agendo
746 3456 784 3519 de
798 3454 967 3533 intellectu,
977 3454 1123 3519 valebunt
1136 3455 1228 3519 etiam
1243 3455 1301 3519 hoc

199 3565 276 3631 loco.

243 3677 305 3742 Sed
320 3679 478 3762 specialem
495 3678 704 3743 difficultatem
721 3677 871 3762 attingam
888 3700 924 3742 ex
940 3701 971 3762 p.
989 3680 1019 3741 1.
1034 3700 1065 3762 q.
1081 3681 1133 3742 59.
1149 3701 1177 3741 a.
1193 3680 1235 3756 2,
1247 3677 1301 3741 ubi

200 3789 230 3852 S.
248 3789 381 3853 Thomas
404 3790 447 3854 sic
473 3789 533 3854 ait:
563 3791 705 3854 Voluntas
729 3790 760 3852 in
785 3789 896 3872 capelia
919 3797 962 3852 est
988 3789 1118 3872 quodum
1139 3791 1233 3853 virtus
1255 3789 1303 3852 vel

191 3903 338 3983 potentia,
364 3924 427 3985 qun
448 3924 500 3966 nec
521 3910 565 3966 est
586 3904 650 3984 ι’ρεα
677 3923 774 3964 eorum
796 3909 914 3977 norma,
927 3922 988 3970 nec
1009 3923 1107 3964 corum
1128 3900 1299 3965 intellectus.

198 4117 248 4154 nos
260 4117 317 4154 osse
330 4105 421 4155 actum
432 4099 631 4154 intellectivum
642 4098 818 4154 terminatum
833 4099 868 4153 ad
879 4117 997 4154 amorem
1008 4100 1143 4173 passivum
1155 4103 1198 4157 sui
1210 4103 1301 4175 ipsius

198 4186 254 4240 Sed
270 4186 300 4240 in
311 4186 364 4241 hoc
375 4187 483 4260 passivo
498 4187 556 4241 solo
573 4204 629 4241 non
646 4187 765 4241 salvatur
777 4186 848 4241 ratio
859 4187 1026 4241 voluntatis:
1045 4187 1109 4259 quia
1125 4187 1150 4242 si
1165 4189 1301 4260 voluntas,

197 4278 230 4328 ut
247 4274 294 4343 sic,
316 4279 358 4328 cst
376 4279 485 4328 tanturn
502 4279 585 4344 mota,
597 4291 652 4328 non
674 4272 726 4327 orit
745 4273 860 4328 factdtos
881 4273 978 4343 activa,
990 4274 1039 4329 sed
1056 4275 1165 4347 passiva
1184 4281 1299 4332 tanturn.

198 4361 260 4416 Hoc
271 4365 362 4416 autam
375 4359 402 4415 S.
416 4361 534 4416 Thomas
545 4378 600 4415 non
611 4360 736 4415 intendit

243 4455 318 4521 von.
332 4478 371 4521 11.
1108 4479 1126 4518 r
