3200 4975
297 382 340 445 42
617 402 659 445 na
676 402 875 445 susaraurra
892 402 1096 445 armannum.
1264 380 1350 465 [car.
1367 400 1409 443 11.

295 569 429 653 angelis:
454 568 507 632 sed
522 576 611 653 putat
627 566 816 632 intellectum
831 568 986 649 passivum
1001 589 1065 632 non
1080 590 1145 631 esse
1160 568 1192 630 in
1207 567 1282 652 ipsis
1296 577 1405 652 poten·

295 681 399 745 tialem
415 680 454 745 ad
475 680 662 765 recipiendas
685 680 811 765 species,
833 702 870 745 eo
892 680 975 765 quod
997 681 1119 761 renuat,
1141 682 1296 764 unicuique
1315 682 1404 765 epiri-

295 794 418 859 tualium
440 801 640 857 manturanum
662 792 792 856 aVcrbo
814 794 876 857 Dei
896 796 1054 875 impressas
1073 815 1136 857 eece
1154 815 1252 857 omnea
1275 794 1406 857 rationes

293 928 392 970 rerum
413 906 540 969 annium
562 913 623 969 tam
645 905 850 989 corporalium,
873 926 961 989 quam
982 905 1182 989 spiritualium
1200 907 1242 989 (p.
1260 908 1291 968 1.
1302 926 1333 989 q.
1348 907 1402 968 56.

294 1040 321 1081 a.
344 1019 398 1099 2)r
421 1026 452 1080 et
475 1015 547 1081 alibi
569 1015 673 1081 addit:
696 1016 808 1101 Ampeli
830 1038 888 1079 non
910 1018 1017 1080 ladem
1037 1016 1168 1101 aliquam
1190 1016 1402 1100 intellipidilem

288 1131 543 1214 potentiamque
557 1131 670 1193 nuncil
690 1129 824 1194 totaliter
845 1129 987 1213 completa
1000 1151 1060 1213 per
1078 1130 1187 1213 species
1206 1128 1404 1212 intellipidilec

293 1242 496 1306 connaturales
510 1243 553 1306 cis
570 1242 612 1325 (p.
631 1243 660 1304 1.
677 1262 708 1325 q.
724 1243 778 1305 58.
794 1263 822 1305 a.
842 1241 885 1323 1).
921 1239 982 1305 Sed
996 1240 1064 1305 brec
1078 1240 1143 1325 ipse
1157 1239 1267 1304 nullibi
1281 1238 1401 1324 probat,

292 1353 375 1439 quod
390 1354 493 1433 sciam,
509 1362 539 1417 et
555 1352 653 1417 solum
675 1352 749 1417 dicit
764 1352 808 1417 sic
823 1352 953 1417 sensisse
969 1353 1002 1418 S.
1019 1352 1249 1438 Augustinum:
1272 1352 1397 1430 accedit,

291 1465 374 1551 quod
395 1466 461 1550 ipse
484 1464 516 1529 S.
539 1464 672 1529 'l'homas
695 1464 768 1529 alibi
797 1463 944 1543 admittit,
974 1464 1101 1549 angelos
1122 1463 1239 1549 aliquid
1261 1462 1299 1527 de
1320 1484 1399 1528 novo

290 1576 405 1641 discere
430 1598 536 1661 posse:
560 1576 586 1640 si
612 1587 714 1640 autem
740 1576 798 1640 hoc
822 1585 869 1640 est
894 1598 1010 1655 verum,
1040 1597 1146 1641 eorum
1174 1575 1311 1661 potentia
1334 1598 1397 1640 non

290 1688 380 1753 debet
395 1688 455 1753 dici
470 1687 604 1752 totaliter
619 1687 769 1773 completa
784 1710 839 1773 per
852 1688 976 1773 species.

334 1800 416 1864 Mihi
436 1816 510 1885 ergo
531 1799 652 1865 videtur
674 1799 850 1880 dicendum,
874 1800 957 1885 quod
979 1800 1153 1865 intellectus
1174 1799 1227 1865 ille
1247 1800 1395 1885 passivus,

268 1901 381 1977 'ctiam
403 1913 436 1977 in
463 1912 590 1997 angelis,
616 1912 796 1977 naturaliter
821 1912 862 1977 sit
887 1912 1073 1998 potentialis,
1096 1921 1128 1976 et
1152 1913 1278 1997 recipiat
1303 1935 1396 1977 noras

288 2024 411 2109 species.
457 2025 539 2089 Nam
555 2025 581 2088 si
596 2025 733 2110 potentia
754 2024 939 2089 intellectiva
953 2024 1056 2109 angeli
1070 2031 1151 2088 esset
1165 2024 1299 2089 totaliter
1312 2047 1394 2089 com-

287 2136 369 2221 pleta
378 2159 432 2221 per
444 2138 558 2222 species
573 2135 780 2220 intelligibiles
789 2136 818 2201 ei
827 2136 1050 2213 connaturales,
1063 2144 1239 2220 sequeretur
1250 2135 1394 2219 angelum

288 2271 407 2331 semper
430 2247 550 2311 scivisse
573 2270 641 2332 quar
663 2247 730 2326 scit,
753 2257 784 2313 et
807 2269 977 2331 numquam
1005 2246 1186 2311 naturaliter
1213 2269 1395 2331 cognoscere

286 2358 402 2443 aliquid
417 2358 455 2423 de
470 2381 559 2423 novo.
603 2358 700 2443 Atqui
715 2358 773 2423 hcc
787 2380 851 2422 non
871 2368 973 2442 potest
993 2358 1125 2438 admitti,
1144 2358 1211 2442 ipso
1227 2358 1260 2421 S.
1275 2358 1393 2422 'l'homa

285 2470 473 2536 adstruente.
520 2470 600 2534 Nam
617 2470 682 2554 ipse
699 2470 743 2556 (p.
761 2472 789 2534 1.
807 2493 837 2554 q.
856 2472 928 2536 106.
941 2494 969 2534 a.
988 2471 1018 2552 1)
1035 2470 1142 2534 asserit
1156 2495 1245 2534 mrum
1259 2471 1392 2552 capulum

284 2583 452 2648 illuminare
460 2584 560 2662 alium,
573 2585 604 2645 in
615 2590 756 2666 quantum
770 2585 798 2646 ei
812 2584 984 2666 manifestat
997 2585 1159 2661 acritatem,
1168 2595 1256 2665 quom
1269 2585 1332 2667 ipae
1342 2607 1390 2648 co-

280 2698 406 2779 pnoacit.
444 2696 548 2780 Atque
559 2695 599 2758 ad
611 2695 668 2758 hoc
677 2694 892 2779 explicandum
904 2694 964 2759 ait:
991 2695 1087 2767 Quum
1097 2695 1139 2758 ad
1151 2695 1391 2761 intellectumduo

284 2816 458 2872 concurrant
473 2809 504 2870 in
518 2809 580 2870 cius
599 2809 776 2892 operatione,
799 2807 910 2870 scilieet
930 2807 1025 2869 virtue
1043 2805 1228 2885 intellectiva,
1243 2815 1273 2871 et
1285 2810 1390 2872 cimili-

283 2918 352 2982 tudo
362 2921 408 2982 rei
422 2918 583 2997 intellecta,
599 2918 754 2982 secuudum
768 2919 828 2981 lroec
842 2918 899 2982 dcco
912 2940 989 2980 unua
1003 2917 1123 3000 angelus
1136 2919 1226 2982 alteri
1239 2921 1390 2984 veritatem

282 3039 381 3094 notam
396 3030 547 3114 notificare
557 3038 679 3113 patcct;
696 3033 795 3113 primo
812 3029 926 3112 quidem
937 3029 1134 3113 santificantia
1152 3035 1289 3094 virtutem
1304 3035 1389 3097 intel·

282 3141 414 3205 lecticam
428 3144 491 3206 ciue
507 3190 514 3206 .
532 3189 539 3203 .
557 3191 564 3204 .
584 3142 729 3206 .cecundo
753 3149 850 3205 autem
870 3163 947 3204 unas
968 3141 1088 3222 angelus
1110 3141 1198 3204 alteri
1217 3144 1388 3227 manifestat

281 3253 433 3315 amitalem
461 3272 500 3314 eu
523 3259 613 3334 parte
641 3252 843 3326 similitudinis
863 3253 909 3314 rei
932 3250 1094 3315 intellecta.
1142 3251 1283 3335 Superior
1310 3255 1387 3316 enim

280 3361 401 3443 capelia
414 3363 551 3425 notitiam
571 3364 704 3425 ueritatis
719 3364 799 3445 capit
814 3365 847 3425 in
865 3363 1025 3425 universali
1046 3363 1172 3445 madum
1192 3367 1386 3448 conceptioni,

280 3473 414 3555 adquam
426 3474 594 3556 capiundum
608 3475 758 3554 inferioris
773 3474 871 3557 ampeli
885 3474 1049 3538 intellectus
1063 3497 1121 3537 non
1136 3484 1210 3538 essct
1224 3479 1386 3560 eufficierra5

278 3583 331 3646 secl
354 3593 398 3648 eat
421 3586 448 3646 ei
479 3584 677 3662 connaturale,
699 3594 732 3647 ul
754 3587 851 3668 mauis
874 3585 1100 3668 particulariter
1129 3588 1280 3651 ueritatem
1308 3591 1385 3652 acci·

189 3781 191 3785 ¹
272 3695 350 3776 piat.
390 3695 532 3778 Superior
542 3717 610 3778 arpo
621 3677 741 3779 angelus
755 3674 916 3773 ueritatem,
932 3717 1020 3778 qaam
1032 3697 1235 3761 uniueraaliter
1248 3701 1385 3782 canopo,

279 3810 487 3892 quadammodo
516 3810 681 3892 destinauit,
704 3819 737 3874 ul
761 3811 798 3873 ab
820 3810 957 3894 inferiori
978 3813 1046 3894 capi
1063 3813 1178 3893 poscit:
1209 3822 1238 3876 et
1256 3814 1301 3876 cic
1321 3836 1384 3877 cam

278 3923 501 4005 cognoscendam
522 3921 569 3984 illi
584 3923 746 4004 proponit:
768 3923 847 3985 sicut
867 3924 956 3986 ctiam
981 3923 1062 4006 apud
1081 3945 1134 3988 noa
1155 3924 1286 3988 doctores
1307 3927 1386 4008 qrmd

277 4036 308 4096 in
327 4056 438 4098 summo
452 4035 572 4116 capiunt
589 4033 790 4116 multipliciter
810 4034 1003 4119 distinguunt,
1017 4035 1206 4117 providentes
1224 4037 1384 4118 capacitati

277 4146 410 4210 aliarum.
450 4146 581 4224 Necesse
593 4169 665 4230 ergo
676 4153 722 4210 cst
732 4145 831 4224 fateri,
842 4146 933 4212 etiam
946 4146 1030 4210 iuxta
1040 4146 1072 4210 S.
1085 4145 1245 4226 Thornam,
1257 4148 1381 4232 angelos

277 4281 380 4340 capere
387 4281 476 4342 posce
491 4258 522 4321 id
537 4269 584 4320 est
599 4258 730 4340 recipere
746 4257 963 4322 similitudines
974 4281 1097 4329 rerum;
1120 4268 1151 4322 et
1162 4263 1388 4344 consequenter

277 4391 382 4432 eorum
408 4368 575 4450 potentiam
601 4367 783 4452 receptivam
808 4391 869 4432 non
894 4392 959 4433 esse
983 4368 1113 4434 totaliter
1136 4370 1323 4453 completam:
1350 4381 1380 4434 et
