3200 4975
272 341 342 404 236
735 362 777 404 nr
796 361 943 405 nostrus.
1238 338 1322 424 [cra.
1341 361 1379 403 rr.

272 527 356 611 quod
370 528 511 594 voluntas
531 529 602 594 licet
618 529 820 595 determinata
840 529 879 594 ad
894 528 1009 593 bonum
1025 527 1057 590 in
1073 527 1237 608 communi,
1255 537 1380 592 nonest

271 637 473 707 determinata
481 642 521 707 ad
529 642 692 722 obiectum,
705 649 759 707 aut
768 641 894 706 modum
903 639 1117 725 particularem
1128 639 1359 704 consultationis
1371 666 1378 706 :

271 753 415 832 secunde,
432 753 515 839 quod
529 754 631 819 anima
645 754 738 819 babet
759 755 791 818 in
815 752 913 838 seipsa
933 751 1114 836 multiplicis
1133 751 1238 815 iudicii
1252 751 1380 836 practici

269 871 471 946 potestatem:
494 865 594 944 tertio,
611 866 694 951 quod
708 864 802 930 babet
816 865 848 928 in
866 864 964 948 seipsa
979 871 1160 948 potestatem
1177 863 1379 927 concludendi

269 975 526 1040 consultationem
542 977 665 1062 quando
679 977 746 1041 vult
764 985 795 1040 et
817 975 896 1040 sicut
911 974 986 1054 vult,
1008 983 1038 1038 et
1057 973 1231 1039 adhaerendi
1246 974 1294 1039 vel
1315 997 1377 1038 non

268 1085 443 1151 adbaercndi
458 1111 520 1154 suae
535 1088 723 1153 conclusioni
738 1111 793 1152 seu
807 1087 920 1152 iudicio
935 1086 1078 1172 practico.

313 1197 365 1261 76.
387 1197 429 1260 llt
444 1198 546 1283 quoad
560 1199 706 1284 primum,
722 1198 847 1264 concedi
863 1196 962 1276 debet,
978 1197 1095 1261 bonum
1110 1197 1268 1282 quodlibet
1283 1199 1377 1283 parti-

270 1305 382 1387 culare,
397 1307 470 1373 licet
486 1309 638 1390 deficiens,
648 1332 713 1374 esse
724 1309 882 1374 materiam
894 1307 1030 1393 proxime
1045 1307 1211 1392 eligibilem
1225 1306 1377 1373 voluntati

268 1419 407 1483 tendenti
423 1421 463 1485 ad
477 1421 593 1486 bonum
609 1422 641 1486 iu
657 1421 823 1501 communi,
848 1419 971 1505 quando
985 1420 1036 1484 bic
1050 1428 1081 1484 et
1097 1442 1180 1484 nunc
1194 1421 1376 1505 proponitur

265 1531 320 1593 aab
333 1533 443 1595 maiore
456 1535 571 1597 ratione
585 1535 653 1596 boni
667 1554 759 1617 quam
775 1531 841 1596 eius
853 1531 1028 1617 oppositum
1042 1555 1049 1595 ε
1071 1530 1166 1594 immo
1180 1532 1246 1596 baec
1257 1534 1376 1596 maiorr'a

267 1643 335 1705 boni
349 1643 525 1726 apparentia
540 1644 572 1707 in
589 1643 721 1728 quodam
737 1665 831 1707 sensu
846 1664 926 1722 vero,
941 1650 977 1706 ut
993 1642 1128 1706 dicemus
1142 1641 1223 1706 infra
1246 1644 1290 1726 (n.
1308 1645 1374 1728 78),

267 1753 465 1819 videturesse
481 1755 615 1819 conditio
630 1756 808 1834 necessaria,
825 1755 890 1819 sine
905 1777 965 1840 qua
980 1753 1094 1818 bonum
1112 1754 1295 1838 particulare
1309 1778 1373 1820 non

266 1875 368 1950 posset
384 1866 466 1951 eligi.
511 1868 610 1931 Actus
632 1869 714 1931 enim
733 1866 856 1931 volendi
875 1888 973 1930 unum
994 1889 1057 1952 prae
1077 1864 1135 1929 alio
1153 1873 1231 1930 esset
1250 1865 1373 1931 innatu-
1401 1853 1403 1857 ¹

264 1977 337 2040 ralis
352 1979 496 2061 potentiae
510 1978 548 2042 ad
563 1979 682 2043 bonum
697 1979 917 2058 determinatae,
929 1979 955 2042 si
968 1977 1071 2041 minus
1086 1977 1136 2042 hic
1151 1985 1181 2041 et
1192 2000 1275 2056 nunc
1284 1986 1372 2042 ama-

264 2096 349 2152 retur
362 2087 395 2151 id
410 2089 492 2173 quod
506 2089 689 2173 proponitur
711 2089 770 2154 sub
791 2089 911 2154 ratione
925 2087 999 2153 boni
1022 2088 1072 2153 hic
1092 2098 1123 2152 et
1142 2111 1225 2154 nunc
1239 2089 1373 2154 maioris.

264 2200 330 2264 Nec
355 2200 414 2265 boc
438 2210 484 2264 est
508 2201 616 2280 dicere,
643 2223 828 2266 consensum
851 2201 980 2266 liberum
1007 2201 1201 2265 determinari
1221 2223 1239 2264 a
1259 2201 1371 2266 iudicio

263 2311 406 2394 practico,
422 2312 476 2376 sed
495 2301 619 2376 tantum
641 2335 705 2376 non
730 2312 795 2376 dari
817 2335 997 2377 consensum
1018 2312 1162 2392 liberum,
1182 2313 1242 2377 nisi
1261 2335 1370 2397 praece·

263 2422 355 2487 dente
369 2421 481 2488 iudicio
497 2423 630 2509 practico
645 2424 828 2489 ostendente
843 2423 997 2489 obiectum
1018 2424 1075 2489 sub
1098 2424 1216 2489 rationo
1231 2425 1304 2490 boni
1319 2425 1370 2490 bic

261 2543 292 2598 et
306 2558 390 2600 nunc
410 2537 532 2601 maioris
555 2560 611 2601 suo
632 2538 772 2623 opposito
782 2563 792 2617 3
815 2536 977 2601 nonenim
997 2536 1126 2603 dicimus
1147 2538 1226 2602 hanc
1247 2536 1369 2601 maioris

261 2647 335 2711 boni
349 2649 555 2713 ostensionem
572 2650 618 2733 (in
639 2673 731 2713 sensu
753 2650 834 2713 inira
855 2648 1044 2733 explicando)
1065 2672 1130 2713 esse
1152 2649 1367 2731 conditionem,

260 2782 321 2843 qua
340 2761 450 2843 posita,
474 2762 562 2825 datur
579 2784 755 2840 consensus,
778 2760 831 2825 sed
855 2760 1071 2839 conditionem,
1089 2782 1150 2845 qua
1169 2762 1278 2845 posita,
1302 2762 1369 2826 dori

254 2879 364 2954 potest,
376 2894 439 2935 non
450 2872 559 2956 posita,
572 2896 635 2936 non
651 2881 754 2958 potest
769 2871 836 2936 dari
850 2894 1025 2936 consensus.
1074 2870 1179 2949 Quum
1194 2873 1290 2956 igitur
1304 2873 1366 2937 sin-

259 2980 332 3063 gula
346 2981 427 3047 bona
445 2984 649 3068 particularia,
666 2985 723 3047 sub
740 2984 822 3048 dicta
841 2983 1024 3061 conditione,
1039 2983 1116 3047 fiant
1130 2984 1265 3067 proxime
1279 2983 1365 3069 eligi-

258 3093 331 3158 bilia
345 3094 494 3158 voluntati
511 3095 550 3158 ad
564 3094 681 3159 bonum
696 3095 729 3158 in
742 3094 900 3159 communi
909 3093 1128 3173 determinatae,
1138 3094 1286 3179 sequitur,
1302 3118 1364 3159 non

257 3203 382 3268 unicum
398 3228 463 3269 esse
478 3205 604 3269 modum
625 3204 766 3289 explendi
785 3203 1163 3268 tendentiamnaturalem
1184 3204 1217 3269 in
1237 3204 1364 3287 bonum,

257 3316 507 3403 quotiescumque
525 3317 659 3381 conditio
677 3316 730 3381 illa
746 3316 784 3380 de
799 3316 927 3380 diversis
942 3316 1088 3380 verificari
1101 3324 1203 3400 potest
1211 3342 1223 3396 3
1245 3325 1276 3381 et
1291 3339 1363 3382 con·

255 3438 424 3513 sequenter,
441 3429 503 3493 sive
517 3429 702 3494 consultatio
716 3429 797 3493 hanc
811 3452 887 3509 rem,
907 3428 969 3493 sire
990 3428 1073 3492 illam
1089 3426 1263 3513 investiget,
1278 3451 1364 3515 aeque

255 3538 404 3623 perillam
421 3541 560 3605 tenditur
579 3540 619 3604 ad
640 3540 758 3604 bonum
778 3541 811 3605 in
836 3540 1001 3605 communi.
1046 3540 1129 3625 Ergo
1151 3539 1362 3605 determinatio

254 3649 294 3714 ad
307 3648 425 3713 bonum
439 3650 473 3714 in
489 3652 645 3715 communi
659 3673 722 3715 non
734 3660 839 3715 causat
851 3650 1136 3715 determinationem
1146 3651 1186 3716 ad
1200 3651 1361 3736 specialem

253 3760 447 3824 consultandi
461 3762 638 3841 materiam
661 3771 693 3826 et
707 3762 780 3847 quia
794 3761 968 3825 intellectus
988 3771 1099 3826 natura
1120 3785 1176 3827 sua
1195 3763 1229 3827 in
1244 3763 1361 3828 diversa

252 3872 359 3941 fertur,
375 3881 478 3937 manet
492 3872 748 3939 indeterminatus
768 3876 859 3937 etiam
881 3873 1114 3938 consultationis
1135 3874 1256 3941 modus.
1300 3876 1361 3939 Ac·

252 3983 342 4064 cedit,
357 3984 514 4049 hominem
529 3984 670 4049 adultum
689 3988 773 4070 (nam
789 3985 827 4049 de
847 3986 950 4070 pueris
971 4008 1061 4049 usum
1083 3986 1209 4050 rationis
1223 3996 1361 4051 recenter

251 4096 476 4181 attingentibus
498 4097 557 4162 alia
577 4098 655 4162 ratio
678 4099 764 4181 est*)
790 4096 974 4182 experientia
988 4097 1055 4182 ipsa
1070 4119 1260 4182 cognoscere,
1279 4098 1360 4162 bona

285 4259 303 4297 ἓ
320 4256 354 4311 In
365 4258 464 4329 pueris,
476 4257 524 4329 qui
536 4258 730 4331 experientiam
737 4258 782 4314 vel
794 4259 899 4313 nullam
910 4258 955 4314 val
967 4258 1046 4314 valde
1055 4258 1240 4331 imperfectam
1248 4258 1358 4329 habant,

250 4350 339 4399 motus
351 4343 499 4399 voluntatis
511 4344 546 4399 ad
556 4345 628 4399 bona
639 4344 819 4416 particularia,
839 4346 987 4417 praesertim
1007 4344 1152 4413 sensibilia,
1169 4345 1256 4399 multo
1268 4344 1359 4399 minus
