3200 4975
272 356 337 419 120
721 378 763 420 na
781 376 929 421 ιιοιιιιιιι.
1248 351 1334 435 [car.
1351 369 1376 413 1.

269 540 407 626 proxima
429 541 469 607 ad
494 520 740 627 participandum
765 565 835 607 cum
861 542 929 626 ipso
955 540 1066 627 spiritu
1091 538 1124 604 in
1149 535 1377 624 operationibus

271 652 359 729 vitae3
382 653 446 717 haec
467 654 549 718 enim
573 654 780 739 potentialitas
795 653 873 733 vitae,
888 663 925 718 ut
948 662 994 718 est
1016 650 1175 717 actuabilis
1197 672 1252 735 per
1274 656 1376 713 aetum

272 764 470 848 spiritualem,
487 764 560 829 dicit
579 764 784 850 aptitudinem
805 765 845 830 ad
868 765 1012 830 unionem
1034 787 1105 829 curn
1121 762 1241 848 spiritu,
1256 769 1292 824 ut
1307 781 1377 823 vero

272 896 335 939 non
351 875 409 939 alia
419 875 535 941 ratione
550 885 598 940 est
613 877 773 941 actuabilis
788 877 848 940 nisi
863 900 918 963 per
933 878 1074 963 spiritum
1094 877 1137 958 (et
1159 880 1379 957 consequenter

272 1008 350 1051 vana
371 997 402 1050 et
424 987 555 1066 inutilis,
578 987 639 1051 nisi
660 988 714 1053 hat
736 988 818 1053 dicta
841 988 927 1072 unio)
952 989 1026 1053 dicit
1048 985 1218 1051 naturalem
1241 982 1377 1047 eiusdem

272 1095 396 1161 unionis
418 1118 453 1161 ac
467 1096 537 1161 vitae
557 1098 762 1183 exigentiam:
785 1121 822 1163 cx
840 1121 900 1183 quo
918 1099 963 1178 fit,
981 1107 1016 1162 ut
1037 1097 1197 1163 accedente
1215 1094 1324 1179 spiritu
1339 1092 1379 1157 ad

272 1207 440 1288 materiam,
456 1208 645 1294 compleatur
667 1210 737 1275 talis
759 1210 923 1294 exigentia,
939 1219 970 1274 et
986 1231 1096 1294 scopus
1111 1232 1130 1273 a
1144 1218 1254 1273 natura
1269 1207 1301 1269 in
1316 1204 1379 1269 dis·

183 1366 187 1372 .
272 1318 416 1403 ponenda
427 1319 554 1384 materia
562 1320 701 1384 intentus
712 1320 897 1386 obtineatur.
944 1320 1108 1385 Materiam
1120 1320 1162 1383 sic
1174 1325 1378 1402 comparatam

272 1429 447 1515 philosophi
476 1441 546 1515 post
575 1431 771 1496 Aristotelem
802 1433 916 1516 passim
947 1441 1055 1497 vocant
1086 1453 1190 1515 eorpus
1212 1429 1377 1513 physicum,

273 1545 450 1626 erponicum,
461 1546 492 1605 in
501 1545 637 1627 potentio
648 1545 739 1607 vitam
750 1545 865 1608 habena
912 1544 1035 1608 Dicitur
1045 1546 1200 1628 physicum
1214 1564 1269 1629 ppr
1283 1562 1378 1624 oppo-

273 1653 415 1718 sitionem
430 1653 470 1718 ad
484 1677 595 1739 corpus
609 1678 687 1739 pure
701 1655 932 1739 geometricum,
949 1678 1004 1719 seu
1018 1656 1057 1719 ad
1072 1654 1278 1741 quantitatem
1293 1651 1377 1715 volu·

273 1766 385 1831 minis:
403 1770 539 1851 potentia
558 1770 651 1832 uitam
671 1770 778 1833 habeas
797 1768 837 1831 ad
852 1768 1048 1833 indicandam
1062 1777 1130 1831 tum
1147 1764 1378 1850 dispositionem

273 1878 311 1941 ad
336 1878 438 1957 vitam,
464 1888 531 1943 tum
558 1878 728 1943 naturalem
752 1880 937 1963 exigentiam
963 1892 1050 1945 actus
1073 1878 1194 1944 vitalis:
1229 1898 1284 1941 cur
1309 1898 1379 1939 vero

273 1990 392 2053 dicatur
406 1989 498 2053 etiam
512 1994 691 2074 orpoaicum,
705 1992 863 2076 apparebit
877 2014 915 2056 ex
929 1991 1138 2078 sequentibus.

317 2105 349 2165 5.
371 2099 528 2177 Quaeritur
542 2103 643 2183 tertio,
660 2104 775 2186 qualem
794 2105 1012 2188 dispositionem
1031 2106 1062 2167 in
1079 2102 1255 2187 particulari
1276 2100 1380 2163 doben

273 2214 374 2276 debeat
387 2216 520 2292 macria,
535 2222 569 2277 ut
583 2217 780 2278 constituatur
793 2218 825 2278 io
834 2218 969 2299 potentia
984 2219 1074 2279 vitam
1089 2215 1205 2277 tahan

319 2324 511 2407 Respondeo,
526 2324 619 2409 quod,
635 2347 731 2409 quum
747 2326 811 2389 vita
825 2326 990 2410 spirituum
1011 2326 1159 2390 consistat
1181 2323 1381 2389 essentialiter

274 2436 307 2499 iu
330 2434 531 2520 intelligendo
552 2445 584 2500 et
605 2436 745 2516 volendo,
769 2459 927 2523 quumque
949 2436 1140 2523 operationes
1161 2457 1267 2501 omnes
1289 2434 1380 2499 intel·

274 2548 389 2613 lectivae
404 2571 439 2613 ac
454 2548 584 2613 volitivae
599 2549 631 2612 in
647 2558 769 2614 tantum
784 2554 904 2634 possint
919 2550 1057 2630 exerceri,
1070 2550 1102 2613 in
1118 2557 1268 2633 quantum
1284 2547 1379 2611 facul-

275 2670 364 2739 tates,
379 2682 434 2745 per
448 2683 524 2745 quas
539 2670 729 2739 exercentur,
745 2661 977 2725 constituuntur
992 2661 1098 2725 eodem
1121 2659 1211 2723 unico
1231 2657 1380 2744 principio

277 2773 374 2836 activo
390 2771 552 2856 dupliciter
566 2773 739 2851 terminato,
753 2795 866 2857 nempe
881 2783 949 2836 tum
964 2773 1003 2836 ad
1017 2772 1223 2856 cognitionem
1239 2770 1287 2834 sui
1304 2791 1379 2846 esse,

274 2894 344 2948 turn
365 2884 405 2950 ad
427 2907 561 2948 amorem
584 2885 632 2948 sui
654 2884 869 2964 necessarium,
888 2907 1075 2969 consequens
1098 2882 1249 2968 estquod
1271 2903 1380 2965 corpus

275 3017 339 3058 uon
361 2995 458 3078 possit
480 3017 546 3058 esse
567 2994 600 3058 in
622 2994 763 3079 potentia
783 2994 822 3059 ad
844 2995 1008 3059 vivendum
1029 2996 1121 3058 unica
1142 2993 1299 3057 communi
1319 2993 1381 3055 vita

273 3105 406 3169 naturali
420 3128 490 3170 cum
502 3105 612 3190 spiritu
623 3115 654 3169 et
666 3106 704 3169 ad
717 3107 913 3190 complendas
924 3107 1115 3191 operationes
1124 3105 1238 3183 vitales,
1249 3126 1379 3189 quarum

274 3215 359 3279 radix
380 3225 428 3278 est
449 3216 482 3278 in
504 3215 610 3279 eodem
633 3215 755 3298 spiritu,
778 3217 838 3280 nisi
861 3217 921 3281 tale
943 3218 993 3294 sit,
1009 3227 1044 3281 ut
1067 3216 1202 3302 postulet
1223 3215 1339 3280 actuari
1362 3237 1380 3278 a

275 3326 386 3410 spiritu
410 3335 477 3390 tum
506 3334 541 3389 ut
567 3325 688 3389 dicente
714 3335 817 3390 aetum
847 3327 1076 3408 intellectivum,
1107 3340 1175 3392 tum
1205 3334 1240 3391 ut
1261 3327 1380 3391 dicente

274 3447 376 3502 actum
406 3437 573 3500 solitivum.
636 3436 834 3521 Quapropter
863 3440 1007 3503 nouerit
1036 3462 1146 3524 corpus
1178 3440 1210 3502 in
1247 3438 1380 3502 naturali

273 3549 410 3633 potentia
425 3549 518 3612 vitam
530 3549 657 3628 babens,
673 3549 735 3612 nisi
751 3549 894 3614 exhibeat
906 3573 937 3616 se
953 3552 1074 3636 spiritui
1090 3561 1124 3616 ut
1140 3551 1305 3616 terminum
1321 3549 1379 3612 sub

275 3660 390 3744 duplici
411 3661 528 3725 ratione
550 3662 790 3743 terminativunr,
807 3663 865 3727 sub
889 3686 1017 3747 quarum
1036 3687 1099 3730 una
1116 3664 1259 3727 terminet
1275 3669 1378 3725 actum

274 3772 463 3857 spiritualem
486 3783 521 3837 ut
544 3775 795 3860 cognoscitivum,
813 3775 870 3838 sub
886 3774 979 3839 altera
995 3799 1063 3840 vero
1079 3776 1221 3839 terminet
1236 3760 1378 3839 eumdem

275 3897 309 3948 ut
324 3885 508 3950 affectivum.

317 3998 421 4082 Atque
442 3998 500 4062 hoc
521 3998 656 4063 breviter
677 4007 724 4063 est
747 3997 974 4062 declarandum.
1019 3997 1102 4077 Dixi,
1117 3997 1293 4061 exercitium
1309 3995 1378 4060 vitae

273 4109 305 4172 in
322 4109 472 4194 spirituali
487 4109 659 4174 substantia
673 4110 742 4175 ideo
757 4132 823 4174 esse
838 4108 991 4195 possibile,
1006 4109 1076 4194 quia
1091 4109 1122 4172 in
1135 4108 1187 4172 illa
1198 4109 1278 4173 idem
1292 4117 1378 4172 actus

274 4220 484 4286 substantialis
508 4221 602 4286 habet
629 4223 705 4286 duas
730 4222 971 4299 terminationes,
997 4244 1125 4306 quarum
1155 4243 1217 4284 una
1247 4219 1380 4304 complet

274 4334 362 4398 illum
384 4333 483 4418 primo
506 4334 537 4395 in
560 4356 626 4398 ease
648 4333 836 4413 intellectivi,
853 4333 910 4397 alia
928 4355 997 4396 vero
1020 4331 1151 4418 complet
1167 4332 1254 4396 illum
1271 4332 1379 4396 ultimo
1470 4391 1472 4396 ,
