3200 4975
238 394 312 437 car.
328 375 384 459 in]
651 398 695 442 oa
711 399 967 444 acornaumaus.
1276 380 1341 445 309
1410 437 1412 441 .

233 560 284 622 uti
298 567 330 624 et
344 562 478 644 quondm
500 562 615 626 habent
630 572 732 627 autem
752 587 863 629 nexum
879 566 1083 630 necessarium
1098 566 1178 630 inter
1194 590 1225 630 se
1233 592 1244 645 3
1267 589 1338 631 nam

232 672 333 734 omnis
357 675 436 736 aetio
461 673 655 738 accidentalis
679 676 716 739 fit
741 676 774 739 in
800 676 915 760 quando
940 676 1118 741 accidentali
1141 692 1173 741 et
1197 678 1340 762 producit

226 785 394 865 passiom
415 783 449 847 in
470 783 602 849 habente
630 789 681 851 ubi
705 787 901 852 accidentale.
945 788 994 852 De
1016 790 1064 853 his
1087 811 1214 873 agemus
1240 790 1338 854 tribus

233 893 368 959 articulis
382 896 592 980 sequentibus.
683 892 686 895 ⁴

545 1152 548 1160 ,
616 1110 801 1153 aarlcuuus
818 1112 954 1155 saluus.

693 1228 742 1289 De
756 1228 880 1291 actione.

274 1350 329 1411 25.
352 1346 509 1423 Quaeritur
523 1348 632 1433 primo,
648 1350 722 1432 quid
732 1352 773 1413 ait
787 1353 876 1414 actio.

274 1458 467 1541 Respondeo‚
483 1459 633 1523 actionem
653 1459 773 1523 definiri
788 1462 945 1525 canutam
959 1464 1100 1545 poteuioe
1118 1465 1219 1526 activa
1234 1466 1265 1526 ιἰι
1285 1487 1337 1527 cuo

231 1592 291 1633 esse
305 1572 435 1633 natarali
448 1572 614 1634 constitutae
627 1572 663 1634 de
673 1580 742 1635 actu
750 1574 850 1654 primo
859 1574 900 1635 ad
911 1574 1084 1637 secundum:
1107 1574 1154 1637 vel
1170 1574 1337 1658 simplicius

231 1680 291 1743 dici
305 1703 394 1765 posse
409 1680 578 1766 quodoctio
593 1690 637 1745 eat
651 1685 781 1747 actuario
790 1686 932 1767 potentiae
943 1686 1054 1747 active.
1100 1684 1182 1748 Nam
1197 1684 1276 1749 actio
1290 1695 1336 1749 est

231 1792 273 1869 id,
287 1800 413 1877 propter
432 1792 516 1877 quod
537 1793 676 1878 potentia
695 1794 839 1878 quaelibet
854 1795 951 1858 active
968 1795 1184 1859 denominatur
1200 1795 1336 1859 denomi-

230 1904 354 1968 natione
391 1906 555 1968 intrinseca
592 1905 819 1969 accidentaliter
856 1928 966 1989 operest
1000 1907 1086 1992 atqui
1120 1907 1336 1971 denominatur

229 2015 456 2081 accidentaliter
469 2039 564 2101 agens
581 2040 639 2102 per-
651 2017 818 2081 transitum
840 2018 878 2081 ab
894 2027 965 2082 actu
980 2018 1079 2101 primo
1094 2018 1132 2081 ad
1156 2019 1335 2098 secundum,

229 2151 326 2212 quum
341 2137 511 2212 peractum
527 2130 660 2213 primum
675 2152 739 2192 non
752 2129 968 2193 denominetur
983 2152 1080 2213 opera
1091 2130 1145 2193 sed
1159 2133 1266 2208 activo,
1282 2154 1335 2194 scu

228 2249 334 2322 parata
348 2240 386 2303 ad
406 2240 578 2323 agendum3
601 2262 685 2324 ergo.
729 2239 865 2304 Additur
887 2248 989 2303 autem
1011 2242 1042 2303 in
1055 2263 1108 2304 saco
1130 2263 1192 2305 esse
1205 2243 1337 2305 naturali

228 2354 402 2431 constitutae,
429 2351 467 2416 ad
497 2351 722 2416 excludendum
750 2362 854 2416 actum
885 2350 1054 2415 secundum
1083 2352 1275 2416 essentialem
1304 2362 1335 2417 ct

228 2464 482 2550 metaphysicum‚
497 2464 597 2549 qualis
611 2472 659 2528 est
673 2473 761 2528 actus
782 2463 889 2528 formae
904 2463 1110 2528 existentiam
1130 2486 1184 2527 sua
1199 2464 1334 2543 materia,

228 2575 275 2639 vel
290 2577 473 2660 generaliter
494 2585 581 2640 actus
595 2576 635 2640 ad
649 2599 741 2639 suum
763 2575 930 2639 terminum
947 2575 1180 2639 substantialem
1195 2597 1230 2640 ac
1244 2586 1334 2639 natu-

226 2688 320 2752 ralem
329 2683 512 2752 terminatus
520 2713 530 2765 3
553 2697 640 2751 actus
654 2689 737 2752 enim
748 2698 785 2753 ut
796 2680 998 2752 terminabilis
1013 2688 1051 2750 ad
1064 2710 1155 2751 suum
1166 2688 1332 2751 terminum

228 2799 459 2863 substantialem
481 2811 535 2864 aut
552 2799 723 2864 naturalem
746 2800 859 2865 dicitur
881 2811 967 2865 actus
990 2803 1117 2885 primus,
1134 2801 1187 2865 sed
1209 2801 1334 2865 nonest

227 2910 287 2973 nisi
317 2911 561 2996 metaphysicus:
592 2922 623 2975 et
649 2920 686 2974 ut
711 2912 893 2975 terminatus
923 2913 1035 2976 dicitur
1064 2922 1151 2976 actus
1181 2913 1333 2977 secundus

226 3022 442 3107 metaphysice,
469 3023 524 3107 qui
547 3032 593 3086 cst
617 3022 736 3107 primus
761 3033 848 3099 actus
878 3025 1025 3108 physicus
1053 3025 1105 3088 rei.
1151 3024 1334 3089 Excluditur

227 3142 341 3212 autem,
365 3135 437 3219 quia
459 3134 510 3198 hic
536 3145 622 3198 actus
651 3135 803 3199 secundus
827 3156 890 3197 non
916 3144 962 3198 cst
991 3135 1186 3199 accidentalis
1215 3145 1333 3200 naturae

225 3244 395 3324 resultanti,
421 3245 474 3309 sed
497 3245 562 3309 eius
588 3247 821 3309 constitutivum
847 3233 1066 3326 intrinsecum
1097 3247 1176 3310 actio
1200 3269 1269 3311 vero
1294 3247 1332 3310 de

226 3377 287 3440 qua
301 3356 431 3439 agimus
447 3379 543 3441 quum
560 3358 600 3420 sit
611 3357 761 3435 accidens,
777 3357 975 3440 consequitur
990 3367 1132 3421 naturam
1148 3357 1179 3420 in
1196 3379 1252 3420 suo
1267 3381 1332 3422 esse

224 3469 434 3531 constitutam.
479 3467 614 3531 Tandem
630 3467 760 3531 dicimus
782 3471 814 3531 in
827 3491 879 3530 auo
895 3491 955 3530 esse
975 3469 1114 3546 naturali,
1131 3490 1194 3532 uon
1209 3492 1278 3532 vero
1300 3472 1332 3532 in

223 3602 275 3642 suo
299 3603 359 3643 esse
380 3581 586 3658 substantiali3
610 3591 641 3642 ct
660 3580 737 3643 ratio
760 3587 817 3657 est,
834 3579 906 3663 quia
928 3579 998 3642 licet
1020 3579 1099 3642 actio
1122 3601 1186 3643 non
1209 3580 1248 3642 sit
1270 3580 1331 3644 nisi

226 3690 404 3754 substantiae
422 3685 543 3772 (saltem
558 3691 762 3774 naturaliter),
777 3712 841 3753 non
857 3681 960 3753 tamen
974 3679 1112 3775 procedit
1127 3714 1145 3754 a
1160 3690 1331 3755 substantia

199 3801 256 3880 ,iu
282 3810 432 3885 quantum
457 3812 503 3866 est
529 3802 711 3881 substantia,
734 3793 844 3865 sedin
866 3791 1016 3885 quantum
1039 3811 1085 3866 est
1108 3801 1179 3865 talis
1202 3812 1330 3881 naturae,

223 3933 318 3996 quum
344 3923 456 3976 natura
482 3913 600 3977 dicatur
629 3913 813 3997 principium
844 3913 1055 3997 operationum
1084 3923 1115 3976 et
1141 3913 1329 3996 passionum.

223 4024 284 4088 Sed
310 4022 482 4089 communis
503 4047 579 4089 usus
609 4024 757 4109 loquendi
788 4024 938 4108 permittit
965 4023 1107 4088 adhibere
1126 4024 1329 4089 substantiam

223 4158 276 4219 pro
291 4146 423 4215 natura3
446 4137 655 4201 diciturenim
670 4136 875 4201 communiter
896 4135 979 4221 quod
995 4158 1056 4199 uua
1072 4136 1245 4201 substantia
1265 4138 1330 4220 agit

221 4249 254 4311 in
270 4250 378 4315 aliam:
401 4259 432 4314 et
447 4250 570 4334 quidem
587 4265 678 4328 recte,
695 4272 790 4334 quum
808 4249 904 4312 virtus
920 4249 1016 4312 activa
1031 4271 1099 4334 quae
1114 4249 1209 4312 estin
1224 4250 1331 4333 quavis

222 4369 331 4424 natura
346 4363 385 4424 sit
401 4363 444 4424 vis
466 4361 656 4440 substantiae,
672 4369 703 4423 et
723 4370 833 4424 natura
856 4360 929 4444 ipsa,
947 4369 982 4422 ut
997 4360 1129 4424 vidimus
1150 4361 1182 4423 in
1197 4369 1329 4424 tractatu
