3200 4975
233 322 303 364 cnr.
321 302 361 386 1.]
682 325 724 367 nn
742 325 890 368 nonina.
1280 302 1342 366 157

277 493 329 554 34.
355 490 448 568 Quod
470 500 573 555 autem
596 493 661 557 haec
682 494 821 576 potentia
844 490 1009 577 specularis
1030 491 1069 555 sit
1084 490 1256 555 intellectus
1271 512 1340 573 pas·

234 605 326 685 sirus,
352 613 388 667 ut
411 606 464 684 sic,
491 605 603 669 falsum
632 628 697 669 esse
727 605 965 690 deprehenditur
991 629 1026 669 ex
1049 605 1199 689 pluribus
1247 605 1338 682 Nam,

233 739 328 800 quum
351 716 525 780 intellectus
548 719 696 801 passivus,
718 727 753 782 ut
769 719 822 799 sic,
836 740 900 782 non
915 717 1026 781 habeat
1045 717 1179 801 aliquam
1194 716 1338 781 virtutem

233 829 372 908 activam,
396 829 503 912 nequit
527 829 668 893 voluntas
690 829 839 914 imperare
867 828 1037 893 intellectui
1061 828 1180 913 passivo
1207 828 1339 910 aliquam

234 941 402 1004 actionem:
425 950 456 1003 ιι
471 950 692 1026 consequenter
708 943 761 1020 vis,
776 965 845 1026 qnae
865 941 938 1006 facit
956 941 1186 1025 impressionem
1202 939 1235 1002 in
1250 938 1341 1001 intel-

234 1050 316 1114 lectu
330 1050 506 1129 illuminati,
522 1060 569 1114 est
588 1051 703 1136 aliquid
718 1052 897 1116 distinctum
919 1076 936 1116 a
952 1053 1127 1138 passivitate
1148 1051 1342 1128 intellectiva,

234 1172 351 1247 estque,
367 1162 474 1226 saltem
489 1185 525 1226 ex
540 1176 636 1247 parte,
652 1165 698 1229 vis
714 1165 811 1248 ipsius
831 1164 1032 1250 intelligibilis
1047 1173 1083 1228 ut
1098 1173 1168 1229 actu
1182 1163 1342 1248 praesentis

235 1274 443 1338 inintellecta
464 1275 674 1339 illuminantis.
719 1276 842 1340 Deinde
864 1276 1033 1339 notandum
1054 1285 1111 1355 ιιι,
1127 1274 1210 1360 quod
1224 1273 1257 1339 in
1272 1274 1342 1338 illu-

235 1386 402 1450 minatione
423 1408 487 1448 non
509 1386 683 1450 ostenditur
703 1387 857 1451 obiectum
879 1394 914 1451 ut
932 1388 966 1450 in
982 1409 1014 1450 se
1028 1396 1084 1465 est,
1101 1386 1154 1450 sed
1169 1384 1342 1449 ostenditur

233 1505 269 1559 ut
290 1497 449 1580 cognitum
471 1496 676 1561 illuminanti:
700 1507 731 1560 et
748 1507 969 1583 consequenter
988 1496 1181 1582 intelligibile
1196 1519 1259 1561 non
1274 1497 1339 1580 agit

235 1607 348 1671 directe
376 1609 409 1670 in
441 1607 630 1672 intellectum
666 1607 842 1688 illuminati,
873 1609 926 1672 sed
954 1609 1063 1672 reflexe
1097 1616 1238 1688 tantum3
1269 1608 1342 1692 quia

234 1729 360 1804 propter
387 1719 592 1784 illuminantis
621 1720 771 1784 actionem
802 1720 893 1784 datur
918 1719 1050 1804 intelligi
1079 1719 1261 1798 illuminato,
1288 1718 1343 1782 ob-

234 1833 359 1912 iectam,
374 1833 453 1896 circa
468 1832 550 1917 quod
567 1832 768 1911 illuminatur,
784 1855 851 1896 esse
864 1832 897 1896 in
913 1839 1016 1896 mente
1035 1831 1249 1895 illuminantis.
1295 1832 1341 1896 Ex

234 1943 283 2006 his
312 1952 414 2007 autem
450 1944 578 2021 eruitur,
607 1944 670 2008 vim
703 1943 890 2028 specularem
926 1965 989 2006 non
1027 1966 1092 2006 esse
1121 1943 1154 2006 in
1183 1943 1344 2008 intellectu

235 2055 354 2140 passivo
368 2067 403 2118 ut
419 2056 471 2134 sic,
488 2055 586 2118 sedin
602 2055 760 2118 intellectu
780 2055 939 2140 adaequate
962 2064 1103 2140 sumpt03
1127 2055 1200 2140 quia
1220 2056 1341 2122 reflexio

233 2164 358 2228 luminis
372 2189 435 2230 non
449 2175 550 2250 potest
565 2166 639 2244 fieri,
655 2166 715 2228 nisi
730 2166 762 2228 in
778 2175 930 2250 quantum
950 2165 1125 2230 intellectus
1147 2188 1241 2250 agens
1263 2166 1341 2231 illud

234 2278 339 2342 lumen
360 2278 471 2343 obiecti
485 2278 567 2341 videt
589 2287 669 2356 actu,
693 2301 746 2343 sen
768 2280 949 2363 pronuntiat
970 2277 1098 2342 verbum
1120 2278 1288 2359 internum,
1311 2289 1342 2344 ct

233 2390 317 2453 hunc
328 2390 470 2454 eumdem
482 2400 584 2454 actum
601 2390 725 2454 alterius
735 2390 906 2455 intellectui
920 2390 1024 2454 obiicit
1040 2390 1339 2474 apprehendendum.

236 2504 286 2567 Sic
297 2504 379 2566 enim
390 2503 515 2567 alterius
529 2503 702 2567 intellectus
717 2504 946 2587 impressionem
962 2504 1088 2587 recipiet
1099 2526 1161 2566 non
1173 2502 1211 2567 ab
1223 2504 1341 2568 obiecto

235 2623 270 2677 ut
285 2614 379 2677 estin
394 2636 436 2693 se,
451 2614 504 2678 sed
519 2615 557 2678 ab
572 2614 691 2678 obiecto
706 2623 743 2677 ut
757 2624 804 2677 est
819 2626 890 2679 actu
909 2614 1069 2699 cognitum
1090 2612 1287 2692 illuminanti,
1309 2625 1340 2678 et
1359 2664 1382 2695 ,

235 2734 397 2809 cognoscet
419 2745 452 2788 se
473 2747 654 2809 cognoscere
674 2747 740 2788 rem
763 2724 850 2788 alteri
871 2724 1026 2807 cognitam
1048 2733 1080 2788 et
1101 2724 1140 2787 ab
1163 2723 1257 2787 altero
1276 2748 1293 2788 a
1309 2747 1341 2788 se

233 2848 306 2903 actu
327 2840 574 2923 provenientem3
596 2862 659 2903 non
682 2838 763 2903 enim
787 2838 894 2922 recipit
916 2837 1171 2902 illuminationem
1192 2839 1230 2901 ab
1245 2838 1340 2902 altero

236 2943 416 3035 quin'illum
438 2972 560 3035 quoque
579 2973 645 3014 esse
659 2950 770 3013 videat.
816 2949 952 3025 Quaestio
972 2958 1074 3013 autem
1094 2950 1133 3013 de
1146 2950 1342 3014 conversione

235 3060 380 3146 potentiae
393 3061 567 3146 'specularis
578 3053 765 3125 vresolvenda
786 3068 833 3125 est
856 3060 995 3140 dicendo,
1013 3061 1096 3145 quod
1111 3084 1173 3125 non
1188 3062 1223 3124 fit
1239 3061 1341 3146 aliqua

234 3173 388 3236 conversio
412 3172 584 3236 intellectus
599 3163 721 3255 'passivi
743 3172 782 3235 ad
805 3180 899 3251 extra,
922 3194 1018 3256 quum
1040 3193 1103 3235 non
1125 3172 1277 3256 pertineat
1300 3170 1339 3236 ad

234 3307 304 3349 eum
326 3285 479 3349 reflectere
499 3284 598 3347 lucem
622 3277 776 3362 ad'extra,
799 3284 894 3348 immo
917 3284 1034 3362 debeat,
1056 3292 1091 3347 ut
1107 3284 1262 3368 complens
1276 3284 1340 3347 vim

234 3394 459 3473 intellectivam,
474 3418 540 3458 esse
554 3389 717 3458 conversus
731 3403 879 3478 perpetuo
898 3393 1066 3457 secundum
1088 3394 1285 3458 directionem
1301 3394 1340 3457 ad

233 3507 324 3569 intra.
370 3505 476 3582 Quum
491 3514 593 3570 autem
608 3506 705 3569 virtus
727 3504 902 3569 reflectendi
924 3505 1023 3568 lucem
1045 3505 1283 3570 intellectualem
1300 3506 1340 3570 sit

234 3617 356 3703 propria
370 3617 545 3682 intellectus
555 3618 712 3701 adaequate
727 3617 843 3701 sumpti
853 3624 883 3679 et
895 3624 966 3679 actu
977 3614 1076 3680 lucem
1091 3616 1175 3680 illam
1187 3617 1340 3697 habentis,

234 3733 273 3796 ad
294 3731 482 3796 intellectum
505 3732 662 3815 adaequate
680 3739 839 3814 sumptum
860 3736 891 3791 et
906 3737 978 3791 actu
991 3729 1209 3813 percipientem
1225 3729 1341 3818 aliquid

233 3846 366 3930 pertinet
388 3852 561 3910 convertere
584 3866 638 3906 ιιιι
660 3841 790 3926 dirigere
811 3840 922 3919 lucem,
944 3862 1005 3925 qua
1019 3850 1090 3904 actu
1104 3841 1285 3921 illustratur,
1301 3844 1339 3907 ad

234 3956 423 4020 intellectum
446 3955 631 4033 illuminati3
653 3961 686 4018 et
698 3954 741 4017 sic
758 3952 933 4016 intellectus
955 3952 1111 4037 adaequate
1134 3963 1286 4038 sumptus,
1309 3964 1341 4019 et

234 4068 358 4153 quidem
371 4077 441 4132 actu
452 4068 632 4152 percipiens,
645 4074 692 4129 est
701 4065 840 4151 potentia
855 4064 1019 4149 specularis
1032 4066 1202 4130 conversiva
1216 4066 1343 4131 luminis

235 4180 275 4244 ad
290 4188 385 4244 extra.
881 4172 884 4177 Δ

276 4294 330 4356 35.
355 4291 517 4368 Quomodo
540 4299 640 4355 autem
665 4289 703 4353 de
724 4289 806 4353 facto
828 4310 864 4352 ex
878 4288 1044 4354 voluntatis
1064 4290 1192 4375 imperio
1206 4292 1260 4355 fiat
1275 4292 1352 4357 haec»
1409 4339 1412 4345 -
