3200 4975
279 384 344 449 2⁷8
729 404 772 447 ur
789 402 936 447 uouruu.
1224 380 1311 465 [car.
1328 400 1386 444 111.

279 568 487 654 telligibilium
522 566 713 633 manentium
743 567 776 631 in
813 568 990 653 passivitate
1019 566 1202 647 intellectus,
1228 568 1293 632 sine
1321 566 1385 632 ulla

279 680 470 747 immixtione
484 680 745 765 phantasmatum.

325 796 399 858 113.
423 792 578 869 Quaeritur
586 791 686 870 tertio,
696 799 795 855 utrum
809 792 907 854 animo
922 791 1047 855 humanu
1058 790 1201 855 duraturo
1215 792 1256 855 ait
1263 813 1383 875 semper.

324 904 506 990 Respondeo
520 903 704 967 affirmative.
751 902 833 966 Nam
845 901 872 966 si
887 901 1051 987 aliquando
1062 902 1185 986 periret,
1197 901 1245 967 vel
1259 902 1384 967 haberet

280 1037 401 1080 causam
417 1036 480 1078 suae
498 1012 655 1077 dcaitiouis
673 1013 706 1076 in
727 1012 898 1097 scipsa,ch
920 1012 985 1076 eius
1001 1012 1110 1078 desitio
1132 1012 1385 1079 determinaretur

281 1149 412 1191 acausa
437 1134 522 1190 extra
540 1126 639 1210 ipsam
663 1124 828 1190 existente:
852 1124 939 1209 atqui
961 1132 1106 1189 neutrum
1117 1150 1127 1203 ;
1150 1146 1233 1208 ergo.
1279 1125 1384 1190 Minor

279 1247 364 1323 patet
379 1237 480 1323 quoad
502 1238 632 1323 primam
647 1244 786 1321 partem;
810 1245 878 1301 tum
893 1235 966 1321 quia
985 1258 1075 1300 omne
1090 1236 1218 1321 simplex
1237 1245 1283 1301 cst
1299 1236 1337 1301 de
1351 1259 1384 1301 se

279 1373 404 1436 prorsus
429 1345 668 1434 incorruptibile,
694 1370 792 1433 quum
817 1368 881 1411 non
904 1347 1015 1411 habeat
1042 1356 1142 1433 partes
1171 1348 1205 1413 in
1231 1371 1307 1433 quas
1336 1371 1383 1413 re·

280 1460 431 1526 solvatur:
465 1469 533 1525 tum
568 1459 640 1545 quia
669 1459 771 1523 anima
805 1457 913 1543 nequit
951 1460 1081 1543 seipsam
1110 1460 1232 1543 propria
1266 1460 1383 1524 actione

279 1573 457 1652 annihilare,
473 1595 570 1658 quum
590 1571 676 1636 nulla
695 1571 774 1635 actio
793 1570 978 1635 terminetur
995 1570 1034 1634 ad
1051 1570 1150 1635 nihil:
1173 1579 1242 1636 tum
1259 1580 1384 1656 propter

278 1685 352 1749 alias
366 1685 500 1749 rationes
513 1684 546 1748 in
561 1682 750 1768 praecedente
765 1682 932 1767 quaestione
946 1689 1052 1760 tactas,
1062 1704 1138 1766 quas
1149 1682 1227 1746 vide.
1272 1682 1383 1759 Quoad

278 1795 444 1860 secundam
461 1802 591 1880 partem,
607 1794 684 1873 dico,
700 1816 823 1887 causam
843 1792 1052 1871 extrinsecam,
1068 1815 1136 1877 quae
1149 1793 1247 1878 possit
1266 1794 1383 1878 privare

278 1908 411 1973 animam
441 1906 610 1985 existentia,
634 1928 700 1970 esse
725 1904 823 1968 solum
854 1905 966 1968 Deum.
1014 1904 1074 1969 Sed
1099 1904 1186 1969 Deus
1212 1928 1380 1991 numquam

277 2018 408 2104 privabit
430 2020 564 2083 animam
587 2018 753 2082 humanam
776 2040 832 2081 sua
854 2015 1022 2081 existentia.
1066 2016 1151 2102 Ergo
1173 2039 1292 2101 semper
1313 2041 1382 2102 per·

277 2129 425 2195 sevcrabit
451 2129 552 2193 anima
582 2128 614 2192 in
644 2150 699 2193 sua
727 2127 897 2192 existentia.
942 2127 1044 2191 Maior
1069 2136 1115 2191 est
1144 2127 1267 2192 evidens
1277 2155 1287 2208 3
1311 2128 1383 2214 quia

277 2240 378 2304 omnis
406 2239 486 2303 actio
509 2246 654 2303 creaturae
683 2238 810 2321 attingit
840 2237 1043 2302 substantiam
1067 2260 1121 2323 per
1149 2238 1380 2323 productionem

277 2350 442 2415 accidentis
456 2350 490 2415 in
505 2372 559 2414 ea:
582 2349 668 2435 atqui
682 2349 804 2413 nullum
824 2348 964 2413 accidens
984 2349 1114 2413 destruit
1129 2349 1332 2415 substantiam
1347 2352 1381 2416 in

277 2487 339 2549 qua
352 2462 498 2548 ponitur-3
521 2484 595 2547 ergo
606 2461 691 2526 nulla
705 2460 785 2526 actio
797 2471 942 2528 creaturae
956 2469 1057 2548 potest
1066 2461 1221 2528 destruere
1236 2464 1379 2546 animam,

277 2577 356 2640 sicut
381 2597 438 2640 nec
462 2575 595 2660 aliquam
623 2573 836 2638 substantiam.
894 2575 974 2639 Item
999 2575 1051 2639 ille
1074 2575 1157 2640 solua
1181 2585 1282 2661 potest
1309 2577 1380 2642 sub·

276 2688 420 2752 stantiam
443 2687 609 2766 destrucre,
625 2709 680 2751 seu
702 2685 880 2766 annihilare,
896 2686 950 2772 qui
972 2687 1094 2751 eumin
1116 2709 1181 2751 csse
1203 2697 1380 2768 conservat;

277 2799 373 2864 donec
388 2799 470 2863 enim
485 2798 537 2862 ille
551 2807 709 2862 conservat
724 2797 790 2861 eius
806 2820 880 2877 esse,
896 2820 931 2862 ea
945 2799 1071 2877 existct3
1096 2800 1181 2884 atqui
1197 2798 1279 2864 solus
1294 2801 1380 2865 Deus

272 2893 434 2976 ¹conseruat
459 2911 593 2975 animam
617 2910 650 2973 in
674 2931 750 2988 esse,
777 2909 857 2974 sicut
880 2918 911 2972 et
937 2917 1058 2974 caeteras
1081 2910 1285 2992 substantias,
1308 2935 1381 2997 crgo

277 3023 360 3086 solus
368 3023 455 3087 Deus
470 3029 571 3105 potest
586 3021 719 3085 animam
735 3021 901 3100 destruere,
910 3021 1055 3085 cessando
1066 3022 1205 3088 videlicet
1219 3047 1237 3088 a
1252 3025 1381 3108 positiva

276 3137 342 3200 cius
357 3133 594 3199 conservatione.
640 3132 733 3208 Quod
748 3142 851 3197 autem
866 3134 952 3198 Deus
969 3155 1138 3218 numquam
1154 3143 1325 3223 cessaturus
1341 3136 1380 3200 sit

276 3270 295 3310 a
309 3244 516 3311 conservanda
529 3244 631 3308 anima
645 3243 780 3307 humana
793 3243 951 3328 probatur.

320 3357 433 3436 Primo,
450 3355 522 3441 quia
536 3356 623 3420 Deus
644 3377 749 3418 creans
769 3355 903 3420 animam
924 3355 1090 3420 humanam
1112 3365 1193 3421 creat
1213 3379 1268 3422 ens
1290 3358 1379 3422 intel-

276 3467 419 3532 lectivum
440 3464 621 3530 naturaliter
638 3474 669 3529 et
687 3466 857 3530 necessario
875 3467 1004 3530 tendens
1021 3467 1061 3530 ad
1079 3467 1197 3532 bonum
1218 3468 1276 3532 sub
1295 3470 1380 3533 omni

276 3579 394 3643 ratione
407 3577 482 3641 boni
497 3576 674 3661 simpliciter
688 3585 719 3642 et
733 3578 766 3641 in
782 3577 948 3642 communi.
995 3578 1056 3642 Sed
1070 3579 1187 3644 bonum
1199 3579 1241 3644 sio
1252 3579 1285 3643 iu
1297 3603 1379 3644 com·

277 3690 365 3753 muni
388 3696 434 3752 est
459 3687 616 3752 infinitum
643 3699 675 3753 et
700 3688 740 3753 ad
763 3711 855 3753 omne
874 3698 996 3774 tempus
1013 3690 1158 3774 possibile
1177 3714 1209 3755 se
1232 3693 1379 3756 extendit.

276 3803 360 3887 Ilrgo
374 3801 461 3866 Deus
486 3822 592 3864 creans
614 3800 748 3865 animam
769 3810 851 3865 creat
872 3824 936 3881 ens,
952 3803 1039 3866 euius
1058 3812 1104 3866 est
1124 3803 1293 3867 essentialis
1310 3813 1379 3869 teu·

276 3914 379 3978 dantia
403 3912 443 3977 ad
465 3910 582 3975 bonum
606 3911 763 3976 infinitum
787 3921 818 3976 et
843 3913 883 3977 ad
906 3935 996 3977 omne
1022 3923 1144 3999 tempus
1174 3914 1317 3999 possibile
1347 3938 1379 3981 se

274 4023 448 4088 extendens.
476 4022 546 4086 Hoc
555 4045 626 4087 vero
641 4022 715 4086 satis
730 4023 876 4101 ostendit,
888 4023 991 4088 Deum
1006 4048 1177 4110 numquam
1189 4036 1379 4093 cessaturum

274 4124 514 4200 aconserrahdo
528 4135 680 4199 animam:
703 4157 775 4198 nam
792 4157 968 4200 conservare
983 4146 1037 4200 aut
1051 4137 1220 4202 annihilare
1240 4161 1294 4203 ens
1309 4162 1377 4225 per·

273 4246 352 4310 tinet
375 4245 416 4309 ad
431 4244 534 4308 Deum
558 4255 595 4308 ut
618 4253 771 4310 auctorem
797 4250 931 4313 naturae:
966 4247 1052 4312 Deus
1075 4259 1178 4314 autem
1209 4260 1244 4314 ut
1273 4261 1379 4316 auctor

273 4366 390 4420 naturae
409 4377 472 4418 non
493 4355 556 4437 agit
575 4364 681 4420 contra
703 4357 891 4458 tendentium
915 4368 1032 4424 naturae
1053 4361 1254 4426 essentialem.
1298 4363 1378 4428 Aliis
