3200 4975
283 349 347 412 196
703 367 745 412 aa
762 367 909 412 nonina.
1236 345 1326 430 [oar.
1342 363 1384 407 11.

328 531 520 619 Respondeo,
536 532 668 598 animam
684 556 749 598 esse
760 534 792 598 in
805 556 929 620 corpore
944 543 1100 620 tamquam
1115 533 1243 599 sormam
1261 532 1384 596 dantem

283 644 330 708 illi
355 645 488 730 primum
514 644 631 709 vivere:
654 643 738 730 quod
762 667 826 709 non
855 645 965 710 iterum
996 644 1161 730 explicabo,
1189 666 1284 729 quum
1312 643 1386 706 satis

283 764 403 821 constet
426 779 462 821 ex
487 755 577 820 dietis
598 778 700 841 supra.
743 756 865 821 Deinde
891 756 968 836 dieo,
991 756 1122 821 animam
1146 779 1211 820 esse
1233 764 1330 818 totam
1352 753 1386 817 in

275 876 349 933 toto
378 889 502 953 oorpore
530 870 704 947 informato,
727 876 759 931 et
783 877 881 932 totam
910 868 944 932 in
974 868 1109 954 qualibet
1137 875 1223 953 parte
1252 866 1386 951 corporis

282 979 455 1044 informati:
478 1002 546 1065 quae
567 1003 617 1044 res
639 979 707 1044 ideo
726 979 848 1044 videtur
869 979 1022 1065 aliquibus
1041 979 1128 1044 valde
1150 978 1290 1057 difficilis,
1313 977 1385 1062 quia

282 1114 345 1156 non
361 1090 506 1175 cogitant,
527 1091 731 1155 substantiam
751 1091 939 1176 spiritualem
955 1114 1018 1155 non
1034 1114 1099 1156 esse
1112 1091 1247 1155 localiter
1261 1091 1293 1153 in
1307 1090 1384 1168 loco,

283 1203 336 1268 sed
347 1202 515 1268 virtualiter
528 1203 649 1267 tantum
662 1228 672 1281 3
694 1225 766 1267 nam
781 1205 832 1267 ubi
847 1203 985 1288 sequitur
999 1203 1176 1281 materiam3
1199 1202 1301 1296 anima
1312 1222 1385 1284 ergo

283 1315 449 1401 spiritualis
463 1337 526 1379 non
540 1313 632 1379 babet
651 1317 702 1379 ubi
721 1337 811 1379 suum
834 1315 1010 1399 proprium:
1034 1314 1117 1378 unde
1139 1313 1204 1377 eius
1224 1310 1385 1396 praesentia

283 1425 492 1492 substantialis
515 1426 548 1489 in
572 1433 638 1489 toto
660 1446 784 1510 corpore
807 1447 870 1488 non
896 1423 1054 1488 constituit
1078 1446 1143 1488 eam
1170 1431 1324 1487 extensam
1350 1445 1385 1486 ac

284 1537 476 1616 divisibilem,
500 1536 553 1601 sed
575 1545 697 1600 tantum
719 1537 913 1600 terminatam
935 1537 974 1601 ad
994 1546 1150 1601 extensum
1173 1545 1204 1599 et
1224 1535 1382 1600 divisibile.

282 1649 384 1726 Quare
404 1649 463 1712 diei
483 1656 584 1733 potest
603 1657 634 1711 et
655 1646 754 1727 debet,
775 1647 858 1732 quod
879 1648 980 1712 anima
1002 1657 1048 1712 est
1068 1647 1099 1712 iu
1122 1650 1173 1712 abi
1194 1647 1384 1711 terminative

281 1773 414 1837 tantum,
430 1760 463 1824 id
484 1768 530 1824 est
550 1759 670 1824 ratione
691 1759 815 1823 termini
834 1758 873 1823 ad
895 1782 985 1845 quem
1008 1760 1200 1839 terminatur,
1216 1760 1270 1845 qui
1293 1758 1383 1823 habet

283 1896 368 1937 suam
392 1895 493 1936 veram
515 1880 546 1935 et
568 1871 721 1956 propriam
746 1871 961 1951 ubicationem,
980 1894 1046 1954 non
1069 1881 1171 1936 autem
1197 1871 1315 1935 ratione
1337 1870 1385 1934 sui

280 1994 316 2048 nt
340 1993 386 2047 est
409 1983 579 2047 substantia
608 1981 784 2066 spiritualis.
831 1982 913 2046 Hinc
935 1984 980 2060 lit,
1002 1993 1037 2046 ut
1060 1991 1218 2068 amputato
1247 1981 1384 2046 membro

281 2097 425 2182 eorporis,
440 2118 468 2158 v.
484 2117 529 2179 gr.
546 2094 679 2174 brachio,
695 2093 781 2158 nulla
794 2095 848 2158 fiat
869 2095 1031 2160 diminutio
1052 2096 1170 2174 animae,
1187 2104 1217 2159 et
1232 2103 1385 2159 crescente

282 2217 399 2272 statura
426 2207 571 2291 corporis,
600 2206 686 2270 nulla
714 2207 768 2271 fiat
788 2207 1006 2291 'augmentatio
1035 2207 1161 2272 animae:
1185 2217 1216 2272 et
1246 2207 1385 2271 similiter

281 2321 356 2384 dum
379 2320 471 2384 homo
495 2330 634 2384 movetur
654 2318 801 2397 localiter,
822 2341 885 2382 non
903 2329 1042 2384 movetur
1068 2320 1178 2399 anima,
1199 2320 1259 2383 nisi
1277 2341 1384 2383 seeun-

281 2433 356 2497 dum
380 2431 547 2496 terminum
567 2455 584 2495 a
605 2453 636 2496 se
653 2430 864 2511 informatum,
885 2439 916 2497 et
937 2431 1012 2497 dnm
1035 2432 1096 2497 dno
1118 2433 1257 2497 homines
1277 2431 1315 2497 ad
1337 2432 1385 2495 in·

280 2545 377 2609 vieem
399 2543 558 2623 accedunt,
578 2564 640 2606 non
663 2543 811 2607 accedunt
836 2543 958 2628 proprie
984 2566 1089 2608 eorum
1109 2544 1227 2623 animae,
1248 2544 1300 2607 sed
1320 2566 1384 2608 aor-

280 2678 355 2742 pora
363 2682 373 2735 3
395 2656 467 2739 quia
484 2655 593 2719 animae
612 2655 780 2720 secundum
796 2678 829 2719 se
843 2678 905 2719 non
921 2663 993 2719 sunt
1008 2656 1040 2720 in
1055 2655 1131 2735 loeo,
1146 2679 1202 2721 nee
1218 2656 1385 2720 seeundum

280 2769 381 2833 locum
398 2768 509 2831 distare
529 2776 669 2852 possunt,
691 2766 745 2831 sed
765 2776 839 2832 suut
860 2790 952 2853 supra
976 2767 1078 2833 locum
1096 2778 1127 2833 et
1151 2792 1243 2853 supra
1263 2790 1385 2833 omnem

280 2880 458 2945 relationem
472 2880 610 2944 localem.

326 2990 428 3067 Quare
442 2991 535 3055 etiam
549 2990 704 3075 superflua
718 2999 775 3070 est,
791 2999 822 3055 et
840 2990 917 3055 falso
936 2990 1054 3056 laborat
1077 2991 1236 3077 supposito
1258 2993 1386 3078 quaestio

280 3105 343 3184 illa,
365 3104 399 3168 in
421 3126 481 3190 qna
504 3103 628 3189 quidam
650 3102 783 3167 multum
815 3103 977 3183 desudant,
1000 3104 1039 3168 de
1061 3104 1131 3169 sede
1153 3105 1257 3183 animi,
1280 3115 1386 3171 utrum

282 3238 393 3301 nempe
408 3216 448 3279 sit
462 3215 494 3279 in
510 3215 642 3294 cerebro,
661 3238 700 3279 an
720 3215 753 3279 in
775 3216 876 3296 eorde,
898 3238 938 3280 an
960 3214 1041 3280 alibi.
1087 3216 1198 3280 Anima
1220 3217 1301 3281 enim
1323 3240 1386 3281 non

283 3337 329 3392 est
344 3327 465 3391 ubieata
479 3327 512 3390 in
527 3326 629 3412 aliquo
648 3348 774 3411 organo,
796 3334 851 3391 aut
873 3326 905 3390 in
928 3327 1030 3412 aliquo
1052 3336 1167 3411 puncto
1189 3328 1255 3393 eius
1276 3329 1386 3393 indivi-

283 3439 374 3518 sibili,
390 3439 444 3502 sed
458 3438 560 3502 existit
575 3437 690 3525 absque
704 3437 877 3503 ubieatione
892 3438 924 3502 in
944 3438 1089 3503 omnibus
1109 3440 1231 3524 organis
1250 3463 1305 3526 per
1320 3463 1387 3527 quae

281 3552 344 3616 vita
357 3557 521 3614 exercetur.

328 3664 380 3726 57.
404 3659 559 3736 Quaeritur
574 3662 714 3745 septimo,
734 3670 834 3725 atnam
856 3662 939 3725 bomo
960 3671 1150 3746 componatur
1164 3686 1201 3727 er
1215 3686 1343 3749 corpore,
1360 3673 1388 3729 et

283 3774 391 3851 aalma,
407 3780 436 3835 et
448 3773 555 3837 unione
568 3775 730 3857 utriusque.

327 3882 510 3967 Respondes
534 3885 693 3968 negative3
717 3886 788 3969 qnia
812 3885 887 3949 unio
912 3885 1046 3969 corporis
1068 3894 1099 3949 et
1123 3887 1232 3952 animae
1254 3898 1388 3954 nonest

285 3994 360 4080 quid
374 3994 500 4059 tertium
517 4016 570 4078 per
584 3994 710 4058 modum
726 3995 833 4079 partis,
850 3994 902 4059 red
917 4005 963 4059 est
983 3997 1060 4061 ratio
1082 3997 1216 4062 formalis
1239 4001 1387 4085 composi·

283 4107 378 4171 tionis
406 4114 525 4170 naturae
554 4105 692 4188 viventis,
722 4107 875 4171 resultans
904 4130 940 4171 ex
969 4108 1182 4175 terminatione
1212 4111 1320 4176 animae
1349 4111 1388 4177 ad

270 4240 404 4303 [eorpus.
449 4217 523 4302 lpse
537 4239 607 4281 vero
627 4218 802 4281 terminatio
822 4218 931 4282 animae
948 4217 987 4282 ad
1002 4240 1112 4304 eorpus
1126 4244 1189 4285 non
1204 4232 1251 4287 est
1265 4223 1389 4310 aliquod

285 4331 423 4394 accidens
436 4329 599 4416 physicum
614 4330 722 4393 animae
737 4329 784 4392 vel
800 4329 943 4414 eorporis,
959 4338 995 4392 nt
1010 4331 1070 4394 iam
1091 4340 1246 4398 ostensum
1263 4343 1320 4415 eat,
1337 4336 1390 4401 sed
