3200 4975
275 363 338 423 180
722 377 765 420 na
783 377 929 420 nonina.
1236 350 1323 437 [car.
1342 370 1382 412 11.

272 543 402 609 randum
427 543 505 608 circa
529 541 739 606 immaterialia
763 550 794 605 et
820 540 1010 619 universalia,
1037 539 1076 604 ad
1106 561 1174 624 quae
1204 535 1383 621 attingenda

274 656 391 721 nullam
412 655 505 720 habet
528 653 766 738 proportionem,
782 676 822 716 ne
844 651 1110 717 instrumentalem
1133 649 1270 736 quidem,
1287 669 1382 734 quum
1493 717 1501 730 ι

274 769 514 833 instrumentum
542 763 695 829 materiale
722 766 762 828 sit
792 765 1031 829 determinatum
1057 764 1096 828 ad
1127 785 1234 842 unum,
1260 769 1291 826 et
1316 759 1383 824 uni-

276 880 400 960 versale,
417 886 508 964 prout
528 876 694 962 attingitur
714 875 926 960 intelligendo,
951 877 991 940 sit
1012 884 1042 940 et
1063 883 1185 939 maneat
1208 871 1385 938 indetermi-

276 1001 395 1056 natum.
447 990 533 1054 Sicut
547 1012 620 1072 ergo
643 1011 734 1067 serra,
750 988 823 1073 quia
847 998 893 1053 est
914 988 1067 1053 destinata
1082 988 1120 1053 ad
1144 987 1318 1064 secandum,
1338 993 1384 1049 est

278 1104 518 1167 instrumentum
543 1124 606 1166 non
632 1100 787 1184 attingens
814 1099 998 1178 insecabilia,
1023 1101 1119 1164 itaet
1143 1098 1384 1163 instrumentum

280 1214 445 1294 materiale,
457 1214 529 1299 quia
543 1222 590 1277 est
605 1213 643 1277 ad
659 1211 837 1291 materialia,
849 1234 912 1276 non
927 1211 1055 1296 attingit
1066 1209 1256 1275 universalia.
1300 1209 1383 1293 Ergo

278 1325 451 1391 substantia
464 1323 648 1389 intellectiva
658 1344 722 1387 non
737 1323 856 1408 indiget
870 1324 997 1387 materia
1006 1332 1164 1409 tamquam
1179 1322 1384 1386 instrumento

280 1436 319 1500 ad
344 1434 525 1521 attingenda
547 1433 746 1499 universalia:
769 1443 801 1498 et
824 1442 1045 1519 consequenter
1064 1443 1111 1498 est
1132 1433 1303 1499 substantia
1322 1432 1384 1519 spi·

279 1548 409 1613 ritualia.

323 1660 455 1725 Necesse
476 1668 581 1724 tamen
599 1666 646 1722 est
668 1658 823 1737 adnotare,
840 1658 879 1722 ad
901 1658 1119 1722 occurrendum
1143 1658 1384 1739 difficultatibus,

278 1771 346 1858 qnae
367 1771 498 1858 proponi
520 1779 660 1856 possunt,
676 1771 809 1834 animam
831 1770 1000 1834 humanam
1022 1770 1206 1836 considerari
1227 1793 1316 1856 posse
1337 1770 1384 1834 vel

278 1894 370 1969 prout
388 1884 482 1948 estin
504 1906 536 1947 se
549 1883 785 1948 substantialiter
799 1891 831 1946 et
851 1882 968 1947 ratione
983 1883 1041 1961 sui,
1057 1883 1105 1946 vel
1119 1891 1211 1968 prout
1233 1891 1279 1946 est
1294 1883 1385 1947 etiam

277 1995 454 2060 naturaliter
471 1996 633 2059 coniuncta
653 2017 723 2058 cum
739 2016 863 2079 corpore
874 2021 884 2073 ς
908 2017 1003 2079 quum
1023 2004 1125 2058 antem
1150 2017 1224 2074 csse,
1240 1995 1288 2058 vel
1309 2017 1383 2073 non,

224 2143 227 2147 ›
279 2106 481 2170 substantiam
497 2106 687 2193 spiritualem
702 2128 765 2169 non
775 2114 928 2190 competat
944 2105 1054 2169 animae
1068 2107 1185 2170 ratione
1196 2106 1385 2171 coniunctio·

280 2218 329 2283 nis
352 2241 421 2282 curn
445 2241 578 2303 corpore,
595 2217 649 2281 sed
671 2218 789 2281 ratione
812 2217 870 2296 sni,
889 2217 1001 2297 omnia,
1017 2239 1086 2302 quaa
1107 2217 1238 2281 diximus
1261 2217 1298 2281 de
1321 2217 1386 2282 eius

280 2331 454 2416 operatione
476 2330 669 2408 intellectiva,
683 2328 860 2414 accipienda
883 2337 956 2393 sunt
979 2329 1016 2394 de
1039 2328 1140 2392 anima
1157 2329 1330 2394 ‘secundum
1353 2352 1385 2394 se

278 2442 467 2509 considerata
481 2450 513 2507 et
533 2441 764 2528 praescindendo
779 2464 797 2505 a
813 2449 895 2505 statu
911 2440 1043 2506 naturali
1066 2439 1098 2503 in
1113 2462 1174 2525 quo
1190 2449 1245 2521 est,
1261 2442 1384 2526 quando

278 2557 372 2622 estin
388 2578 520 2642 corpore.
566 2554 752 2646 Videbimus
773 2553 855 2617 enim
871 2553 1009 2631 inferius,
1025 2526 1158 2616 animam
1181 2554 1213 2617 in
1229 2554 1287 2618 hoc
1302 2563 1385 2618 statu

279 2669 388 2734 debere
401 2670 449 2732 uti
467 2689 591 2753 corpore
607 2676 764 2753 tamquam
788 2666 993 2730 instrumento
1008 2664 1192 2749 operationis
1208 2688 1271 2729 suae
1292 2666 1384 2729 etiam

277 2780 489 2845 intellectivae:
513 2779 568 2844 sed
581 2779 639 2843 hoc
651 2801 714 2842 non
730 2778 799 2842 ideo
814 2778 887 2863 quia
901 2777 1035 2861 operatio
1050 2776 1234 2843 intellectiva
1249 2778 1385 2863 indigeat

279 2893 484 2957 instrumento
507 2912 660 2975 corporeo,
677 2888 730 2953 sed
745 2888 815 2952 ideo
829 2886 901 2974 quia
921 2888 1057 2972 operatio
1071 2888 1257 2954 intellectiva
1276 2892 1386 2954 animae

280 3004 450 3067 coniunctae
464 3024 535 3066 eum
550 3024 675 3086 corpore
689 3022 753 3063 non
762 3007 810 3064 est
825 2998 1004 3083 simpliciter
1017 2998 1211 3079 intellectiva,
1225 3000 1278 3064 sed
1293 3001 1385 3064 etiam

280 3115 440 3179 sensitiva:
463 3112 622 3178 fatendum
649 3122 751 3175 antem
774 3118 822 3175 est
844 3110 883 3174 ad
905 3110 1123 3195 operationem,
1141 3134 1210 3196 quaa
1231 3112 1323 3176 simul
1345 3113 1385 3175 sit

279 3225 464 3290 intellectiva
478 3234 509 3287 et
529 3223 681 3301 sensitiva,
696 3221 813 3306 requiri
827 3220 919 3285 etiam
941 3242 1090 3305 organum
1106 3244 1296 3306 corporeum.
1340 3223 1386 3286 Ex

275 3336 339 3401 ·hoc
363 3344 468 3400 tamen
494 3334 632 3419 sequitur
658 3333 768 3410 solum,
795 3330 880 3417 qnod
905 3330 1008 3395 anima
1030 3330 1165 3398 humana
1188 3335 1295 3419 nequit
1321 3334 1387 3397 sine

281 3448 486 3510 instrumento
497 3444 646 3509 materiali
660 3443 752 3507 simul
766 3442 939 3525 intelligere
954 3450 985 3505 et
994 3442 1127 3507 sentire:
1151 3465 1220 3507 cum
1236 3464 1298 3528 qno
1313 3452 1385 3523 stat,

280 3556 364 3644 quod
385 3558 519 3642 operatio
542 3555 725 3620 intellectiva
743 3564 778 3617 ut
802 3554 845 3616 sic
863 3550 1037 3638 perficiatur
1058 3552 1172 3639 absque
1189 3554 1252 3619 ulla
1272 3554 1386 3639 depen-

267 3663 387 3736 “dentia
401 3670 439 3734 ab
454 3690 569 3755 organo
585 3689 736 3753 corporeo.

325 3787 379 3849 49.
407 3783 593 3846 Obitcies10.
616 3779 757 3857 Materia,
774 3778 841 3841 Deo
859 3776 994 3857 iubente,
1010 3785 1112 3861 potest
1134 3779 1288 3863 cogitare:
1311 3802 1384 3866 ergo

282 3898 384 3962 anima
405 3903 590 3980 potestesse
612 3889 787 3955 materialis.
833 3888 924 3953 Prob.
941 3897 1004 3952 ant.
1051 3889 1182 3954 Materia
1200 3914 1262 3955 non
1281 3901 1327 3957 cst
1348 3894 1385 3958 de

283 4033 315 4074 se
337 4007 515 4094 vegetativa,
531 4016 563 4069 et
582 4011 685 4067 tamen
700 4002 787 4065 Deus
808 3999 861 4064 dat
883 3998 930 4096 illi
952 4000 1013 4064 vim
1036 4002 1205 4085 vegetandi.
1250 4004 1385 4091 Ergo,'si

281 4122 368 4185 Deus
389 4119 466 4199 vult,
481 4117 552 4182 licet
577 4113 703 4178 materia
725 4134 788 4176 non
811 4112 851 4175 sit
872 4111 910 4176 de
934 4134 965 4177 se
990 4113 1161 4198 cogitativa,
1182 4117 1294 4199 poterit
1320 4118 1385 4181 fieri

282 4235 429 4318 cogitans,
445 4232 539 4295 immo
554 4238 585 4293 et
599 4229 693 4293 libere
707 4226 822 4291 volens.
867 4225 917 4289 Ita
931 4225 994 4292 fere
1008 4226 1151 4293 Lockius.

327 4343 509 4430 Respondeo
524 4366 554 4406 n.
569 4349 642 4419 ant,
658 4339 696 4404 ad
713 4336 926 4425 probationem
942 4346 980 4404 tr.
997 4346 1059 4403 ant.
1075 4360 1139 4424 acy.
1155 4361 1232 4403 cons.
1251 4347 1283 4404 et
1304 4340 1385 4425 pari-
