3200 4975
270 363 332 431 198
703 385 745 426 nn
764 385 909 428 nonme.
1231 365 1314 448 [osa.
1333 383 1372 428 11.

312 557 364 618 59.
389 553 491 616 Prima
512 552 641 616 facultas
670 552 804 615 hominis
834 553 914 615 inter
936 552 1154 636 cognoscitivas
1176 560 1222 616 est
1245 551 1375 616 facultas·

263 669 361 750 primo
384 665 591 749 upprctmniva
612 674 680 727 tum
703 664 903 742 sensibilium,
927 673 994 728 tum
1021 663 1270 748 intelligibilium.
1316 664 1373 728 lla-

268 779 366 842 cultas
387 777 604 862 apprehensiva
627 776 815 841 sensibilium
838 776 911 840 dicit
934 777 1071 840 ordinem
1094 776 1134 840 ad
1155 776 1308 840 obiectum
1325 798 1370 839 se-

269 888 405 953 cundum
440 886 671 970 impressionem
700 886 738 950 ab
768 909 804 950 eo
834 887 943 950 factam
975 887 1006 950 in
1037 887 1212 971 passivitate
1247 909 1373 950 sensus:

268 999 397 1063 facultas
411 1019 480 1061 vero
495 997 713 1081 apprehensiva
732 996 974 1080 intelligibilium
995 997 1068 1062 dicit
1084 997 1222 1061 ordinem
1237 996 1275 1060 ad
1291 996 1372 1061 obie-

269 1119 354 1175 ctum
373 1108 541 1172 secundum
564 1107 793 1192 impressionem
816 1107 853 1171 ab
868 1130 904 1172 eo
919 1109 1030 1172 factam
1045 1109 1078 1172 in
1094 1109 1268 1193 passivitate
1283 1109 1372 1173 intel,

268 1222 376 1286 lectus.
422 1220 528 1296 Quum
557 1229 660 1283 autem
690 1220 850 1304 passivitas
873 1242 981 1284 sensus
1003 1242 1066 1284 non
1090 1221 1130 1285 sit
1152 1221 1213 1285 nisi
1233 1221 1371 1305 quaedam

268 1333 403 1397 extensio
432 1332 615 1416 passivitatis
644 1332 818 1398 intellectus
842 1355 898 1416 per
921 1332 1165 1396 terminationem
1195 1331 1373 1396 substantia

270 1444 461 1510 intellectivae
491 1443 529 1506 ad
559 1466 668 1529 corpus
703 1444 892 1527 organicum,
924 1452 958 1506 ut
989 1443 1128 1526 superius
1157 1442 1298 1507 habitum
1327 1452 1373 1506 est

272 1558 315 1639 (n.
332 1558 399 1638 20),
415 1555 483 1619 ideo
503 1554 667 1632 obiectum,
688 1555 771 1639 quod
792 1563 839 1620 est
862 1577 994 1638 praesens
1016 1555 1048 1617 iu
1070 1555 1243 1638 passivitate
1267 1577 1373 1618 sensus

268 1660 324 1751 per
346 1668 475 1751 speciem
498 1667 670 1731 sensibilem
694 1667 874 1750 impressam
897 1667 935 1730 ab
957 1665 1024 1751 ipso
1044 1675 1080 1730 ut
1095 1674 1165 1730 ente
1181 1667 1328 1731 materiali
1343 1676 1373 1731 et

268 1779 498 1863 proportionato
524 1778 641 1842 obiecto
664 1801 782 1857 sensus,
806 1786 851 1841 est
874 1778 965 1841 etiam
988 1800 1121 1862 praesens
1144 1779 1176 1842 in
1198 1779 1373 1863 passivitate

203 1881 207 1892 ¹
268 1889 442 1953 intellectus
457 1912 511 1973 per
526 1890 654 1974 speciem
676 1889 902 1972 intelligibilem
924 1890 1103 1973 impressam
1119 1890 1156 1954 ab
1172 1890 1238 1974 ipso
1253 1901 1289 1953 ut
1304 1899 1373 1953 ente

269 1999 456 2083 intelligibili
484 2010 515 2064 et
545 2002 774 2085 proportionata
804 2000 922 2065 obiecto
954 2001 1136 2078 intellectus,
1167 2000 1251 2085 quod
1282 2001 1373 2064 etiam

271 2133 363 2194 supra
382 2111 596 2195 explicavimus
614 2115 656 2194 (n.
673 2114 741 2194 22).
788 2111 987 2196 Consequens
1002 2120 1059 2190 est,
1074 2120 1110 2174 ut
1126 2112 1375 2196 quotiescumque

270 2222 399 2285 facultas
423 2223 641 2306 apprehensiva
671 2222 861 2285 sensibilium
884 2223 989 2308 recipit
1012 2223 1242 2307 impressionem
1265 2224 1298 2287 in
1320 2242 1375 2289 sua·

269 2333 454 2418 passivitate,
479 2334 570 2404 etiam
593 2333 721 2397 facultas
744 2335 962 2419 apprehensiva
989 2335 1227 2418 intelligibilium
1250 2335 1375 2419 recipiat

269 2445 500 2530 impressionem
520 2445 554 2508 in
572 2467 627 2509 sua
646 2445 838 2530 passivitate:
863 2455 948 2511 actus
965 2469 1044 2525 vero,
1068 2469 1129 2532 quo
1153 2469 1259 2511 sensus
1282 2470 1375 2532 agens

268 2558 453 2625 terminatur
467 2558 507 2621 ad
520 2558 673 2628 obiectum
689 2565 724 2621 ut
744 2558 898 2637 sensibile,
920 2581 983 2622 non
1005 2560 1058 2622 fiat
1081 2558 1147 2623 sino
1169 2559 1271 2644 aliquo
1293 2568 1373 2638 actu,

269 2691 331 2753 quo
353 2669 525 2732 intellectus
547 2692 641 2753 agens
664 2669 847 2739 terminetur
869 2670 906 2737 ad
929 2669 1011 2734 idern
1033 2668 1187 2741 obiectum
1208 2680 1244 2734 ut
1262 2672 1374 2734 intelli-

269 2779 371 2863 gibile.
416 2780 602 2844 Addendnm
633 2789 689 2857 est,
716 2781 799 2865 quod
828 2782 894 2865 ipse
918 2789 1014 2859 actus,
1042 2803 1103 2865 quo
1130 2781 1294 2865 attingitur
1319 2780 1374 2843 ob-

268 2892 381 2961 iectum
404 2913 467 2955 non
489 2891 580 2956 modo
602 2900 638 2954 ut
660 2891 876 2970 intellectuale,
908 2892 960 2955 sed
989 2892 1081 2959 etiam
1103 2900 1139 2956 ut
1162 2891 1316 2970 sensibile,
1339 2892 1374 2953 fit

267 3002 419 3073 obiectum
435 2997 683 3086 apprehensionis
698 3003 890 3081 immediatae,
907 3002 1029 3087 quando
1044 3004 1088 3065 fit.
1134 3002 1226 3067 Unde
1240 3025 1296 3087 pro
1313 3024 1374 3065 una

268 3114 466 3197 impressione
480 3114 560 3177 facta
575 3114 612 3177 ab
628 3114 745 3177 obiecto
761 3114 898 3178 sensibili
916 3114 1069 3177 habentur
1084 3113 1145 3177 duo
1160 3122 1246 3177 actus
1261 3135 1374 3197 cogno.

268 3225 383 3289 so‘itivi:
407 3226 533 3309 primus,
546 3248 607 3309 quo
622 3224 818 3308 cognoscitur
832 3225 995 3303 obiectum,
1012 3224 1173 3302 secundus,
1188 3246 1249 3309 quo
1261 3247 1374 3307 eogno-

268 3336 364 3400 scitur
385 3336 520 3419 cognitio
531 3338 608 3430 [eius
630 3358 696 3399 esse
715 3336 749 3398 in
767 3344 981 3419 cognoscente.
1026 3335 1130 3419 Atque
1152 3336 1201 3399 hic
1224 3336 1375 3405 secundus

268 3457 355 3512 actus
384 3456 430 3514 est
458 3449 577 3531 primus
612 3457 698 3520 aetus
727 3449 855 3512 reflexus
892 3457 1079 3532 spontaneus
1111 3470 1145 3511 ac
1176 3448 1374 3526 necessarius,

269 3582 330 3644 quo
359 3568 499 3623 actuatur
528 3560 752 3623 accidentaliter
781 3559 967 3623 conscientia
995 3560 1229 3643 cognoscentis;
1252 3559 1306 3623 sed
1336 3560 1374 3623 de

268 3671 327 3733 hoe
341 3670 430 3742 infra.
511 3691 514 3694 ·
689 3665 693 3673 ’

311 3781 356 3843 nx
378 3780 530 3865 praedietis
560 3789 694 3865 apparet,
726 3781 880 3865 quomodo
908 3782 1006 3865 possit
1028 3782 1067 3845 ab
1089 3782 1208 3846 obiecto
1238 3781 1374 3847 sensibili

267 3893 389 3965 excitari
424 3916 486 3955 non
519 3892 619 3956 solum
652 3916 759 3955 sensus
788 3893 841 3956 sed
871 3901 902 3956 et
932 3892 1105 3957 intellectus
1135 3893 1173 3958 ad
1204 3893 1373 3979 apprehen-

268 4005 414 4069 dendum.
460 4004 575 4068 Contra
590 4027 659 4068 vero
674 4028 737 4068 non
757 4013 861 4090 potest
880 4004 1021 4089 intelligi,
1045 4005 1197 4089 quomodo
1219 4005 1373 4069 obiectum

268 4140 343 4201 pure
358 4116 550 4200 intelligibile
565 4117 662 4200 possit
676 4117 775 4200 primo
796 4117 926 4183 excitare
948 4116 1138 4181 intellectum
1158 4118 1292 4183 hominis
1308 4117 1374 4181 sine

268 4230 330 4293 ulla
353 4252 459 4292 sensus
482 4228 676 4301 excitatione,
695 4276 699 4280 Δ
715 4229 807 4292 Ratio
829 4228 922 4307 enim,
945 4237 1070 4313 propter
1097 4252 1189 4313 quam
1218 4229 1372 4293 obiectum

268 4342 409 4405 sensibile
431 4342 541 4403 excitat
564 4342 654 4404 etiam
678 4341 877 4420 intellectum,
901 4350 947 4405 ert
970 4343 1041 4426 quia
1061 4364 1151 4405 omne
1170 4341 1311 4406 sensibile
1326 4350 1372 4405 est
