3200 4975
257 362 319 426 152
703 380 748 424 nx
766 378 912 425 nonina.
1232 362 1318 445 [uxr.
1337 382 1360 425 1.

256 546 400 632 estquod
416 546 458 610 ait
478 547 510 610 S.
527 547 670 625 Thomas,
685 548 862 612 voluntatem
878 552 923 612 uli
937 550 1082 633 speciebus
1094 558 1186 633 prout
1201 550 1283 613 vult:
1307 548 1361 633 qni

258 660 367 723 modus
377 659 496 723 dicendi
507 668 553 723 cst
562 658 649 722 valde
658 658 811 738 notabilis,
822 660 894 745 quia
903 660 1077 725 brevissime
1087 661 1227 745 exprimit
1237 683 1359 725 sensum

257 771 290 834 in
305 794 366 854 quo
381 770 522 833 voluntas
539 770 651 834 dicitur
665 770 812 855 imperare
828 772 1026 837 attentionem
1044 781 1074 836 et
1090 772 1292 837 reflexionem.

304 883 448 966 Superest
478 882 675 966 quaerendum
705 883 859 967 quomodo
883 883 1023 947 voluntas
1053 884 1132 947 hanc
1158 886 1288 968 speciem
1315 884 1361 949 vel

260 994 353 1072 illam,
369 1002 459 1077 prout
482 993 558 1072 vult,
574 992 743 1057 intellectui
757 994 861 1077 agenti
880 994 1012 1058 obiiciat.
1058 996 1098 1059 Et
1113 995 1233 1060 videtur
1248 1020 1314 1061 esse
1329 998 1361 1061 iu

259 1106 326 1191 ipsa
339 1128 443 1168 rerum
458 1113 577 1183 natura,
593 1115 629 1168 ut
644 1128 705 1189 quo
720 1105 822 1168 anima
837 1106 935 1189 magis
955 1115 1094 1170 movetur
1109 1117 1178 1171 actu
1194 1107 1362 1174 secundum

260 1218 413 1295 affectum,
429 1217 494 1279 eius
510 1217 623 1301 species
638 1218 678 1280 sit
693 1227 764 1280 actu
779 1218 957 1301 praesentior
971 1218 1075 1281 virtuti
1091 1218 1248 1283 intuitivae.
1281 1220 1362 1283 Nam

261 1329 338 1393 illud
362 1338 393 1392 et
414 1351 547 1413 praesens
571 1338 617 1391 est
640 1329 714 1391 dum
738 1338 808 1391 actu
833 1337 934 1393 movet
957 1330 1109 1407 affectum,
1133 1340 1164 1393 et
1185 1332 1364 1413 praesentius

262 1462 353 1524 quam
384 1440 451 1518 alia,
476 1462 544 1523 quae
567 1449 637 1501 actu
666 1461 728 1502 non
753 1448 876 1503 movent
906 1440 1058 1503 affectum.
1105 1440 1236 1516 Quando
1262 1452 1363 1507 autem

262 1551 403 1615 voluntas
418 1555 546 1634 imperat
562 1550 773 1629 attentionem,
790 1573 852 1613 non
869 1550 997 1635 imperat
1012 1552 1071 1614 nisi
1092 1554 1164 1636 quia
1181 1552 1256 1631 vult,
1272 1553 1303 1616 id
1319 1563 1365 1617 est
1391 1532 1392 1535 ¹

263 1664 334 1747 quia
360 1672 429 1726 actu
456 1662 568 1725 moveri
594 1686 625 1725 se
652 1662 725 1725 sinit
751 1663 920 1726 secundum
945 1663 1087 1727 affectum
1112 1663 1150 1728 ab
1175 1664 1303 1743 obiecto,
1331 1675 1365 1728 ut

262 1772 427 1855 cogitabili,
444 1796 497 1835 seu
513 1773 585 1856 quia
600 1774 744 1856 cogitatio
760 1774 798 1836 de
817 1774 871 1837 tali
891 1773 1009 1838 obiecto
1024 1775 1113 1838 habet
1130 1785 1201 1839 actu
1216 1777 1364 1841 rationem

263 1885 338 1949 boni
360 1908 416 1968 pro
439 1885 603 1967 cogitante.
648 1884 732 1967 Ergo
759 1884 832 1948 dum
855 1884 996 1949 voluntas
1014 1886 1143 1971 imperat
1166 1889 1365 1953 attentionem

265 1995 336 2058 huic
350 1995 476 2071 obiecto,
495 1995 609 2078 species
633 1996 724 2059 huius
740 1997 859 2075 obiecti,
876 1997 915 2061 ob
931 1998 1147 2061 connexionem
1167 2022 1258 2083 quam
1273 2000 1367 2063 habet

264 2132 332 2172 cum
349 2110 460 2171 affectu
475 2132 564 2192 quem
581 2108 731 2187 excitavit,
747 2132 802 2193 per
816 2110 966 2173 actualem
986 2111 1112 2175 affectus
1127 2111 1317 2175 existentiam
1334 2114 1366 2176 iu

263 2220 365 2283 anima
389 2220 545 2284 reducitur
574 2230 604 2283 et
628 2231 785 2285 revocatur
811 2231 880 2286 actu
908 2222 946 2285 ad
977 2223 1167 2307 praesentiam
1194 2224 1367 2287 intellectus

263 2330 402 2416 agentis:
421 2331 491 2395 'aliae
512 2339 615 2395 autem
638 2332 752 2415 species
775 2331 962 2395 obiectorum
986 2355 1054 2417 quae
1069 2341 1139 2397 actu
1162 2356 1224 2397 non
1245 2344 1367 2398 movent

264 2442 432 2507 secundum
447 2442 598 2521 affectum,
614 2465 677 2506 non
693 2452 764 2507 actu
778 2452 966 2521 revocantur,
984 2444 1036 2508 sed
1054 2454 1177 2508 manent
1192 2445 1225 2508 in
1240 2445 1365 2531 passivi·

262 2563 324 2627 tate
340 2555 523 2620 intellectiva
537 2554 733 2618 habitualiter
747 2564 879 2619 tantum.

307 2667 390 2731 Hinc
405 2666 572 2751 explicatur
587 2667 678 2732 etiam
698 2667 826 2730 attentio
842 2676 1019 2751 spontanea,
1036 2690 1127 2752 quam
1144 2667 1285 2731 voluntas
1303 2690 1366 2732 non

262 2778 391 2861 imperat
406 2788 477 2842 actu
491 2778 586 2842 libero
602 2778 654 2842 sed
670 2778 856 2858 instinctivo,
872 2787 908 2840 ut
928 2779 960 2842 iu
975 2778 1211 2862 cogitationibus
1226 2778 1366 2843 involun-

262 2890 347 2962 tariis
373 2890 499 2954 accidit:
523 2889 555 2952 in
578 2911 639 2973 quo
662 2911 733 2952 casu
753 2889 886 2952 intuitus
908 2888 1001 2950 huius
1019 2888 1128 2973 speciei
1148 2888 1251 2972 potius
1274 2911 1367 2972 quam

262 3002 345 3065 illius
360 3001 473 3086 pendet
488 3001 526 3064 ab
542 3002 650 3064 affectu
668 3001 853 3064 instinctivo.

306 3113 420 3178 Eadem
445 3112 603 3197 explicatio
625 3113 779 3176 reflexioni
802 3112 947 3196 applicari
970 3119 1080 3195 potest,
1097 3134 1165 3195 quae
1181 3135 1242 3176 non
1265 3113 1366 3177 differt

262 3227 300 3290 ab
316 3227 484 3291 attentione
501 3225 559 3287 uisi
582 3225 748 3287 secundum
766 3225 943 3301 materiam,
967 3222 1049 3287 unde
1065 3223 1286 3302 concludimus,
1305 3227 1366 3288 vim

263 3338 441 3402 attendendi
456 3346 487 3400 et
502 3336 676 3400 reflectendi
691 3359 755 3399 esse
771 3337 831 3398 vim
850 3335 1024 3399 intuitivam
1040 3342 1075 3396 ut
1090 3335 1310 3400 terminabilem
1328 3337 1367 3401 ad

263 3448 426 3526 obiectum,
453 3448 500 3511 vel
523 3447 562 3510 ad
585 3447 766 3524 subiectum,
792 3447 961 3510 secundum
984 3446 1067 3530 quod
1093 3446 1273 3511 alterutrum
1297 3458 1368 3511 actu

264 3560 362 3642 magis
385 3559 478 3622 allicit
493 3558 680 3621 voluntatem
701 3558 867 3642 cogitandi,
884 3566 914 3620 et
930 3580 984 3641 per
1005 3557 1063 3620 hoc
1077 3558 1112 3620 fit
1134 3559 1231 3642 magis
1254 3559 1367 3644 directe

247 3692 396 3754 ‘praesens
411 3669 579 3732 intellectui
594 3670 705 3752 agenti.

311 3783 503 3845 corollarium
518 3783 546 3844 Ι.
571 3780 727 3866 Sequitur,
743 3780 931 3844 voluntatem
954 3803 1017 3844 non
1033 3781 1181 3864 imperare
1204 3781 1317 3845 directe
1337 3793 1368 3846 et

264 3883 404 3980 explicite
426 3894 626 3958 attentionem
649 3916 748 3978 neque
763 3893 965 3970 reflexionem,
982 3892 1033 3955 sed
1050 3892 1109 3955 dici
1131 3893 1280 3977 imperare
1300 3893 1368 3957 ideo

266 4019 396 4086 tantum,
409 4008 481 4091 quia
495 4015 621 4092 propter
636 4006 788 4085 affectum,
799 4028 862 4090 quo
878 4005 990 4069 moveri
1005 4027 1037 4068 se
1053 4005 1135 4082 sinit,
1148 4015 1194 4067 est
1209 4027 1299 4068 causa
1314 4028 1369 4069 cur

266 4121 414 4184 excitetur
437 4130 467 4182 et
492 4120 545 4182 fiat
568 4127 639 4181 actu
658 4140 790 4202 praesens
813 4117 980 4181 intellectui
1001 4116 1114 4200 specics
1135 4116 1253 4194 obiecti,
1270 4140 1287 4180 a
1307 4141 1368 4202 quo

266 4243 422 4297 movetur:
446 4254 500 4316 per
514 4232 572 4295 hoe
588 4231 670 4294 enim
682 4230 778 4294 virtus
793 4229 936 4293 intuitiva
950 4229 1120 4294 intuebitur
1134 4253 1195 4293 non
1212 4238 1368 4314 tamquam

266 4369 302 4408 ex
317 4345 442 4429 imperio
458 4345 507 4408 cui
523 4344 709 4421 subiiciatur,
720 4342 772 4406 sed
788 4365 824 4405 ex
839 4342 1002 4406 intrinseca
1018 4343 1204 4420 necessitate,
1221 4343 1368 4426 quamdiu
