<?xml version="1.0" encoding="UTF-8"?>
<!DOCTYPE html PUBLIC "-//W3C//DTD XHTML 1.0 Transitional//EN"
    "http://www.w3.org/TR/xhtml1/DTD/xhtml1-transitional.dtd">
<html xmlns="http://www.w3.org/1999/xhtml" xml:lang="en" lang="en">
 <head>
  <title>
</title>
<meta http-equiv="Content-Type" content="text/html;charset=utf-8" />
  <meta name='ocr-system' content='tesseract 3.04.00' />
  <meta name='ocr-capabilities' content='ocr_page ocr_carea ocr_par ocr_line ocrx_word'/>
</head>
<body>
  <div class='ocr_page' id='page_1' title='image "./realisphilosoph02baymgoog_0371.png"; bbox 0 0 3200 4975; ppageno 0'>
   <div class='ocr_carea' id='block_1_1' title="bbox 243 317 1346 406">
    <p class='ocr_par' dir='ltr' id='par_1_1' title="bbox 243 317 1346 406">
     <span class='ocr_line' id='line_1_1' title="bbox 243 317 1346 406; baseline 0.014 -23"><span class='ocrx_word' id='word_1_1' title='bbox 243 342 312 384; x_wconf 76' lang='lat' dir='ltr'><strong>cnr.</strong></span> <span class='ocrx_word' id='word_1_2' title='bbox 328 317 400 406; x_wconf 78' lang='lat' dir='ltr'><strong>nn]</strong></span> <span class='ocrx_word' id='word_1_3' title='bbox 634 348 676 391; x_wconf 84' lang='lat' dir='ltr'><strong>on</strong></span> <span class='ocrx_word' id='word_1_4' title='bbox 691 348 945 394; x_wconf 66' lang='lat' dir='ltr'><strong>cocionumnus.</strong></span> <span class='ocrx_word' id='word_1_5' title='bbox 1281 336 1346 399; x_wconf 78' lang='lat'><strong>357</strong></span> 
     </span>
    </p>
   </div>
   <div class='ocr_carea' id='block_1_2' title="bbox 237 510 1413 1363">
    <p class='ocr_par' dir='ltr' id='par_1_2' title="bbox 237 510 1413 1363">
     <span class='ocr_line' id='line_1_2' title="bbox 242 510 1343 598; baseline 0.01 -25"><span class='ocrx_word' id='word_1_6' title='bbox 242 510 584 597; x_wconf 79' lang='lat' dir='ltr'><strong>quodestdoreatrique</strong></span> <span class='ocrx_word' id='word_1_7' title='bbox 594 516 859 580; x_wconf 66' lang='lat' dir='ltr'><strong>catumeumdem</strong></span> <span class='ocrx_word' id='word_1_8' title='bbox 869 516 1066 581; x_wconf 84' lang='lat' dir='ltr'><strong>oeldioereom</strong></span> <span class='ocrx_word' id='word_1_9' title='bbox 1075 518 1343 598; x_wconf 71' lang='lat' dir='ltr'><strong><em>denominationem,</em></strong></span> 
     </span>
     <span class='ocr_line' id='line_1_3' title="bbox 241 622 1343 716; baseline 0.01 -32"><span class='ocrx_word' id='word_1_10' title='bbox 241 629 317 686; x_wconf 91' lang='lat' dir='ltr'><strong>tunc</strong></span> <span class='ocrx_word' id='word_1_11' title='bbox 332 622 438 708; x_wconf 91' lang='lat' dir='ltr'><strong>utique</strong></span> <span class='ocrx_word' id='word_1_12' title='bbox 458 624 568 710; x_wconf 81' lang='lat' dir='ltr'><strong>aliquae</strong></span> <span class='ocrx_word' id='word_1_13' title='bbox 588 625 749 691; x_wconf 73' lang='lat' dir='ltr'><strong>relationes</strong></span> <span class='ocrx_word' id='word_1_14' title='bbox 768 636 860 691; x_wconf 88' lang='lat' dir='ltr'><strong>erunt</strong></span> <span class='ocrx_word' id='word_1_15' title='bbox 882 637 1008 707; x_wconf 87' lang='lat' dir='ltr'><strong>mutuae,</strong></span> <span class='ocrx_word' id='word_1_16' title='bbox 1024 638 1060 693; x_wconf 90' lang='lat' dir='ltr'><strong>ut</strong></span> <span class='ocrx_word' id='word_1_17' title='bbox 1081 629 1259 710; x_wconf 83' lang='lat' dir='ltr'><strong>similitudo,</strong></span> <span class='ocrx_word' id='word_1_18' title='bbox 1275 654 1343 716; x_wconf 89' lang='lat' dir='ltr'><strong>quae</strong></span> 
     </span>
     <span class='ocr_line' id='line_1_4' title="bbox 240 736 1343 827; baseline 0.009 -30"><span class='ocrx_word' id='word_1_19' title='bbox 240 742 407 819; x_wconf 86' lang='lat' dir='ltr'><strong>utrumque</strong></span> <span class='ocrx_word' id='word_1_20' title='bbox 428 736 594 801; x_wconf 89' lang='lat' dir='ltr'><strong>terminum</strong></span> <span class='ocrx_word' id='word_1_21' title='bbox 616 738 793 803; x_wconf 82' lang='lat' dir='ltr'>denominat</span> <span class='ocrx_word' id='word_1_22' title='bbox 815 761 878 803; x_wconf 90' lang='lat' dir='ltr'><strong>nno</strong></span> <span class='ocrx_word' id='word_1_23' title='bbox 900 740 1024 805; x_wconf 88' lang='lat' dir='ltr'><strong>nornine</strong></span> <span class='ocrx_word' id='word_1_24' title='bbox 1045 742 1158 821; x_wconf 65' lang='lat' dir='ltr'><strong>nmilia,</strong></span> <span class='ocrx_word' id='word_1_25' title='bbox 1182 751 1213 806; x_wconf 89' lang='lat' dir='ltr'><strong>et</strong></span> <span class='ocrx_word' id='word_1_26' title='bbox 1235 742 1343 827; x_wconf 86' lang='lat' dir='ltr'><strong>aliquae</strong></span> 
     </span>
     <span class='ocr_line' id='line_1_5' title="bbox 241 847 1343 938; baseline 0.008 -30"><span class='ocrx_word' id='word_1_27' title='bbox 241 868 303 909; x_wconf 92' lang='lat' dir='ltr'><strong>non</strong></span> <span class='ocrx_word' id='word_1_28' title='bbox 328 854 453 927; x_wconf 85' lang='lat' dir='ltr'><strong>mutuae,</strong></span> <span class='ocrx_word' id='word_1_29' title='bbox 480 857 516 912; x_wconf 93' lang='lat' dir='ltr'><strong>ut</strong></span> <span class='ocrx_word' id='word_1_30' title='bbox 538 871 606 933; x_wconf 83' lang='lat' dir='ltr'><strong>qua</strong></span> <span class='ocrx_word' id='word_1_31' title='bbox 630 847 801 914; x_wconf 80' lang='lat' dir='ltr'><strong>fundantur</strong></span> <span class='ocrx_word' id='word_1_32' title='bbox 817 850 856 916; x_wconf 87' lang='lat' dir='ltr'><strong>in</strong></span> <span class='ocrx_word' id='word_1_33' title='bbox 882 851 1001 915; x_wconf 83' lang='lat' dir='ltr'><strong>actione</strong></span> <span class='ocrx_word' id='word_1_34' title='bbox 1026 859 1057 916; x_wconf 91' lang='lat' dir='ltr'><strong>et</strong></span> <span class='ocrx_word' id='word_1_35' title='bbox 1082 852 1240 937; x_wconf 88' lang='lat' dir='ltr'><strong>passione;</strong></span> <span class='ocrx_word' id='word_1_36' title='bbox 1271 853 1343 938; x_wconf 89' lang='lat' dir='ltr'><strong>quia</strong></span> 
     </span>
     <span class='ocr_line' id='line_1_6' title="bbox 240 959 1343 1049; baseline 0.008 -29"><span class='ocrx_word' id='word_1_37' title='bbox 240 959 395 1040; x_wconf 87' lang='lat' dir='ltr'><strong>generatio</strong></span> <span class='ocrx_word' id='word_1_38' title='bbox 411 982 438 1022; x_wconf 89' lang='lat' dir='ltr'><strong>v.</strong></span> <span class='ocrx_word' id='word_1_39' title='bbox 450 982 497 1043; x_wconf 86' lang='lat' dir='ltr'><strong>gr.</strong></span> <span class='ocrx_word' id='word_1_40' title='bbox 513 982 576 1024; x_wconf 91' lang='lat' dir='ltr'><strong>nou</strong></span> <span class='ocrx_word' id='word_1_41' title='bbox 591 959 768 1026; x_wconf 80' lang='lat' dir='ltr'><strong>denominat</strong></span> <span class='ocrx_word' id='word_1_42' title='bbox 782 969 949 1048; x_wconf 88' lang='lat' dir='ltr'><strong>utrumque</strong></span> <span class='ocrx_word' id='word_1_43' title='bbox 968 962 1134 1028; x_wconf 88' lang='lat' dir='ltr'><strong>terminum</strong></span> <span class='ocrx_word' id='word_1_44' title='bbox 1144 973 1272 1049; x_wconf 83' lang='lat' dir='ltr'><strong>patrem,</strong></span> <span class='ocrx_word' id='word_1_45' title='bbox 1288 964 1343 1029; x_wconf 90' lang='lat' dir='ltr'><strong>sed</strong></span> 
     </span>
     <span class='ocr_line' id='line_1_7' title="bbox 239 1071 1341 1153; baseline 0.007 -21"><span class='ocrx_word' id='word_1_46' title='bbox 239 1092 336 1132; x_wconf 89' lang='lat' dir='ltr'><strong>unum</strong></span> <span class='ocrx_word' id='word_1_47' title='bbox 363 1078 480 1153; x_wconf 89' lang='lat' dir='ltr'><strong>patrem</strong></span> <span class='ocrx_word' id='word_1_48' title='bbox 505 1081 536 1136; x_wconf 91' lang='lat' dir='ltr'><strong>et</strong></span> <span class='ocrx_word' id='word_1_49' title='bbox 562 1071 655 1136; x_wconf 88' lang='lat' dir='ltr'><strong>alium</strong></span> <span class='ocrx_word' id='word_1_50' title='bbox 681 1073 789 1139; x_wconf 89' lang='lat' dir='ltr'><strong>filium.</strong></span> <span class='ocrx_word' id='word_1_51' title='bbox 834 1074 875 1138; x_wconf 75' lang='lat' dir='ltr'><strong>Et</strong></span> <span class='ocrx_word' id='word_1_52' title='bbox 900 1075 1029 1139; x_wconf 83' lang='lat' dir='ltr'><strong>fortasse</strong></span> <span class='ocrx_word' id='word_1_53' title='bbox 1052 1076 1103 1140; x_wconf 88' lang='lat' dir='ltr'><strong>hic</strong></span> <span class='ocrx_word' id='word_1_54' title='bbox 1128 1085 1175 1139; x_wconf 88' lang='lat' dir='ltr'><strong>est</strong></span> <span class='ocrx_word' id='word_1_55' title='bbox 1195 1098 1283 1140; x_wconf 88' lang='lat' dir='ltr'><strong>verus</strong></span> <span class='ocrx_word' id='word_1_56' title='bbox 1307 1100 1341 1140; x_wconf 90' lang='lat' dir='ltr'><strong>ac</strong></span> 
     </span>
     <span class='ocr_line' id='line_1_8' title="bbox 239 1181 1413 1272; baseline 0.008 -29"><span class='ocrx_word' id='word_1_57' title='bbox 239 1181 393 1264; x_wconf 83' lang='lat' dir='ltr'><strong>genuinus</strong></span> <span class='ocrx_word' id='word_1_58' title='bbox 416 1205 523 1248; x_wconf 85' lang='lat' dir='ltr'><strong>sensus</strong></span> <span class='ocrx_word' id='word_1_59' title='bbox 545 1184 583 1248; x_wconf 89' lang='lat' dir='ltr'><strong>ad</strong></span> <span class='ocrx_word' id='word_1_60' title='bbox 605 1207 697 1269; x_wconf 89' lang='lat' dir='ltr'><strong>quem</strong></span> <span class='ocrx_word' id='word_1_61' title='bbox 715 1185 946 1271; x_wconf 86' lang='lat' dir='ltr'><strong>exprimendum</strong></span> <span class='ocrx_word' id='word_1_62' title='bbox 961 1209 1047 1252; x_wconf 89' lang='lat' dir='ltr'><strong>voces</strong></span> <span class='ocrx_word' id='word_1_63' title='bbox 1062 1186 1121 1252; x_wconf 87' lang='lat' dir='ltr'><strong>illae</strong></span> <span class='ocrx_word' id='word_1_64' title='bbox 1136 1188 1278 1272; x_wconf 85' lang='lat' dir='ltr'><strong>primitus</strong></span> <span class='ocrx_word' id='word_1_65' title='bbox 1293 1188 1340 1252; x_wconf 92' lang='lat' dir='ltr'><strong>in·</strong></span> <span class='ocrx_word' id='word_1_66' title='bbox 1404 1215 1413 1229; x_wconf 90' lang='lat'><strong>·</strong></span> 
     </span>
     <span class='ocr_line' id='line_1_9' title="bbox 237 1292 954 1363; baseline 0.01 -8"><span class='ocrx_word' id='word_1_67' title='bbox 237 1292 385 1358; x_wconf 87' lang='lat' dir='ltr'><strong>troductae</strong></span> <span class='ocrx_word' id='word_1_68' title='bbox 400 1304 482 1360; x_wconf 90' lang='lat' dir='ltr'><strong>sunt.</strong></span> <span class='ocrx_word' id='word_1_69' title='bbox 530 1295 592 1359; x_wconf 85' lang='lat' dir='ltr'><strong>Sed</strong></span> <span class='ocrx_word' id='word_1_70' title='bbox 605 1296 643 1360; x_wconf 88' lang='lat' dir='ltr'><strong>dc</strong></span> <span class='ocrx_word' id='word_1_71' title='bbox 657 1296 802 1361; x_wconf 84' lang='lat' dir='ltr'><strong>relatione</strong></span> <span class='ocrx_word' id='word_1_72' title='bbox 818 1298 891 1363; x_wconf 83' lang='lat' dir='ltr'><strong>satis</strong></span> <span class='ocrx_word' id='word_1_73' title='bbox 905 1298 954 1362; x_wconf 92' lang='lat' dir='ltr'><strong>sit.</strong></span> 
     </span>
    </p>
   </div>
   <div class='ocr_carea' id='block_1_3' title="bbox 599 1584 980 1630">
    <p class='ocr_par' dir='ltr' id='par_1_3' title="bbox 599 1584 980 1630">
     <span class='ocr_line' id='line_1_10' title="bbox 599 1584 980 1630; baseline -0.005 -1"><span class='ocrx_word' id='word_1_74' title='bbox 599 1584 783 1630; x_wconf 76' lang='lat' dir='ltr'><strong>Anrlconus</strong></span> <span class='ocrx_word' id='word_1_75' title='bbox 798 1585 980 1630; x_wconf 69' lang='lat' dir='ltr'>SECUNDUS.</span> 
     </span>
    </p>
   </div>
   <div class='ocr_carea' id='block_1_4' title="bbox 678 1728 893 1811">
    <p class='ocr_par' dir='ltr' id='par_1_4' title="bbox 678 1728 893 1811">
     <span class='ocr_line' id='line_1_11' title="bbox 678 1728 893 1811; baseline 0.005 -21"><span class='ocrx_word' id='word_1_76' title='bbox 678 1729 726 1791; x_wconf 87' lang='lat' dir='ltr'><strong>De</strong></span> <span class='ocrx_word' id='word_1_77' title='bbox 740 1728 893 1811; x_wconf 77' lang='lat' dir='ltr'><strong>qualitate.</strong></span> 
     </span>
    </p>
   </div>
   <div class='ocr_carea' id='block_1_5' title="bbox 234 1890 1336 2424">
    <p class='ocr_par' dir='ltr' id='par_1_5' title="bbox 280 1890 1086 1975">
     <span class='ocr_line' id='line_1_12' title="bbox 280 1890 1086 1975; baseline -0.004 -20"><span class='ocrx_word' id='word_1_78' title='bbox 280 1895 331 1956; x_wconf 84' lang='lat'><strong>57.</strong></span> <span class='ocrx_word' id='word_1_79' title='bbox 356 1891 512 1967; x_wconf 78' lang='lat' dir='ltr'><strong>Quaeritur</strong></span> <span class='ocrx_word' id='word_1_80' title='bbox 527 1891 576 1955; x_wconf 91' lang='lat' dir='ltr'><strong>hic</strong></span> <span class='ocrx_word' id='word_1_81' title='bbox 591 1890 700 1974; x_wconf 87' lang='lat' dir='ltr'><strong>primo,</strong></span> <span class='ocrx_word' id='word_1_82' title='bbox 715 1891 789 1974; x_wconf 75' lang='lat' dir='ltr'><strong>quid</strong></span> <span class='ocrx_word' id='word_1_83' title='bbox 799 1892 840 1955; x_wconf 83' lang='lat' dir='ltr'><strong>sit</strong></span> <span class='ocrx_word' id='word_1_84' title='bbox 856 1891 993 1975; x_wconf 75' lang='lat' dir='ltr'><strong>paulitas.</strong></span> <span class='ocrx_word' id='word_1_85' title='bbox 1084 1912 1086 1917; x_wconf 76' lang='grc'><strong>’</strong></span> 
     </span>
    </p>

    <p class='ocr_par' dir='ltr' id='par_1_6' title="bbox 234 2000 1336 2424">
     <span class='ocr_line' id='line_1_13' title="bbox 279 2000 1336 2091; baseline -0.001 -24"><span class='ocrx_word' id='word_1_86' title='bbox 279 2004 471 2086; x_wconf 85' lang='lat' dir='ltr'><strong>Respondeo,</strong></span> <span class='ocrx_word' id='word_1_87' title='bbox 494 2002 672 2087; x_wconf 82' lang='lat' dir='ltr'><strong>qualitatem</strong></span> <span class='ocrx_word' id='word_1_88' title='bbox 694 2004 778 2066; x_wconf 83' lang='lat' dir='ltr'><strong>iuxta</strong></span> <span class='ocrx_word' id='word_1_89' title='bbox 799 2000 995 2066; x_wconf 82' lang='lat' dir='ltr'><strong>Aristotelem</strong></span> <span class='ocrx_word' id='word_1_90' title='bbox 1018 2011 1048 2065; x_wconf 91' lang='lat' dir='ltr'><strong>et</strong></span> <span class='ocrx_word' id='word_1_91' title='bbox 1075 2002 1207 2087; x_wconf 88' lang='lat' dir='ltr'><strong>reliquos</strong></span> <span class='ocrx_word' id='word_1_92' title='bbox 1229 2025 1336 2091; x_wconf 85' lang='lat' dir='ltr'><strong>omnes</strong></span> 
     </span>
     <span class='ocr_line' id='line_1_14' title="bbox 236 2113 1335 2200; baseline -0.002 -21"><span class='ocrx_word' id='word_1_93' title='bbox 236 2138 301 2179; x_wconf 86' lang='lat' dir='ltr'><strong>esse</strong></span> <span class='ocrx_word' id='word_1_94' title='bbox 322 2116 365 2194; x_wconf 87' lang='lat' dir='ltr'><strong>id,</strong></span> <span class='ocrx_word' id='word_1_95' title='bbox 381 2138 443 2200; x_wconf 92' lang='lat' dir='ltr'><strong>quo</strong></span> <span class='ocrx_word' id='word_1_96' title='bbox 464 2138 512 2180; x_wconf 85' lang='lat' dir='ltr'><strong>res</strong></span> <span class='ocrx_word' id='word_1_97' title='bbox 535 2114 733 2180; x_wconf 83' lang='lat' dir='ltr'><strong>constituitur</strong></span> <span class='ocrx_word' id='word_1_98' title='bbox 747 2115 826 2194; x_wconf 83' lang='lat' dir='ltr'><strong>tolia,</strong></span> <span class='ocrx_word' id='word_1_99' title='bbox 843 2114 889 2179; x_wconf 91' lang='lat' dir='ltr'><strong>vel</strong></span> <span class='ocrx_word' id='word_1_100' title='bbox 904 2114 936 2177; x_wconf 91' lang='lat' dir='ltr'><strong>id</strong></span> <span class='ocrx_word' id='word_1_101' title='bbox 951 2137 1005 2199; x_wconf 90' lang='lat' dir='ltr'><strong>per</strong></span> <span class='ocrx_word' id='word_1_102' title='bbox 1018 2113 1102 2199; x_wconf 92' lang='lat' dir='ltr'><strong>quod</strong></span> <span class='ocrx_word' id='word_1_103' title='bbox 1116 2115 1335 2198; x_wconf 87' lang='lat' dir='ltr'><strong>respondemus</strong></span> 
     </span>
     <span class='ocr_line' id='line_1_15' title="bbox 235 2225 1335 2311; baseline 0 -23"><span class='ocrx_word' id='word_1_104' title='bbox 235 2226 383 2309; x_wconf 73' lang='lat' dir='ltr'><strong>quaerenti</strong></span> <span class='ocrx_word' id='word_1_105' title='bbox 396 2226 495 2311; x_wconf 86' lang='lat' dir='ltr'><strong>qualis</strong></span> <span class='ocrx_word' id='word_1_106' title='bbox 510 2226 550 2290; x_wconf 92' lang='lat' dir='ltr'><strong>sit</strong></span> <span class='ocrx_word' id='word_1_107' title='bbox 564 2249 623 2289; x_wconf 87' lang='lat' dir='ltr'><strong>res.</strong></span> <span class='ocrx_word' id='word_1_108' title='bbox 654 2225 735 2302; x_wconf 79' lang='lat' dir='ltr'><strong>Quia</strong></span> <span class='ocrx_word' id='word_1_109' title='bbox 749 2248 819 2290; x_wconf 91' lang='lat' dir='ltr'><strong>vero</strong></span> <span class='ocrx_word' id='word_1_110' title='bbox 834 2225 867 2288; x_wconf 91' lang='lat' dir='ltr'><strong>in</strong></span> <span class='ocrx_word' id='word_1_111' title='bbox 881 2247 1065 2309; x_wconf 88' lang='lat' dir='ltr'><strong>unaquaque</strong></span> <span class='ocrx_word' id='word_1_112' title='bbox 1079 2248 1112 2289; x_wconf 89' lang='lat' dir='ltr'><strong>re</strong></span> <span class='ocrx_word' id='word_1_113' title='bbox 1126 2234 1255 2309; x_wconf 85' lang='lat' dir='ltr'><strong>possunt</strong></span> <span class='ocrx_word' id='word_1_114' title='bbox 1270 2248 1335 2289; x_wconf 91' lang='lat' dir='ltr'><strong>esse</strong></span> 
     </span>
     <span class='ocr_line' id='line_1_16' title="bbox 234 2336 1334 2424; baseline -0.001 -23"><span class='ocrx_word' id='word_1_115' title='bbox 234 2338 336 2422; x_wconf 90' lang='lat' dir='ltr'><strong>plures</strong></span> <span class='ocrx_word' id='word_1_116' title='bbox 351 2337 523 2424; x_wconf 82' lang='lat' dir='ltr'><strong>qualitates,</strong></span> <span class='ocrx_word' id='word_1_117' title='bbox 538 2348 574 2402; x_wconf 91' lang='lat' dir='ltr'><strong>ut</strong></span> <span class='ocrx_word' id='word_1_118' title='bbox 589 2340 622 2402; x_wconf 91' lang='lat' dir='ltr'><strong>in</strong></span> <span class='ocrx_word' id='word_1_119' title='bbox 637 2362 717 2423; x_wconf 90' lang='lat' dir='ltr'><strong>aqua</strong></span> <span class='ocrx_word' id='word_1_120' title='bbox 731 2361 796 2402; x_wconf 84' lang='lat' dir='ltr'><strong>ease</strong></span> <span class='ocrx_word' id='word_1_121' title='bbox 810 2337 969 2423; x_wconf 88' lang='lat' dir='ltr'><strong>liquidam,</strong></span> <span class='ocrx_word' id='word_1_122' title='bbox 985 2336 1178 2421; x_wconf 89' lang='lat' dir='ltr'><strong>diaphanam,</strong></span> <span class='ocrx_word' id='word_1_123' title='bbox 1201 2359 1334 2421; x_wconf 84' lang='lat' dir='ltr'><strong>gravem,</strong></span> 
     </span>
    </p>
   </div>
   <div class='ocr_carea' id='block_1_6' title="bbox 226 2446 1334 3534">
    <p class='ocr_par' dir='ltr' id='par_1_7' title="bbox 231 2446 1333 2755">
     <span class='ocr_line' id='line_1_17' title="bbox 232 2446 1333 2534; baseline 0.001 -21"><span class='ocrx_word' id='word_1_124' title='bbox 232 2448 476 2530; x_wconf 87' lang='lat' dir='ltr'><strong>humefactivam,</strong></span> <span class='ocrx_word' id='word_1_125' title='bbox 493 2450 624 2530; x_wconf 88' lang='lat' dir='ltr'><strong>dulcem,</strong></span> <span class='ocrx_word' id='word_1_126' title='bbox 636 2450 756 2529; x_wconf 87' lang='lat' dir='ltr'><strong>salsam,</strong></span> <span class='ocrx_word' id='word_1_127' title='bbox 766 2448 921 2534; x_wconf 85' lang='lat' dir='ltr'><strong>frigidam,</strong></span> <span class='ocrx_word' id='word_1_128' title='bbox 930 2447 1069 2528; x_wconf 85' lang='lat' dir='ltr'><strong>calidam,</strong></span> <span class='ocrx_word' id='word_1_129' title='bbox 1080 2446 1253 2528; x_wconf 86' lang='lat' dir='ltr'><strong>coloratam,</strong></span> <span class='ocrx_word' id='word_1_130' title='bbox 1264 2457 1333 2531; x_wconf 82' lang='lat' dir='ltr'><strong>etc,</strong></span> 
     </span>
     <span class='ocr_line' id='line_1_18' title="bbox 231 2560 1333 2647; baseline 0 -22"><span class='ocrx_word' id='word_1_131' title='bbox 231 2563 354 2627; x_wconf 89' lang='lat' dir='ltr'><strong>evidens</strong></span> <span class='ocrx_word' id='word_1_132' title='bbox 365 2572 422 2641; x_wconf 89' lang='lat' dir='ltr'><strong>est,</strong></span> <span class='ocrx_word' id='word_1_133' title='bbox 433 2587 487 2647; x_wconf 90' lang='lat' dir='ltr'><strong>per</strong></span> <span class='ocrx_word' id='word_1_134' title='bbox 501 2586 593 2626; x_wconf 86' lang='lat' dir='ltr'><strong>unam</strong></span> <span class='ocrx_word' id='word_1_135' title='bbox 606 2562 785 2647; x_wconf 84' lang='lat' dir='ltr'><strong>qualitatem</strong></span> <span class='ocrx_word' id='word_1_136' title='bbox 800 2583 864 2625; x_wconf 90' lang='lat' dir='ltr'><strong>non</strong></span> <span class='ocrx_word' id='word_1_137' title='bbox 879 2561 1033 2644; x_wconf 86' lang='lat' dir='ltr'><strong>designari</strong></span> <span class='ocrx_word' id='word_1_138' title='bbox 1047 2560 1203 2645; x_wconf 78' lang='lat' dir='ltr'><strong>adaequate</strong></span> <span class='ocrx_word' id='word_1_139' title='bbox 1219 2569 1333 2625; x_wconf 86' lang='lat' dir='ltr'><strong>statum</strong></span> 
     </span>
     <span class='ocr_line' id='line_1_19' title="bbox 232 2667 1328 2755; baseline 0 -22"><span class='ocrx_word' id='word_1_140' title='bbox 232 2672 294 2734; x_wconf 85' lang='lat' dir='ltr'><strong>sive</strong></span> <span class='ocrx_word' id='word_1_141' title='bbox 308 2672 478 2734; x_wconf 82' lang='lat' dir='ltr'><strong>naturalem</strong></span> <span class='ocrx_word' id='word_1_142' title='bbox 494 2672 556 2736; x_wconf 89' lang='lat' dir='ltr'><strong>sive</strong></span> <span class='ocrx_word' id='word_1_143' title='bbox 570 2670 786 2736; x_wconf 84' lang='lat' dir='ltr'><strong>accidentalem</strong></span> <span class='ocrx_word' id='word_1_144' title='bbox 802 2670 856 2751; x_wconf 87' lang='lat' dir='ltr'><strong>rei,</strong></span> <span class='ocrx_word' id='word_1_145' title='bbox 872 2671 926 2735; x_wconf 87' lang='lat' dir='ltr'><strong>sed</strong></span> <span class='ocrx_word' id='word_1_146' title='bbox 940 2670 1026 2734; x_wconf 85' lang='lat' dir='ltr'><strong>valde</strong></span> <span class='ocrx_word' id='word_1_147' title='bbox 1042 2671 1240 2755; x_wconf 83' lang='lat' dir='ltr'><strong>inadaequate.</strong></span> <span class='ocrx_word' id='word_1_148' title='bbox 1325 2667 1328 2674; x_wconf 75' lang='grc'>’</span> 
     </span>
    </p>

    <p class='ocr_par' dir='ltr' id='par_1_8' title="bbox 226 2781 1334 3534">
     <span class='ocr_line' id='line_1_20' title="bbox 274 2781 1331 2866; baseline 0.004 -22"><span class='ocrx_word' id='word_1_149' title='bbox 274 2782 421 2845; x_wconf 89' lang='lat' dir='ltr'><strong>Definitio</strong></span> <span class='ocrx_word' id='word_1_150' title='bbox 443 2782 587 2866; x_wconf 85' lang='lat' dir='ltr'><strong>praedicta</strong></span> <span class='ocrx_word' id='word_1_151' title='bbox 608 2804 671 2845; x_wconf 92' lang='lat' dir='ltr'><strong>non</strong></span> <span class='ocrx_word' id='word_1_152' title='bbox 692 2781 836 2851; x_wconf 88' lang='lat' dir='ltr'><strong>omnibus</strong></span> <span class='ocrx_word' id='word_1_153' title='bbox 857 2781 966 2866; x_wconf 88' lang='lat' dir='ltr'><strong>placet,</strong></span> <span class='ocrx_word' id='word_1_154' title='bbox 982 2783 1054 2866; x_wconf 91' lang='lat' dir='ltr'><strong>quia</strong></span> <span class='ocrx_word' id='word_1_155' title='bbox 1076 2781 1156 2846; x_wconf 89' lang='lat' dir='ltr'><strong>idem</strong></span> <span class='ocrx_word' id='word_1_156' title='bbox 1179 2783 1331 2866; x_wconf 88' lang='lat' dir='ltr'><strong>peridem</strong></span> 
     </span>
     <span class='ocr_line' id='line_1_21' title="bbox 232 2892 1334 2978; baseline 0.003 -23"><span class='ocrx_word' id='word_1_157' title='bbox 232 2892 350 2956; x_wconf 89' lang='lat' dir='ltr'><strong>definiri</strong></span> <span class='ocrx_word' id='word_1_158' title='bbox 365 2892 503 2957; x_wconf 85' lang='lat' dir='ltr'><strong>videtur:</strong></span> <span class='ocrx_word' id='word_1_159' title='bbox 527 2893 581 2957; x_wconf 90' lang='lat' dir='ltr'><strong>sed</strong></span> <span class='ocrx_word' id='word_1_160' title='bbox 595 2894 644 2957; x_wconf 87' lang='lat' dir='ltr'><strong>vix</strong></span> <span class='ocrx_word' id='word_1_161' title='bbox 665 2903 712 2956; x_wconf 88' lang='lat' dir='ltr'><strong>est</strong></span> <span class='ocrx_word' id='word_1_162' title='bbox 734 2892 878 2974; x_wconf 89' lang='lat' dir='ltr'><strong>possibile</strong></span> <span class='ocrx_word' id='word_1_163' title='bbox 900 2893 988 2958; x_wconf 83' lang='lat' dir='ltr'><strong>aliter</strong></span> <span class='ocrx_word' id='word_1_164' title='bbox 1001 2893 1096 2978; x_wconf 90' lang='lat' dir='ltr'><strong>loqui,</strong></span> <span class='ocrx_word' id='word_1_165' title='bbox 1112 2916 1209 2978; x_wconf 92' lang='lat' dir='ltr'><strong>quum</strong></span> <span class='ocrx_word' id='word_1_166' title='bbox 1223 2902 1334 2978; x_wconf 84' lang='lat' dir='ltr'><strong>agatur</strong></span> 
     </span>
     <span class='ocr_line' id='line_1_22' title="bbox 231 2995 1333 3089; baseline 0.002 -22"><span class='ocrx_word' id='word_1_167' title='bbox 231 3004 268 3067; x_wconf 91' lang='lat' dir='ltr'><strong>de</strong></span> <span class='ocrx_word' id='word_1_168' title='bbox 289 3012 438 3089; x_wconf 89' lang='lat' dir='ltr'><strong>conceptu</strong></span> <span class='ocrx_word' id='word_1_169' title='bbox 460 3003 593 3087; x_wconf 90' lang='lat' dir='ltr'><strong>quodam</strong></span> <span class='ocrx_word' id='word_1_170' title='bbox 615 3003 778 3088; x_wconf 87' lang='lat' dir='ltr'><strong>primitivo,</strong></span> <span class='ocrx_word' id='word_1_171' title='bbox 802 2995 901 3088; x_wconf 69' lang='lat' dir='ltr'><strong>quem¹</strong></span> <span class='ocrx_word' id='word_1_172' title='bbox 916 3003 1086 3068; x_wconf 87' lang='lat' dir='ltr'><strong>notioribus</strong></span> <span class='ocrx_word' id='word_1_173' title='bbox 1108 3003 1205 3068; x_wconf 85' lang='lat' dir='ltr'><strong>verbis</strong></span> <span class='ocrx_word' id='word_1_174' title='bbox 1227 3004 1333 3070; x_wconf 87' lang='lat' dir='ltr'><strong>efferre</strong></span> 
     </span>
     <span class='ocr_line' id='line_1_23' title="bbox 229 3114 1330 3201; baseline 0.001 -22"><span class='ocrx_word' id='word_1_175' title='bbox 229 3139 293 3180; x_wconf 92' lang='lat' dir='ltr'><strong>non</strong></span> <span class='ocrx_word' id='word_1_176' title='bbox 313 3138 485 3200; x_wconf 87' lang='lat' dir='ltr'><strong>possumus.</strong></span> <span class='ocrx_word' id='word_1_177' title='bbox 530 3115 678 3180; x_wconf 84' lang='lat' dir='ltr'><strong>Attamen</strong></span> <span class='ocrx_word' id='word_1_178' title='bbox 700 3114 737 3179; x_wconf 91' lang='lat' dir='ltr'><strong>ad</strong></span> <span class='ocrx_word' id='word_1_179' title='bbox 757 3115 866 3178; x_wconf 90' lang='lat' dir='ltr'><strong>melius</strong></span> <span class='ocrx_word' id='word_1_180' title='bbox 881 3115 1096 3201; x_wconf 86' lang='lat' dir='ltr'><strong>declarandum</strong></span> <span class='ocrx_word' id='word_1_181' title='bbox 1112 3115 1187 3200; x_wconf 90' lang='lat' dir='ltr'><strong>quid</strong></span> <span class='ocrx_word' id='word_1_182' title='bbox 1202 3116 1241 3179; x_wconf 89' lang='lat' dir='ltr'><strong>sit</strong></span> <span class='ocrx_word' id='word_1_183' title='bbox 1256 3138 1330 3200; x_wconf 87' lang='lat' dir='ltr'><strong>qua·</strong></span> 
     </span>
     <span class='ocr_line' id='line_1_24' title="bbox 226 3226 1331 3312; baseline 0.001 -21"><span class='ocrx_word' id='word_1_184' title='bbox 226 3227 310 3307; x_wconf 85' lang='lat' dir='ltr'><strong>litas,</strong></span> <span class='ocrx_word' id='word_1_185' title='bbox 323 3227 508 3292; x_wconf 89' lang='lat' dir='ltr'><strong>considerari</strong></span> <span class='ocrx_word' id='word_1_186' title='bbox 522 3235 624 3312; x_wconf 87' lang='lat' dir='ltr'><strong>potest</strong></span> <span class='ocrx_word' id='word_1_187' title='bbox 637 3226 721 3312; x_wconf 89' lang='lat' dir='ltr'><strong>quod</strong></span> <span class='ocrx_word' id='word_1_188' title='bbox 736 3226 898 3312; x_wconf 86' lang='lat' dir='ltr'><strong>qualitates</strong></span> <span class='ocrx_word' id='word_1_189' title='bbox 913 3237 1140 3311; x_wconf 84' lang='lat' dir='ltr'><strong>cognoscuntur</strong></span> <span class='ocrx_word' id='word_1_190' title='bbox 1155 3250 1173 3291; x_wconf 90' lang='lat' dir='ltr'><strong>a</strong></span> <span class='ocrx_word' id='word_1_191' title='bbox 1187 3227 1276 3292; x_wconf 85' lang='lat' dir='ltr'><strong>nobis</strong></span> <span class='ocrx_word' id='word_1_192' title='bbox 1285 3227 1331 3292; x_wconf 89' lang='lat' dir='ltr'><strong>vel</strong></span> 
     </span>
     <span class='ocr_line' id='line_1_25' title="bbox 227 3324 1331 3429; baseline 0.001 -27"><span class='ocrx_word' id='word_1_193' title='bbox 227 3364 283 3426; x_wconf 88' lang='lat' dir='ltr'><strong>per</strong></span> <span class='ocrx_word' id='word_1_194' title='bbox 304 3324 362 3403; x_wconf 88' lang='lat' dir='ltr'><strong>hoc</strong></span> <span class='ocrx_word' id='word_1_195' title='bbox 383 3339 466 3424; x_wconf 92' lang='lat' dir='ltr'><strong>quod</strong></span> <span class='ocrx_word' id='word_1_196' title='bbox 489 3338 670 3403; x_wconf 76' lang='lat' dir='ltr'><strong>substantia</strong></span> <span class='ocrx_word' id='word_1_197' title='bbox 691 3325 829 3423; x_wconf 81' lang='lat' dir='ltr'><strong>quaedam</strong></span> <span class='ocrx_word' id='word_1_198' title='bbox 844 3348 938 3422; x_wconf 86' lang='lat' dir='ltr'><strong>agant</strong></span> <span class='ocrx_word' id='word_1_199' title='bbox 952 3338 986 3401; x_wconf 90' lang='lat' dir='ltr'><strong>in</strong></span> <span class='ocrx_word' id='word_1_200' title='bbox 1001 3361 1057 3402; x_wconf 89' lang='lat' dir='ltr'><strong>nos</strong></span> <span class='ocrx_word' id='word_1_201' title='bbox 1071 3348 1102 3402; x_wconf 91' lang='lat' dir='ltr'><strong>et</strong></span> <span class='ocrx_word' id='word_1_202' title='bbox 1117 3338 1150 3401; x_wconf 91' lang='lat' dir='ltr'><strong>in</strong></span> <span class='ocrx_word' id='word_1_203' title='bbox 1164 3338 1224 3429; x_wconf 85' lang='lat' dir='ltr'><strong>alia</strong></span> <span class='ocrx_word' id='word_1_204' title='bbox 1236 3339 1331 3403; x_wconf 87' lang='lat' dir='ltr'><strong>actio-</strong></span> 
     </span>
     <span class='ocr_line' id='line_1_26' title="bbox 226 3448 1329 3534; baseline -0.001 -18"><span class='ocrx_word' id='word_1_205' title='bbox 226 3453 319 3517; x_wconf 86' lang='lat' dir='ltr'><strong>nibus</strong></span> <span class='ocrx_word' id='word_1_206' title='bbox 329 3449 458 3515; x_wconf 54' lang='lat' dir='ltr'><strong>&#39;diverme</strong></span> <span class='ocrx_word' id='word_1_207' title='bbox 471 3449 607 3527; x_wconf 88' lang='lat' dir='ltr'><strong>rationis,</strong></span> <span class='ocrx_word' id='word_1_208' title='bbox 624 3449 670 3513; x_wconf 89' lang='lat' dir='ltr'><strong>vel</strong></span> <span class='ocrx_word' id='word_1_209' title='bbox 685 3472 739 3534; x_wconf 89' lang='lat' dir='ltr'><strong>per</strong></span> <span class='ocrx_word' id='word_1_210' title='bbox 753 3449 812 3513; x_wconf 90' lang='lat' dir='ltr'><strong>hoc</strong></span> <span class='ocrx_word' id='word_1_211' title='bbox 827 3448 911 3534; x_wconf 89' lang='lat' dir='ltr'><strong>quod</strong></span> <span class='ocrx_word' id='word_1_212' title='bbox 925 3449 1072 3533; x_wconf 88' lang='lat' dir='ltr'><strong>recipiant</strong></span> <span class='ocrx_word' id='word_1_213' title='bbox 1087 3471 1105 3512; x_wconf 89' lang='lat' dir='ltr'><strong>a</strong></span> <span class='ocrx_word' id='word_1_214' title='bbox 1119 3449 1209 3513; x_wconf 91' lang='lat' dir='ltr'><strong>nobis</strong></span> <span class='ocrx_word' id='word_1_215' title='bbox 1223 3458 1276 3514; x_wconf 89' lang='lat' dir='ltr'><strong>aut</strong></span> <span class='ocrx_word' id='word_1_216' title='bbox 1290 3450 1329 3515; x_wconf 89' lang='lat' dir='ltr'><strong>ab</strong></span> 
     </span>
    </p>
   </div>
   <div class='ocr_carea' id='block_1_7' title="bbox 225 3637 1330 3806">
    <p class='ocr_par' dir='ltr' id='par_1_9' title="bbox 225 3637 1330 3806">
     <span class='ocr_line' id='line_1_27' title="bbox 225 3637 1330 3710; baseline 0.001 -16"><span class='ocrx_word' id='word_1_217' title='bbox 225 3641 288 3710; x_wconf 79' lang='lat' dir='ltr'><strong>Sed,</strong></span> <span class='ocrx_word' id='word_1_218' title='bbox 300 3641 324 3694; x_wconf 85' lang='lat' dir='ltr'><strong>si</strong></span> <span class='ocrx_word' id='word_1_219' title='bbox 340 3640 424 3695; x_wconf 85' lang='lat' dir='ltr'><strong>semel</strong></span> <span class='ocrx_word' id='word_1_220' title='bbox 439 3643 554 3708; x_wconf 89' lang='lat' dir='ltr'><strong>constet,</strong></span> <span class='ocrx_word' id='word_1_221' title='bbox 567 3655 676 3693; x_wconf 73' lang='lat' dir='ltr'><strong>mirsam</strong></span> <span class='ocrx_word' id='word_1_222' title='bbox 686 3653 734 3710; x_wconf 83' lang='lat' dir='ltr'><strong>par</strong></span> <span class='ocrx_word' id='word_1_223' title='bbox 745 3637 798 3692; x_wconf 92' lang='lat' dir='ltr'><strong>hoc</strong></span> <span class='ocrx_word' id='word_1_224' title='bbox 810 3637 883 3709; x_wconf 91' lang='lat' dir='ltr'><strong>quod</strong></span> <span class='ocrx_word' id='word_1_225' title='bbox 894 3637 1022 3693; x_wconf 87' lang='lat' dir='ltr'><strong>terminat</strong></span> <span class='ocrx_word' id='word_1_226' title='bbox 1033 3639 1126 3701; x_wconf 69' lang='lat' dir='ltr'><strong>acuum</strong></span> <span class='ocrx_word' id='word_1_227' title='bbox 1135 3645 1212 3694; x_wconf 81' lang='lat' dir='ltr'><strong>extra</strong></span> <span class='ocrx_word' id='word_1_228' title='bbox 1229 3658 1266 3709; x_wconf 87' lang='lat' dir='ltr'><strong>se,</strong></span> <span class='ocrx_word' id='word_1_229' title='bbox 1278 3659 1330 3694; x_wconf 82' lang='lat' dir='ltr'><strong>non</strong></span> 
     </span>
     <span class='ocr_line' id='line_1_28' title="bbox 225 3723 1329 3806; baseline 0 -26"><span class='ocrx_word' id='word_1_230' title='bbox 225 3726 470 3781; x_wconf 63' lang='lat' dir='ltr'><strong>mauritataniae</strong></span> <span class='ocrx_word' id='word_1_231' title='bbox 482 3725 561 3798; x_wconf 87' lang='lat' dir='ltr'><strong>(licet</strong></span> <span class='ocrx_word' id='word_1_232' title='bbox 571 3724 667 3779; x_wconf 83' lang='lat' dir='ltr'><strong>relatio</strong></span> <span class='ocrx_word' id='word_1_233' title='bbox 679 3741 768 3780; x_wconf 84' lang='lat' dir='ltr'><strong>causae</strong></span> <span class='ocrx_word' id='word_1_234' title='bbox 780 3724 819 3806; x_wconf 82' lang='lat' dir='ltr'><strong>ad</strong></span> <span class='ocrx_word' id='word_1_235' title='bbox 829 3723 956 3779; x_wconf 85' lang='lat' dir='ltr'><strong>effectum</strong></span> <span class='ocrx_word' id='word_1_236' title='bbox 973 3725 1079 3780; x_wconf 70' lang='lat' dir='ltr'><strong>maun</strong></span> <span class='ocrx_word' id='word_1_237' title='bbox 1096 3724 1261 3798; x_wconf 85' lang='lat' dir='ltr'><strong>intrinseca),</strong></span> <span class='ocrx_word' id='word_1_238' title='bbox 1274 3745 1329 3781; x_wconf 91' lang='lat' dir='ltr'><strong>non</strong></span> 
     </span>
    </p>
   </div>
   <div class='ocr_carea' id='block_1_8' title="bbox 224 3805 1420 3883">
    <p class='ocr_par' dir='ltr' id='par_1_10' title="bbox 224 3805 1420 3883">
     <span class='ocr_line' id='line_1_29' title="bbox 224 3805 1420 3883; baseline -0.001 -14"><span class='ocrx_word' id='word_1_239' title='bbox 224 3813 304 3870; x_wconf 83' lang='lat' dir='ltr'><strong>video</strong></span> <span class='ocrx_word' id='word_1_240' title='bbox 320 3830 369 3868; x_wconf 85' lang='lat' dir='ltr'><strong>cnr</strong></span> <span class='ocrx_word' id='word_1_241' title='bbox 383 3830 439 3867; x_wconf 93' lang='lat' dir='ltr'><strong>non</strong></span> <span class='ocrx_word' id='word_1_242' title='bbox 454 3813 576 3868; x_wconf 82' lang='lat' dir='ltr'><strong>dicemus</strong></span> <span class='ocrx_word' id='word_1_243' title='bbox 593 3810 843 3867; x_wconf 85' lang='lat' dir='ltr'><strong>denominationem</strong></span> <span class='ocrx_word' id='word_1_244' title='bbox 861 3805 988 3867; x_wconf 83' lang='lat' dir='ltr'><strong>creatoris</strong></span> <span class='ocrx_word' id='word_1_245' title='bbox 1007 3830 1064 3868; x_wconf 86' lang='lat' dir='ltr'><strong>esse</strong></span> <span class='ocrx_word' id='word_1_246' title='bbox 1082 3813 1248 3867; x_wconf 69' lang='lat' dir='ltr'><strong>intrinsecum</strong></span> <span class='ocrx_word' id='word_1_247' title='bbox 1259 3813 1327 3883; x_wconf 87' lang='lat' dir='ltr'><strong>Deo,</strong></span> <span class='ocrx_word' id='word_1_248' title='bbox 1417 3845 1420 3850; x_wconf 68' lang='lat'>,</span> 
     </span>
    </p>
   </div>
   <div class='ocr_carea' id='block_1_9' title="bbox 221 3898 1328 4390">
    <p class='ocr_par' dir='ltr' id='par_1_11' title="bbox 221 3898 1328 4390">
     <span class='ocr_line' id='line_1_30' title="bbox 224 3898 1328 3974; baseline -0.001 -18"><span class='ocrx_word' id='word_1_249' title='bbox 224 3919 310 3974; x_wconf 90' lang='lat' dir='ltr'><strong>quum</strong></span> <span class='ocrx_word' id='word_1_250' title='bbox 326 3901 396 3954; x_wconf 87' lang='lat' dir='ltr'><strong>ratio</strong></span> <span class='ocrx_word' id='word_1_251' title='bbox 414 3900 472 3955; x_wconf 88' lang='lat' dir='ltr'><strong>eius</strong></span> <span class='ocrx_word' id='word_1_252' title='bbox 489 3899 718 3956; x_wconf 84' lang='lat' dir='ltr'><strong>denominationis</strong></span> <span class='ocrx_word' id='word_1_253' title='bbox 731 3899 768 3954; x_wconf 90' lang='lat' dir='ltr'><strong>sit</strong></span> <span class='ocrx_word' id='word_1_254' title='bbox 779 3898 885 3971; x_wconf 85' lang='lat' dir='ltr'><strong>proprio</strong></span> <span class='ocrx_word' id='word_1_255' title='bbox 898 3899 971 3954; x_wconf 83' lang='lat' dir='ltr'><strong>dicta</strong></span> <span class='ocrx_word' id='word_1_256' title='bbox 983 3899 1102 3955; x_wconf 87' lang='lat' dir='ltr'><strong>causatio</strong></span> <span class='ocrx_word' id='word_1_257' title='bbox 1115 3899 1149 3954; x_wconf 86' lang='lat' dir='ltr'><strong>ab</strong></span> <span class='ocrx_word' id='word_1_258' title='bbox 1160 3900 1218 3954; x_wconf 86' lang='lat' dir='ltr'><strong>eiua</strong></span> <span class='ocrx_word' id='word_1_259' title='bbox 1229 3899 1328 3955; x_wconf 87' lang='lat' dir='ltr'><strong>intrin-</strong></span> 
     </span>
     <span class='ocr_line' id='line_1_31' title="bbox 225 3975 1327 4057; baseline -0.001 -14"><span class='ocrx_word' id='word_1_260' title='bbox 225 4007 286 4042; x_wconf 85' lang='lat' dir='ltr'><strong>seca</strong></span> <span class='ocrx_word' id='word_1_261' title='bbox 297 3987 400 4043; x_wconf 85' lang='lat' dir='ltr'><strong>virtute</strong></span> <span class='ocrx_word' id='word_1_262' title='bbox 413 4004 442 4040; x_wconf 84' lang='lat' dir='ltr'><strong>sc</strong></span> <span class='ocrx_word' id='word_1_263' title='bbox 452 3986 488 4041; x_wconf 82' lang='lat' dir='ltr'><strong>ad</strong></span> <span class='ocrx_word' id='word_1_264' title='bbox 500 3991 577 4041; x_wconf 85' lang='lat' dir='ltr'><strong>extra</strong></span> <span class='ocrx_word' id='word_1_265' title='bbox 587 3986 758 4041; x_wconf 80' lang='lat' dir='ltr'><strong>terminante.</strong></span> <span class='ocrx_word' id='word_1_266' title='bbox 794 3975 919 4041; x_wconf 80' lang='lat' dir='ltr'><strong>Fortasse</strong></span> <span class='ocrx_word' id='word_1_267' title='bbox 931 3991 1023 4041; x_wconf 85' lang='lat' dir='ltr'><strong>tamen</strong></span> <span class='ocrx_word' id='word_1_268' title='bbox 1035 3986 1132 4041; x_wconf 84' lang='lat' dir='ltr'><strong>melius</strong></span> <span class='ocrx_word' id='word_1_269' title='bbox 1144 3991 1215 4041; x_wconf 87' lang='lat' dir='ltr'><strong>esset</strong></span> <span class='ocrx_word' id='word_1_270' title='bbox 1230 3986 1327 4057; x_wconf 86' lang='lat' dir='ltr'><strong>dicare,</strong></span> 
     </span>
     <span class='ocr_line' id='line_1_32' title="bbox 222 4071 1326 4142; baseline 0 -13"><span class='ocrx_word' id='word_1_271' title='bbox 222 4075 293 4129; x_wconf 85' lang='lat' dir='ltr'><strong>hanc</strong></span> <span class='ocrx_word' id='word_1_272' title='bbox 305 4071 554 4129; x_wconf 86' lang='lat' dir='ltr'><strong>denominationem</strong></span> <span class='ocrx_word' id='word_1_273' title='bbox 565 4090 620 4126; x_wconf 92' lang='lat' dir='ltr'><strong>non</strong></span> <span class='ocrx_word' id='word_1_274' title='bbox 632 4091 690 4127; x_wconf 85' lang='lat' dir='ltr'><strong>esse</strong></span> <span class='ocrx_word' id='word_1_275' title='bbox 701 4073 877 4142; x_wconf 62' lang='lat' dir='ltr'><strong>attimacum,</strong></span> <span class='ocrx_word' id='word_1_276' title='bbox 890 4073 938 4128; x_wconf 87' lang='lat' dir='ltr'><strong>sed</strong></span> <span class='ocrx_word' id='word_1_277' title='bbox 946 4074 979 4127; x_wconf 81' lang='lat' dir='ltr'><strong>ob</strong></span> <span class='ocrx_word' id='word_1_278' title='bbox 987 4073 1141 4128; x_wconf 72' lang='lat' dir='ltr'><strong>intrinseco:</strong></span> <span class='ocrx_word' id='word_1_279' title='bbox 1160 4078 1188 4127; x_wconf 85' lang='lat' dir='ltr'><strong>at</strong></span> <span class='ocrx_word' id='word_1_280' title='bbox 1199 4073 1239 4127; x_wconf 91' lang='lat' dir='ltr'><strong>ita</strong></span> <span class='ocrx_word' id='word_1_281' title='bbox 1249 4074 1326 4129; x_wconf 81' lang='lat' dir='ltr'><strong>vide-</strong></span> 
     </span>
     <span class='ocr_line' id='line_1_33' title="bbox 221 4147 1326 4232; baseline -0.001 -17"><span class='ocrx_word' id='word_1_282' title='bbox 221 4166 296 4215; x_wconf 87' lang='lat' dir='ltr'><strong>retur</strong></span> <span class='ocrx_word' id='word_1_283' title='bbox 307 4147 392 4214; x_wconf 85' lang='lat' dir='ltr'><strong>etiam</strong></span> <span class='ocrx_word' id='word_1_284' title='bbox 401 4158 568 4230; x_wconf 89' lang='lat' dir='ltr'><strong>loquendum</strong></span> <span class='ocrx_word' id='word_1_285' title='bbox 579 4159 613 4213; x_wconf 88' lang='lat' dir='ltr'><strong>de</strong></span> <span class='ocrx_word' id='word_1_286' title='bbox 625 4159 699 4214; x_wconf 91' lang='lat' dir='ltr'><strong>omni</strong></span> <span class='ocrx_word' id='word_1_287' title='bbox 719 4159 773 4213; x_wconf 86' lang='lat' dir='ltr'><strong>alia</strong></span> <span class='ocrx_word' id='word_1_288' title='bbox 793 4176 874 4214; x_wconf 83' lang='lat' dir='ltr'><strong>causa</strong></span> <span class='ocrx_word' id='word_1_289' title='bbox 890 4159 926 4214; x_wconf 83' lang='lat' dir='ltr'><strong>ad</strong></span> <span class='ocrx_word' id='word_1_290' title='bbox 943 4165 1021 4214; x_wconf 87' lang='lat' dir='ltr'><strong>extra</strong></span> <span class='ocrx_word' id='word_1_291' title='bbox 1038 4165 1150 4232; x_wconf 88' lang='lat' dir='ltr'><strong>agente;</strong></span> <span class='ocrx_word' id='word_1_292' title='bbox 1169 4159 1233 4232; x_wconf 89' lang='lat' dir='ltr'><strong>quia</strong></span> <span class='ocrx_word' id='word_1_293' title='bbox 1248 4178 1326 4232; x_wconf 81' lang='lat' dir='ltr'><strong>agere</strong></span> 
     </span>
     <span class='ocr_line' id='line_1_34' title="bbox 222 4246 1327 4321; baseline 0 -19"><span class='ocrx_word' id='word_1_294' title='bbox 222 4248 383 4320; x_wconf 80' lang='lat' dir='ltr'><strong>estquidam</strong></span> <span class='ocrx_word' id='word_1_295' title='bbox 402 4247 434 4300; x_wconf 83' lang='lat' dir='ltr'><strong>ab</strong></span> <span class='ocrx_word' id='word_1_296' title='bbox 451 4246 596 4316; x_wconf 68' lang='lat' dir='ltr'><strong>intrinseco,</strong></span> <span class='ocrx_word' id='word_1_297' title='bbox 608 4247 656 4302; x_wconf 84' lang='lat' dir='ltr'><strong>sod</strong></span> <span class='ocrx_word' id='word_1_298' title='bbox 673 4246 746 4302; x_wconf 88' lang='lat' dir='ltr'><strong>actio</strong></span> <span class='ocrx_word' id='word_1_299' title='bbox 763 4247 823 4320; x_wconf 86' lang='lat' dir='ltr'><strong>ipsa</strong></span> <span class='ocrx_word' id='word_1_300' title='bbox 841 4246 971 4320; x_wconf 84' lang='lat' dir='ltr'><strong>recipitur</strong></span> <span class='ocrx_word' id='word_1_301' title='bbox 988 4252 1048 4302; x_wconf 89' lang='lat' dir='ltr'><strong>tota</strong></span> <span class='ocrx_word' id='word_1_302' title='bbox 1064 4252 1141 4303; x_wconf 82' lang='lat' dir='ltr'><strong>extra</strong></span> <span class='ocrx_word' id='word_1_303' title='bbox 1152 4253 1285 4321; x_wconf 82' lang='lat' dir='ltr'><strong>agentem,</strong></span> <span class='ocrx_word' id='word_1_304' title='bbox 1299 4259 1327 4304; x_wconf 85' lang='lat' dir='ltr'><strong>et</strong></span> 
     </span>
     <span class='ocr_line' id='line_1_35' title="bbox 222 4333 655 4390; baseline 0 -2"><span class='ocrx_word' id='word_1_305' title='bbox 222 4335 260 4390; x_wconf 90' lang='lat' dir='ltr'><strong>sic</strong></span> <span class='ocrx_word' id='word_1_306' title='bbox 272 4338 313 4390; x_wconf 83' lang='lat' dir='ltr'><strong>ost</strong></span> <span class='ocrx_word' id='word_1_307' title='bbox 325 4334 466 4389; x_wconf 63' lang='lat' dir='ltr'><strong>extremo</strong></span> <span class='ocrx_word' id='word_1_308' title='bbox 477 4333 655 4390; x_wconf 83' lang='lat' dir='ltr'><strong>terminative.</strong></span> 
     </span>
    </p>
   </div>
   <div class='ocr_carea' id='block_1_10' title="bbox 0 0 1604 4975">
    <p class='ocr_par' dir='ltr' id='par_1_12' title="bbox 0 0 1604 4975">
     <span class='ocr_line' id='line_1_36' title="bbox 0 0 1604 4975; baseline 0 8"><span class='ocrx_word' id='word_1_309' title='bbox 0 0 1604 4975; x_wconf 95' lang='lat' dir='ltr'><strong> </strong></span> 
     </span>
    </p>
   </div>
  </div>
 </body>
</html>
