3200 4975
256 318 322 381 360
649 338 691 383 na
706 336 961 382 acerbissimos.
1201 313 1288 397 [aaa.
1305 330 1362 375 111.

258 522 330 566 nem
344 500 383 566 ad
398 508 485 567 actus
504 500 705 567 accidentales
724 500 893 587 pendentes
909 522 927 565 a
941 494 1169 565 conditionibus
1189 497 1361 563 accidenta-

257 612 349 691 libus,
379 621 410 678 et
433 613 476 677 sic
499 612 573 697 poni
596 620 725 696 possunt
752 611 809 677 sub
836 610 1072 697 praedicamento
1102 610 1267 697 qualitatis,
1296 630 1361 673 non

258 724 382 810 quidem
404 724 522 789 ratione
542 724 590 789 sui
610 725 741 809 praecise,
767 724 821 789 sed
844 724 961 789 ratione
985 723 1195 789 conditionum
1215 744 1362 808 quarum-

258 857 390 921 cumque
403 834 635 900 accidentalium
650 834 785 921 proxime
807 834 1023 921 requisiturum
1041 835 1081 899 ad
1100 843 1186 899 actus
1202 833 1365 918 utriusque

259 947 408 1033 proprios.
452 946 486 1012 si
497 968 568 1012 vero
578 946 851 1032 predicamentum
866 950 1035 1013 substantia
1045 946 1212 1031 accipiatur
1225 967 1279 1031 pro
1294 945 1364 1030 ipsa

258 1067 366 1123 acturo
381 1058 575 1123 substantiali
589 1058 680 1139 entis,
699 1067 775 1124 tunc
792 1067 939 1144 poterunt
953 1059 1065 1124 eaedem
1081 1056 1225 1145 potentiae
1240 1079 1365 1121 manera

258 1169 350 1235 etiam
366 1178 401 1234 ut
415 1169 562 1254 potentie
574 1169 632 1235 sub
646 1170 714 1256 ipso
728 1170 962 1255 praedicsmento
977 1171 1156 1235 substantiae
1171 1169 1214 1235 sic
1229 1177 1364 1253 sumpto,

259 1304 355 1368 qaum
370 1290 481 1347 natura
495 1282 535 1346 sit
550 1281 734 1367 principium
748 1282 961 1367 operationum
977 1289 1008 1347 et
1022 1282 1219 1369 passionum:
1242 1289 1273 1346 ct
1287 1290 1365 1345 tunc

259 1416 449 1480 unaquaeque
463 1393 601 1479 potentia
615 1393 673 1457 erit
687 1393 769 1459 idem
785 1416 821 1458 ac
835 1402 946 1459 natura
960 1390 1151 1478 inadaequate
1166 1404 1299 1477 sumpta.

303 1508 356 1571 59.
380 1505 536 1582 Quantur
549 1504 650 1585 tertio,
666 1526 799 1589 queram
810 1507 850 1570 sit
859 1502 1035 1590 qualitatum
1049 1504 1131 1591 oripo
1147 1507 1179 1569 ia
1192 1506 1366 1571 substantiis

261 1620 437 1702 compositis.
765 1647 768 1653 <
882 1653 885 1660 ·
1034 1646 1036 1655 ¹

303 1728 494 1816 Respondeo,
510 1728 582 1792 oriri
599 1728 762 1814 qualitates
776 1752 813 1793 ex
831 1739 942 1795 natura
961 1730 1211 1815 componentium
1226 1738 1256 1793 et
1272 1728 1365 1793 modo

259 1841 497 1927 compositionis.
543 1841 583 1905 In
603 1839 785 1926 corporibus
799 1842 881 1906 enim
901 1841 1049 1907 habemns
1066 1846 1101 1906 1⁰
1113 1842 1262 1906 elementa
1277 1840 1367 1926 plura

192 1985 194 1990 ·
260 1976 330 2019 cum
353 1952 466 2017 talibus
487 1952 603 2017 viribus
624 1953 826 2019 essentialiter
852 1954 1063 2019 determinatis
1086 1954 1125 2018 ad
1146 1950 1310 2039 agendum,
1334 1961 1366 2015 et

261 2088 331 2129 cum
360 2064 494 2150 perfecta
523 2064 727 2129 indifferentia
757 2065 796 2129 ad
825 2066 1024 2150 patiendum:
1051 2062 1088 2131 2ὀ
1115 2065 1365 2150 compositionem

261 2176 425 2262 qnamdam
455 2175 674 2241 elementorum
703 2177 737 2241 in
768 2178 948 2243 moleculas:
972 2181 1008 2243 3⁰
1032 2172 1288 2262 compositionem
1313 2184 1367 2240 ant

262 2287 520 2353 coordinationem
536 2286 701 2372 quamdam
717 2289 936 2353 molecularum
950 2290 1032 2354 inter
1047 2312 1087 2354 sc.

305 2399 348 2463 Et
373 2398 524 2463 elementa
550 2399 674 2484 quidem
700 2400 765 2486 ipsa
788 2423 851 2465 non
870 2401 986 2465 habent
1005 2400 1126 2488 proprie
1146 2400 1317 2486 qualitates,
1332 2406 1369 2462 ut

263 2511 406 2592 diximus,
429 2511 483 2576 sed
507 2511 654 2596 aequalem
674 2511 736 2576 vim
757 2514 907 2598 passivam
929 2522 960 2577 ct
983 2513 1127 2577 maiorem
1148 2512 1196 2577 vel
1218 2511 1368 2576 minorem

263 2623 325 2688 vim
345 2622 473 2688 activam
489 2621 536 2686 vel
555 2622 746 2687 attractivam
766 2623 814 2688 vel
833 2623 1026 2708 repulsivam,
1046 2623 1102 2710 pro
1123 2624 1241 2689 diversa
1263 2623 1368 2686 corum

264 2734 409 2800 entitate:
433 2734 487 2799 sed
501 2733 527 2797 si
541 2733 679 2818 quaedam
700 2733 850 2799 elementa
870 2733 1099 2820 coniungantur
1118 2737 1161 2800 ita
1181 2743 1216 2800 ut
1237 2734 1368 2799 efficiant

264 2868 362 2910 unum
377 2853 510 2931 systema
523 2844 716 2925 moleculare‚
732 2868 769 2910 ex
787 2845 905 2911 diversa
927 2847 1064 2926 entitate,
1084 2869 1223 2925 numero,
1242 2867 1369 2930 propor-

264 2957 348 3021 tione
358 2978 393 3021 ac
405 2955 601 3020 collocatione
615 2957 740 3022 relativa
754 2957 974 3023 elementorum
992 2959 1106 3023 orietur
1122 2958 1257 3023 diversus
1273 2980 1370 3021 nexus

266 3067 444 3154 dynamicus
459 3066 648 3132 constituens
663 3067 817 3132 diversum
832 3067 1226 3155 principium'adaequatum
1242 3067 1370 3134 actionis

266 3187 297 3243 et
319 3175 476 3262 passionis.
521 3176 665 3242 Vidimus
687 3186 800 3258 autem,
814 3179 944 3264 ¹agendo
967 3180 1004 3244 de
1027 3179 1198 3246 substantia
1227 3201 1370 3265 corporea

266 3294 312 3374 (n.
338 3291 391 3368 93,
417 3290 473 3368 95,
497 3290 565 3371 97),
595 3311 708 3356 nexum
738 3290 935 3377 dynamioum
972 3292 1053 3357 inter
1089 3292 1240 3357 elementa
1276 3291 1369 3355 unius

267 3401 423 3466 moleculae
444 3411 588 3466 centratae
610 3402 758 3486 regularis
780 3404 909 3489 exprimi
929 3404 1028 3470 tribus
1048 3402 1280 3490 aquationibus,
1295 3427 1370 3490 qua·

268 3535 337 3576 rum
351 3511 453 3597 priora
467 3513 602 3578 membra
617 3521 691 3577 sunt

698 3625 754 3690 d’x
804 3629 845 3690 dc

697 3714 762 3791 aa
804 3715 854 3792 aa
897 3687 920 3794 ’ὲ

269 3873 300 3928 et
318 3863 452 3928 sacranda
471 3863 609 3928 membra
628 3872 702 3928 sunt
723 3847 897 3930 functiones
920 3863 1043 3928 diversae
1067 3863 1275 3949 quantitatum
1297 3887 1372 3950 qua-

269 3974 412 4038 rumdam
437 3974 477 4039 ad
501 3974 682 4040 moleculam
707 3976 921 4059 spectantium,
946 3974 979 4040 id
1002 3983 1047 4039 est
1070 3960 1108 4053 ic,
1132 3997 1201 4060 quae
1224 3961 1271 4040 est
1294 3976 1373 4040 actio

270 4086 375 4166 centri,
391 4109 419 4165 o,
435 4108 502 4171 quae
519 4096 566 4151 est
586 4087 664 4152 actio
687 4087 912 4152 uniuscuiusvis
934 4085 1058 4151 alterius
1079 4086 1231 4164 elementi,
1253 4111 1291 4165 m,
1306 4109 1375 4172 quae

270 4205 317 4260 est
332 4197 483 4262 maximus
496 4198 599 4262 radius
614 4196 777 4277 molccnlae,
793 4221 823 4278 n,
839 4207 968 4284 quaeest
982 4220 1128 4262 numerus
1143 4197 1375 4278 elementorum,

270 4331 311 4390 a„
326 4330 394 4392 quae
408 4308 529 4373 exbibet
551 4295 785 4377 diminutionem
809 4311 886 4375 radii
908 4335 936 4374 m
955 4309 1189 4396 respondentem
1211 4311 1282 4375 dato
1297 4319 1376 4376 tem-
