3200 4975
300 356 366 419 888
660 374 703 417 ns
720 373 977 420 secrnaurrsus.
1244 358 1334 442 [tras.
1352 380 1413 421 111.

301 561 365 604 non
380 538 442 604 sint
457 538 648 618 substantiae,
662 546 710 603 est
724 538 835 603 habere
851 547 988 603 nutrcem
1004 536 1192 617 substantiae,
1211 540 1276 605 sine
1292 543 1412 605 ratione

301 651 423 717 essendi
436 650 471 715 in
486 672 530 730 se,
545 658 580 715 ut
594 657 680 736 patet
688 675 697 729 3
720 673 818 735 quum
834 661 944 715 natura
959 647 1002 713 rei
1018 648 1058 712 sit
1073 649 1257 735 principium
1277 652 1409 716 actionis

302 772 334 829 et
349 762 499 848 passionis
514 761 650 826 eiusdem
665 760 709 826 rei
717 786 728 840 5
750 782 824 844 ergo
840 766 943 823 manet
959 767 1070 823 ustura
1084 759 1179 843 panis.
1224 760 1307 845 Ergo
1325 761 1409 825 idem

303 874 443 953 dicimus,
459 872 560 958 quoad
581 896 656 949 rem,
672 894 706 936 ac
722 872 754 937 S.
770 872 915 950 Thomas,
930 870 1001 935 licet
1022 870 1086 954 ipse
1109 892 1162 953 per
1184 870 1241 934 alia
1258 872 1410 956 principia

303 983 454 1048 discurrat
474 983 559 1047 iuxta
581 1006 667 1047 suam
686 982 855 1069 physicam,
871 990 902 1046 et
918 980 1149 1065 explicationem
1165 993 1278 1066 quaerat
1293 1006 1328 1047 ex
1343 984 1410 1047 sola

304 1094 486 1179 quantitate.
523 1096 569 1157 4⁰.
591 1093 718 1158 Accedit
734 1093 817 1179 quod
830 1093 896 1177 ipse
907 1092 936 1156 S.
950 1091 1084 1155 Thomas
1099 1092 1244 1157 concedat
1261 1093 1313 1176 (ib.
1330 1117 1356 1158 a.
1373 1096 1408 1177 3)

304 1204 388 1290 quod
402 1204 517 1284 formoe,
527 1226 596 1289 quae
610 1205 696 1289 prius
711 1204 843 1288 agebant
859 1225 895 1267 ex
910 1224 989 1287 pane
1003 1202 1036 1265 in
1052 1202 1110 1265 aha
1122 1224 1273 1287 corporea,
1284 1214 1410 1269 manent

305 1326 375 1401 post
398 1318 665 1395 consecrationem,
680 1326 711 1381 et
734 1318 800 1381 licet
822 1316 997 1400 siutsormae
1017 1316 1081 1379 siae
1102 1318 1226 1379 mutata
1243 1319 1409 1393 emittentes,

305 1448 475 1493 annianus·
504 1448 619 1492 rausa
649 1447 736 1491 anau
773 1447 850 1490 assa
889 1446 978 1497 ouon
1018 1445 1198 1489 massanus
1235 1446 1332 1491 anius
1369 1448 1409 1489 ru

306 1558 467 1603 marnam.
512 1538 554 1601 Et
577 1538 642 1622 ipse
664 1537 789 1622 quidem
813 1543 902 1622 putat
924 1536 979 1601 has
1002 1535 1115 1600 formas
1137 1536 1228 1600 etiam
1252 1547 1322 1601 ante
1337 1559 1409 1602 con-

305 1650 502 1713 sacrationem
518 1671 583 1713 csse
598 1648 797 1713 accidentales
810 1673 817 1711 :
842 1647 895 1711 sed
907 1648 977 1732 quia
989 1646 1109 1711 nullum
1120 1648 1259 1711 accidens
1271 1649 1410 1713 naturale

304 1768 353 1824 est
374 1760 517 1839 activum,
533 1769 564 1823 et
587 1759 758 1823 substantia
779 1757 952 1837 materialis,
969 1765 1005 1820 ut
1028 1756 1099 1821 alibi
1116 1757 1257 1837 vidimus,
1274 1758 1337 1842 agit
1354 1782 1410 1844 per

304 1871 448 1935 vimutem
464 1892 527 1934 non
538 1870 659 1934 realiter
670 1870 846 1935 distinctam
858 1891 876 1932 a
887 1890 942 1933 suo
954 1890 1019 1933 esse
1031 1868 1234 1948 substantiali,
1246 1869 1409 1934 dicendum

306 1980 702 2065 est,f01·masquaeprius
727 1979 868 2064 agebant,
894 2002 959 2043 esse
984 1979 1098 2043 formas
1121 1979 1352 2045 substantiales:
1377 1990 1409 2045 et

304 2091 373 2154 ideo
392 2091 506 2168 lormae,
523 2113 591 2175 quae
612 2100 770 2155 remanent
789 2099 859 2175 post
877 2090 1147 2168 consecrationem,
1163 2101 1236 2153 sunt
1250 2090 1309 2155 illae
1323 2090 1407 2175 ipsae‚

305 2205 441 2266 tabentes
454 2204 530 2265 Man
543 2224 605 2266 esse
620 2204 700 2286 quod
711 2204 854 2267 habebant
862 2204 960 2285 priua,
976 2210 1100 2286 excepto
1116 2202 1199 2287 quod
1214 2203 1251 2266 ab
1267 2202 1326 2267 alio
1341 2226 1408 2268 sus-

183 2311 188 2317 ’
304 2322 472 2378 tentantur.
517 2314 631 2377 Verum
655 2323 711 2392 est,
734 2314 817 2397 quod
841 2311 1127 2377 stromatum
1150 2316 1313 2393 materiam,
1335 2315 1409 2398 quia

304 2426 431 2490 materia
452 2424 545 2491 habet
566 2424 716 2489 rationem
740 2424 886 2489 subiecti:
913 2423 967 2489 sed
990 2424 1016 2489 si
1037 2446 1093 2510 pro
1115 2425 1241 2491 materia
1262 2424 1408 2510 intelligit

304 2537 506 2602 substantiam
522 2536 719 2617 materialem,
734 2535 799 2600 haec
814 2535 934 2600 tollitur
952 2535 1070 2600 sublata
1093 2536 1210 2600 ratione
1233 2537 1352 2602 essendi
1373 2540 1407 2601 in

304 2672 354 2714 se:
378 2650 404 2712 si
425 2671 495 2714 sero
518 2648 663 2732 iutelligit
686 2647 843 2712 materiam
864 2646 1004 2732 primam,
1021 2669 1089 2731 quae
1109 2648 1274 2733 improprie
1295 2648 1407 2714 dicitur

297 2763 427 2843 primm
448 2762 617 2837 subiectum,
633 2758 698 2823 haec
720 2781 756 2822 eo
780 2759 847 2842 ipso
869 2758 952 2843 quod
974 2765 1021 2822 est
1043 2779 1121 2841 pura
1134 2759 1273 2842 potentia
1287 2759 1406 2824 essendi

305 2892 368 2933 non
386 2878 487 2954 potest
506 2870 583 2949 tolli,
599 2869 659 2933 nisi
680 2867 800 2933 sublata
815 2868 930 2933 forma:
954 2890 1022 2952 quae
1036 2890 1132 2952 quum
1149 2890 1271 2933 manere
1287 2870 1404 2948 debeat,

304 3003 341 3045 ex
363 2981 462 3058 dictis,
485 2989 623 3065 superest
645 2988 681 3044 ut
702 2988 832 3064 utraque
855 2979 974 3044 dicatur
996 3001 1128 3059 manere,
1151 2980 1263 3044 amissa
1289 2982 1406 3046 ratione

303 3091 491 3156 substantiae.
537 3095 580 3154 5⁰.
605 3089 690 3153 Idem
706 3090 737 3154 S.
753 3090 887 3153 Thomas
901 3090 1014 3154 fatetur
1026 3090 1067 3173 (p.
1080 3093 1112 3153 3.
1122 3113 1152 3175 q.
1169 3094 1221 3156 7⁷.
1238 3115 1264 3155 a.
1280 3093 1325 3175 2),
1337 3095 1404 3157 sab-

302 3211 399 3268 trccta
413 3205 545 3280 materia,
560 3224 675 3264 munere
689 3224 789 3265 rarum
812 3210 841 3264 et
855 3202 972 3264 &mum
989 3203 1021 3262 ia
1042 3201 1249 3280 accideatibas,
1264 3211 1293 3266 ct
1313 3226 1404 3286 quun·

302 3314 419 3376 titctem
439 3313 714 3399 alimoniamque
735 3321 865 3375 rerncaet
885 3313 917 3375 ta
932 3313 985 3376 boc
998 3320 1179 3377 sacamento
1193 3316 1256 3376 sine
1278 3315 1404 3379 subiecto

301 3446 360 3487 aon
381 3446 442 3487 esse
464 3427 658 3507 quantitatem
679 3425 921 3502 mathematicam,
938 3423 991 3487 sed
1012 3422 1180 3508 physicam.
1225 3424 1289 3490 Ubi
1311 3425 1404 3503 vides,

301 3542 398 3598 totam
413 3534 478 3597 cius
493 3534 728 3598 sollicitudinem
740 3535 850 3598 versari
866 3535 898 3598 in
914 3535 982 3613 hoc,
995 3543 1029 3598 ut
1045 3535 1148 3598 omnia
1164 3545 1271 3613 servet,
1284 3536 1404 3604 sublato

302 3645 367 3710 solo
394 3645 538 3710 subiecto.
584 3646 690 3710 Potest
715 3655 817 3709 autem
843 3646 1010 3710 subtractio
1031 3645 1122 3730 primi
1141 3647 1268 3711 subiecti
1285 3649 1405 3732 concipi

302 3757 485 3842 dupliciter:
509 3779 572 3821 uno
587 3756 679 3820 modo
693 3756 829 3820 tollendo
843 3757 941 3839 ipsam
956 3779 1032 3836 rem,
1047 3777 1116 3841 quae
1138 3756 1250 3821 dieitur
1269 3758 1403 3842 primum

301 3867 491 3940 subiectum:
514 3866 574 3931 alio
595 3865 687 3930 modo
709 3866 846 3931 tollendo
869 3866 907 3932 ab
930 3888 964 3930 ea
987 3867 1134 3930 rationem
1157 3868 1248 3952 primi
1264 3868 1401 3933 subiecti.

301 3979 424 4044 Primus
439 3979 549 4043 modus
563 3976 679 4062 placuit
693 3978 845 4064 theologis
860 3978 1084 4062 peripateticis:
1108 3987 1139 4042 at
1152 3979 1278 4044 involvit
1288 3980 1403 4063 impos-

300 4090 477 4155 sibilitatem
501 4089 671 4180 absolutam
682 4115 692 4169 3
715 4090 787 4175 quia
813 4089 896 4173 quod
919 4111 982 4152 non
1008 4088 1099 4152 habet
1125 4111 1189 4154 esse
1215 4112 1277 4154 nou
1301 4100 1402 4175 potest

298 4199 385 4264 tolli:
421 4201 475 4265 sed
500 4201 585 4265 iuxta
609 4201 822 4286 peripateticos
849 4200 981 4284 primum
1006 4199 1177 4293 subiectum
1203 4210 1250 4266 est
1276 4203 1401 4267 materia

298 4311 406 4396 prima,
420 4334 488 4396 quae
503 4334 565 4375 non
580 4311 672 4375 habet
687 4334 771 4402 esse:
795 4333 868 4395 ergo
883 4311 990 4396 nequit
1005 4311 1079 4391 tolli,
1092 4312 1151 4375 nisi
1166 4311 1293 4379 tollatur
1303 4313 1402 4377 forma
