3200 4975
217 368 361 453 csr.11.]
662 388 703 432 nn
721 391 870 434 ιιοιιιιιιι.
1223 381 1225 390 “
1253 367 1317 433 203

217 557 344 640 simplex
366 555 404 638 (si
426 554 510 640 quod
533 564 579 619 est
603 554 675 638 tale)
701 555 786 619 nullo
811 554 901 619 modo
930 564 1010 618 esset
1039 555 1190 620 obiectum
1222 555 1316 618 sensi·

216 667 287 746 hile,
308 676 339 731 et
354 677 574 750 consequenter
594 688 656 730 non
677 677 755 729 esset
773 667 926 729 obiectum
947 667 1053 749 primae
1070 666 1319 750 apprehensionis

216 778 368 857 humanae,
384 777 453 841 ideo
472 798 563 840 omne
582 777 745 856 obiectum,
761 777 845 862 quod
865 778 956 841 homo
977 786 1077 861 potest
1097 778 1196 861 primo
1212 799 1318 861 appre-

217 889 360 968 hendere,
375 897 422 952 est
437 888 529 953 etiam
543 888 695 952 obiectum
712 888 933 972 disquisitionis
948 898 979 953 et
994 889 1135 974 analysis.

263 1000 306 1079 si,
328 1000 408 1063 facta
431 999 547 1085 analysi
569 999 678 1063 obiecti
697 999 730 1062 iu
753 1000 853 1084 specie
871 1000 1038 1084 praesentis,
1056 999 1187 1062 intuitus
1204 999 1319 1064 feratur

216 1135 272 1196 per
293 1113 494 1175 attentionem
517 1111 555 1176 ad
578 1111 711 1196 aliquam
726 1110 772 1174 vel
795 1112 911 1195 aliquas
929 1133 965 1174 ex
979 1110 1148 1178 rationibus
1163 1110 1319 1193 cognosci-

216 1223 333 1288 bilihus·
359 1223 479 1301 obiecti,
495 1223 611 1286 caeteris
640 1221 792 1286 derelictis
822 1232 875 1286 aut
911 1222 1134 1306 praetermissis,
1155 1220 1320 1285 habebitur

217 1335 349 1399 intuitus
378 1337 581 1399 obstructiora.
626 1334 749 1399 Dicitur
777 1343 880 1398 autern
909 1335 1118 1413 abstractivus,
1149 1355 1211 1397 non
1249 1333 1320 1417 quia

219 1469 306 1510 mens
327 1445 492 1524 abstrahat,
514 1468 567 1508 seu
591 1444 713 1509 divellat
734 1445 865 1529 positive
886 1445 970 1508 illam
993 1445 1141 1508 rationem
1164 1445 1319 1528 cognosci·
1374 1447 1375 1452 ’

219 1558 323 1637 bilem,
338 1558 378 1620 ad
393 1579 486 1643 quam
501 1555 642 1635 attendit,
658 1555 696 1619 ah
711 1556 779 1620 aliis
793 1555 906 1640 quibus
921 1578 984 1619 non
999 1555 1131 1620 attendit
1148 1556 1218 1640 (hoc
1237 1557 1320 1620 enim

102 1745 110 1760 .
220 1669 294 1733 dicit
316 1669 523 1754 praecisionem
541 1671 645 1752 potius
667 1689 760 1751 quam
782 1667 1042 1751 abstractionem),
1058 1667 1112 1731 sed
1139 1668 1210 1753 quia
1233 1690 1321 1731 mens

220 1779 336 1844 divellit
360 1779 489 1863 seipsam
510 1778 548 1842 ab
568 1778 629 1841 illis
648 1778 820 1842 rationibus
839 1801 915 1862 quas
929 1800 992 1842 non
1008 1778 1150 1858 attendit,
1166 1778 1321 1864 applicans
1431 1835 1434 1842 ,

220 1915 252 1956 se
267 1890 338 1954 solis
353 1891 414 1954 illis
428 1914 504 1976 quas
518 1890 659 1954 attendit.
706 1890 790 1953 Hinc
801 1891 963 1954 abstractio
972 1899 1018 1955 est
1030 1890 1159 1975 simplex
1170 1891 1320 1956 restrictio

218 2003 397 2067 attentionis
427 2002 466 2067 ad
495 2002 641 2087 quasdam
665 2025 682 2065 e
708 2003 877 2066 rationibus
904 2001 1170 2086 cognoscibilibus,
1197 2025 1265 2087 quae
1289 2025 1321 2066 se

219 2115 417 2182 manifestant
439 2115 472 2177 in
493 2113 621 2192 obiecto,
644 2115 782 2198 neplactia
804 2116 889 2179 alias:
916 2123 952 2179 ut
973 2138 1070 2200 quum
1093 2115 1194 2198 cogito
1216 2115 1320 2178 album

219 2227 404 2310 negligendo
427 2225 628 2310 quantitatem
652 2226 823 2310 superficiei
841 2248 909 2310 quae
931 2234 977 2288 est
999 2226 1077 2302 alba,
1094 2225 1147 2289 sed
1169 2247 1232 2288 non
1254 2247 1319 2289 eam

218 2337 346 2422 positive
365 2336 563 2400 excludendo.
607 2337 748 2401 Praecisio
763 2358 832 2400 vero
852 2345 899 2400 est
919 2336 1069 2400 restrictio
1087 2336 1267 2401 attentionis
1282 2337 1322 2400 ad

219 2450 367 2535 quasdam
384 2449 517 2513 rationes
537 2447 756 2533 cognoscibiles
773 2449 892 2528 obiecti,
909 2449 1033 2514 occlusas
1047 2451 1175 2533 positive
1192 2450 1270 2529 aliia,
1285 2458 1322 2515 ut

219 2585 316 2647 quum
331 2562 433 2645 cogito
447 2560 619 2625 albedinem
633 2569 790 2645 tamquam
805 2560 933 2624 formam
950 2570 1053 2645 aptam
1068 2560 1167 2625 inesse
1187 2560 1260 2626 huic
1274 2562 1322 2625 vel

219 2674 265 2737 illi
285 2664 454 2758 superficiei
462 2698 472 2749 ;
494 2682 531 2737 ut
553 2672 635 2735 enim
657 2682 730 2756 apta
743 2672 843 2736 inesse
858 2671 930 2736 huic
944 2673 992 2736 vel
1006 2672 1052 2736 illi
1066 2672 1235 2756 superficiei
1250 2694 1323 2737 con·

219 2795 307 2850 notat
328 2785 529 2849 remotionem
551 2783 601 2848 sui
623 2807 640 2848 a
662 2783 798 2870 qualibet
821 2783 988 2867 superficie.
1035 2782 1118 2847 Hinc
1138 2784 1230 2848 etiam
1245 2784 1323 2848 ratio

219 2897 375 2976 obiectira,
391 2918 459 2981 quae
473 2896 626 2981 cogitatur
640 2918 694 2980 per
714 2894 883 2979 simplicem
905 2894 1149 2973 abstractionem,
1165 2905 1211 2960 est
1222 2897 1323 2979 prima

218 3012 351 3088 iatmtio,
377 3009 449 3093 quia
472 3008 574 3072 existit
598 3008 719 3072 realiter
742 3007 775 3070 in
798 3007 935 3072 obiecto:
966 3007 1044 3071 ratio
1070 3030 1140 3072 vero
1165 3007 1322 3088 obiectiva,

218 3146 287 3208 qua
306 3122 458 3206 cogitatur
475 3145 529 3206 por
546 3121 765 3206 praecisionem,
785 3129 833 3184 est
853 3122 978 3184 secundo
994 3123 1125 3200 intentio,
1142 3121 1214 3206 quia
1228 3129 1265 3185 ut
1280 3122 1323 3185 sie

220 3236 322 3299 existit
345 3243 465 3297 tantum
488 3234 520 3296 in
542 3232 701 3297 intellectu
712 3258 721 3311 3
743 3255 807 3296 non
829 3240 932 3296 tamen
950 3239 997 3298 est
1015 3255 1069 3296 ens
1087 3255 1163 3317 pure
1177 3232 1321 3317 logicum,

220 3350 291 3434 quia
314 3350 384 3417 licet
403 3356 441 3411 ut
461 3347 504 3410 sic
523 3356 555 3411 et
576 3346 635 3410 sub
657 3346 714 3411 hac
736 3346 920 3410 formalitate
939 3368 1002 3409 non
1021 3345 1138 3409 sitnisi
1159 3369 1213 3431 per
1231 3346 1322 3411 iutel-

220 3462 343 3540 lectum,
370 3460 471 3525 existit
496 3469 599 3524 tamen
623 3458 894 3528 fundamentaliter
916 3459 950 3521 in
975 3457 1093 3522 obiecto
1116 3457 1199 3536 reali,
1221 3481 1238 3521 a
1262 3480 1325 3543 quo

222 3574 396 3638 intellectus
411 3595 478 3636 eam
493 3570 679 3655 praescindit.

264 3686 320 3750 Vis
335 3683 513 3769 analyaandi
529 3682 684 3747 sensibilia
697 3690 744 3745 est
754 3682 799 3745 vis
815 3682 978 3746 resolutiva
991 3682 1253 3767 phantasmatum,
1270 3704 1324 3745 seu

223 3798 412 3862 dissociativa
435 3796 588 3859 rationum
611 3793 800 3858 sensibilium
822 3793 855 3855 in
884 3794 1097 3877 phantasmate
1126 3792 1323 3857 obiectorum.

222 3909 297 3972 Haec
311 3907 357 3972 vis
371 3906 621 3991 phantasmatum
636 3904 827 3972 dissociativa
841 3926 910 3968 cum
923 3905 953 3968 vi
961 3904 1138 3969 eorumdem
1150 3904 1324 3969 associativa

220 4020 379 4084 constituit
400 4018 595 4102 phantasiam
618 4040 672 4083 seu
689 4016 951 4100 imaginationem.
995 4016 1051 4079 Vis
1066 4025 1169 4080 autem
1183 4016 1323 4103 analyra·

220 4132 283 4196 tiva
298 4132 466 4217 specierum
480 4128 720 4212 intelligibilium
736 4136 767 4191 et
781 4127 958 4194 earumdem
974 4126 1149 4191 associativa
1164 4127 1324 4193 constituit

219 4244 341 4328 proprie
362 4242 563 4320 intellectum,
588 4240 641 4325 qui
661 4239 773 4307 dicitnr
795 4238 833 4303 ab
856 4241 933 4305 iuter
962 4239 1063 4322 lepore,
1094 4260 1130 4303 eo
1159 4238 1241 4323 quod
1270 4238 1324 4322 qui

219 4354 374 4439 intelligit,
400 4354 489 4438 plura
515 4351 678 4436 distinguit
705 4352 736 4414 in
767 4350 895 4429 obiecto,
920 4350 1000 4413 inter
1026 4372 1094 4433 quaa
1122 4348 1323 4413 attentionem
