3200 4975
239 405 309 448 cur.
328 382 382 467 11.]
473 396 476 401 '
688 400 895 444 1111111111.
1279 379 1340 443 171

220 644 222 647 ,
278 571 418 634 lactabis.
464 567 575 633 Omnis
599 538 771 632 substantia
793 575 841 630 est
864 589 919 629 ens
947 565 984 629 de
1009 586 1041 629 se
1059 563 1264 648 completum:
1289 561 1343 627 sed

235 681 419 767 principium
432 679 608 744 sensitivam
622 701 683 743 non
696 686 743 742 est
754 700 810 766 ens
822 677 860 741 de
872 698 904 741 11
915 675 1101 761 completum
1117 675 1183 738 sine
1197 696 1340 759 σοι-11113

234 815 307 857 nam
322 791 430 877 nequit
444 792 612 876 producere
626 813 698 854 suos
713 799 810 854 actus.
854 789 950 873 Ergo.

279 902 463 988 Respondeo
481 903 550 967 dict.
566 903 646 965 Mai.
671 901 858 985 completum
879 897 1120 964 substantialiter
1140 904 1171 962 11
1188 896 1221 960 in
1236 895 1342 960 ordine

235 1015 274 1079 ad
289 1037 354 1078 esse
365 1038 391 1078 c.
403 1015 465 1091 M„
477 999 664 1098 completum
679 1010 860 1076 naturaliter
874 1019 905 1076 et
919 1012 952 1074 in
967 1009 1074 1075 ordine
1089 1009 1128 1073 ad
1140 1030 1267 1093 agerere.
1279 1009 1341 1086 M„

235 1135 266 1191 et
282 1127 452 1190 conectat.
468 1128 538 1189 min.
555 1148 585 1189 n.
601 1147 679 1189 cons.

283 1238 415 1320 Urpcbia.
461 1234 553 1312 Quod
576 1236 684 1320 nequit
703 1257 779 1314 csse,
794 1233 855 1298 nisi
874 1233 907 1297 in
926 1227 1074 1314 slio,i10n
1092 1241 1139 1297 est
1159 1233 1339 1298 substantia.

234 1347 332 1432 Atqui
354 1347 537 1432 principium
561 1346 741 1411 sensitivam
758 1345 868 1430 nequit
888 1367 954 1409 esse
971 1345 1032 1410 nisi
1053 1345 1087 1409 in
1109 1345 1179 1425 alio,
1195 1345 1227 1409 id
1246 1344 1340 1409 estin

234 1480 358 1544 corpore
367 1487 377 1538 3
401 1481 485 1542 ergo.

277 1570 459 1656 Respondeo
481 1572 549 1635 dict.
567 1571 647 1635 Mai.
663 1570 746 1655 quod
768 1570 876 1656 nequit
891 1565 963 1634 'csse
985 1569 1124 1633 absolute
1145 1568 1206 1633 nisi
1227 1568 1261 1632 11
1278 1567 1338 1632 alio

233 1707 260 1748 c.
269 1683 330 1762 M„
344 1682 427 1767 quod
442 1682 550 1767 nequit
565 1705 630 1746 1111
645 1681 834 1760 naturaliter,
851 1703 905 1744 seu
918 1691 955 1745 11
974 1688 1085 1746 natura
1103 1680 1263 1765 completa,
1278 1680 1338 1744 nisi

232 1797 266 1859 in
281 1795 384 1859 11111.
401 1795 461 1874 M„
477 1803 508 1858 11
523 1795 654 1858 contrad.
671 1796 742 1857 min.
756 1817 785 1856 1.
802 1815 881 1856 coru.

278 1909 444 1970 Saba-umes.
468 1907 565 1991 Atqui
580 1906 605 1969 si
620 1905 727 1990 nequit
742 1927 808 1968 1111
823 1903 1003 1968 naturaliter
1017 1903 1078 1967 nisi
1095 1903 1128 1967 in
1146 1902 1215 1981 alio,
1229 1901 1337 1988 nequit

233 2015 371 2081 absolute
385 2039 451 2080 esse
465 2016 525 2079 nisi
540 2016 574 2080 in
588 2015 658 2080 alio.
705 2015 800 2078 Secus
814 2022 894 2078 esset
908 2013 1093 2098 principium
1109 2013 1287 2078 sensitivum
1305 2024 1337 2077 11

232 2150 295 2192 non
311 2137 399 2193 esset.
436 2129 535 2208 Esset,
551 2128 623 2214 quia
637 2127 782 2212 ponitur:
805 2148 869 2190 non
883 2135 972 2205 esset,
988 2127 1061 2212 quia
1074 2133 1189 2190 careret
1203 2125 1336 2190 naturali

235 2263 293 2304 suo
308 2262 383 2305 esse.

275 2350 457 2435 Respondeo
467 2374 497 2413 n.
509 2352 606 2414 subc:
622 2350 661 2413 ad
676 2349 886 2434 probationem
896 2350 963 2413 dist.
976 2357 1038 2413 cut.
1050 2357 1130 2413 esset
1141 2357 1171 2412 et
1184 2370 1245 2413 non
1256 2357 1336 2413 esset

231 2462 400 2528 secundum
426 2461 506 2526 idem
531 2484 561 2526 n.
588 2470 661 2541 ant,
677 2461 847 2527 secundum
874 2461 991 2526 diverse
1016 2484 1042 2526 c.
1068 2469 1334 2527 1111111111.

229 2576 319 2641 Esset
343 2576 426 2641 enirn
450 2575 633 2659 principium
658 2575 838 2640 sensitivam
862 2572 979 2637 babens
1004 2596 1069 2637 esse
1096 2573 1280 2657 completum
1301 2573 1335 2636 in

228 2689 345 2753 ratione
374 2686 564 2767 substantie,
592 2708 646 2751 seu
672 2686 823 2764 absolute,
850 2694 881 2749 et
910 2684 1131 2769 incompletum
1159 2683 1193 2746 in
1218 2684 1335 2749 ratione

229 2820 328 2862 causae
342 2796 502 2876 naturalis,
518 2820 573 2861 seu
587 2797 620 2861 in
635 2796 742 2861 ordine
757 2795 797 2860 ad
812 2796 1028 2880 operationem.

272 2911 372 2974 Dices.
417 2909 475 2973 Est
501 2908 539 2972 dc
562 2909 680 2973 ratione
705 2907 885 2972 substantiae
912 2906 1024 2971 habere
1046 2906 1109 2971 vim
1138 2907 1333 2971 causativum.

229 3021 312 3106 Ilrgo
329 3020 412 3106 quod
429 3028 477 3085 est
497 3019 684 3104 completum
702 3020 735 3083 in
750 3020 868 3084 ratione
883 3018 1071 3100 substantie,
1086 3026 1133 3084 est
1147 3018 1333 3104 completum

229 3135 321 3197 etiam
337 3134 369 3195 in
384 3131 502 3196 ratione
516 3154 623 3198 causae.

273 3243 456 3329 Respondeo
479 3245 546 3308 dist.
575 3252 636 3309 ant.
663 3251 712 3308 est
738 3242 776 3307 de
799 3242 917 3307 ratione
947 3241 1126 3307 substantiae
1153 3241 1334 3307 naturaliter

229 3354 388 3439 completae
407 3377 432 3419 c.
449 3363 521 3433 cut,
538 3362 585 3417 est
607 3353 783 3418 donatione
805 3352 984 3417 substantia
1001 3361 1037 3416 ut
1056 3352 1099 3417 sic
1117 3354 1198 3419 aad.
1222 3351 1333 3417 babere

229 3466 290 3529 vim
314 3464 497 3529 causativum
518 3462 627 3530 saltem
647 3464 864 3549 incomplutam
887 3488 912 3528 c.
929 3474 1002 3545 unt,
1018 3487 1136 3550 semper
1151 3465 1333 3550 completam
1439 3537 1442 3542 ¹

229 3600 258 3640 u.
276 3586 338 3640 unt.
354 3585 384 3641 et
398 3599 476 3641 corsa.

273 3690 451 3772 Replicatis.
502 3688 682 3753 Substantia
696 3697 728 3752 et
742 3697 854 3752 natura
867 3687 933 3752 eius
947 3710 1010 3753 non
1026 3688 1260 3773 distinguuntur
1274 3691 1334 3754 nisi

229 3801 425 3865 distinctione
440 3800 577 3880 rationis,
592 3822 661 3885 quae
675 3800 815 3865 eamdem
830 3822 895 3864 rem
909 3801 1079 3865 considerat
1095 3801 1209 3885 duplici
1224 3802 1333 3881 mod03

227 3913 260 3976 iu
281 3934 313 3976 11
330 3922 433 3976 autem
456 3920 488 3976 11
510 3935 528 3976 1
547 3921 634 3997 parte
652 3913 697 3976 rei
711 3920 785 3976 sunt
800 3934 898 3977 unum
913 3920 944 3977 11
959 3913 1052 3977 idem.
1096 3913 1179 3999 Ergo
1194 3914 1276 3999 quod
1288 3922 1335 3979 est
1430 3906 1436 3919 ’

149 4092 159 4107 ,
227 4024 412 4109 completum
443 4024 476 4088 in
505 4024 623 4088 ratione
652 4023 842 4104 substantiae,
863 4032 911 4088 est
940 4024 1126 4110 completum
1154 4025 1188 4089 in
1217 4026 1334 4091 ratione

228 4144 357 4200 naturae.

272 4246 455 4331 Respondeo
470 4248 539 4312 dist.
555 4253 618 4310 ant.
635 4245 809 4310 substantia
824 4246 975 4332 completa
988 4246 1022 4310 in
1037 4248 1153 4313 ratione
1168 4258 1287 4313 naturae
1305 4260 1335 4315 11

228 4365 337 4420 natura
365 4357 431 4422 1111
457 4378 520 4421 111
546 4356 781 4441 distinguuntur
807 4357 1335 4439 11111111111.111.,1111111111
