3200 4975
238 346 309 389 cus.
327 328 366 411 1.]
552 352 595 393 nn
612 351 816 394 suasrnnmn
831 352 1032 396 smnmusm.
1322 339 1341 399 7
1431 325 1436 332 ⁴

234 512 332 577 lectus
347 525 403 593 est,
418 524 550 600 nequeat
565 516 684 601 concipi
698 517 757 581 nisi
773 518 956 582 terminatus
976 518 1014 583 ad
1033 541 1123 582 suum
1146 540 1211 582 esse
1229 525 1267 582 ιιι
1288 538 1337 580 εο-

236 625 402 707 gnoscibile
418 626 486 705 sibi,
502 627 584 711 quod
601 650 636 691 eo
652 628 772 711 ipsoex
788 629 985 712 cognoscibili
1000 630 1035 693 fit
1051 629 1219 713 cognitum,
1234 650 1339 691 neces-

236 736 314 799 sario
337 736 485 802 habemus
506 738 541 801 in
558 738 716 803 intellectu
738 738 855 825 aliquid
872 763 928 825 per
946 740 1073 804 modum
1094 740 1195 805 dantis
1215 761 1290 818 esse,
1306 745 1338 801 ει

235 848 350 932 aliquid
372 872 428 934 per
450 849 576 914 modum
602 850 795 935 accipientis:
833 852 866 915 id
889 861 935 915 εει
960 851 1109 916 habemus
1137 850 1254 936 aliquid
1282 871 1338 934 per

236 959 360 1022 modum
381 969 478 1039 actus,
494 971 524 1024 et
542 960 659 1045 aliquid
678 984 734 1047 per
756 963 883 1026 modum
898 963 1021 1026 termini
1035 963 1128 1047 positi
1143 962 1176 1025 in
1191 984 1266 1040 esse,
1282 984 1336 1024 seu

234 1089 289 1154 per
303 1072 430 1135 modum
444 1072 589 1156 potentiae
604 1072 703 1157 primo
713 1081 851 1152 actuatae,
861 1082 897 1137 ut
909 1082 1028 1138 constat
1037 1096 1074 1138 ex
1084 1072 1334 1158 praecedentibus.

234 1184 337 1266 Atque
360 1183 393 1246 in
416 1183 475 1248 hoc
503 1184 650 1248 fundatur
673 1185 750 1249 ratio
773 1184 948 1249 intellectus
976 1185 1097 1269 agentis
1122 1193 1153 1248 ει
1182 1182 1336 1268 patientis.

235 1295 315 1357 Nam
333 1296 415 1379 quod
430 1304 476 1359 εει
492 1296 523 1360 in
540 1306 609 1359 ente
624 1318 678 1380 per
693 1296 820 1360 modum
835 1307 931 1375 actus,
946 1296 1018 1360 fecit
1034 1318 1089 1359 ens
1102 1318 1168 1359 esse
1189 1295 1223 1357 in
1243 1302 1334 1359 actu:

172 1454 174 1458 -
234 1428 324 1469 omne
340 1416 441 1469 autem
458 1430 551 1490 agens
566 1407 630 1489 agit
645 1405 678 1469 in
693 1416 844 1492 quantum
860 1416 907 1470 εει
922 1408 955 1470 in
975 1417 1046 1470 actu
1055 1432 1064 1483 ;
1087 1428 1161 1490 ergo
1182 1404 1265 1491 quod
1287 1414 1335 1469 est

233 1517 262 1580 in
290 1517 481 1601 intelligente
504 1541 558 1602 per
584 1518 710 1581 modum
734 1527 821 1582 actus
846 1518 957 1582 fundat
983 1518 1132 1582 rationem
1160 1516 1335 1581 intellectus

232 1630 360 1711 agentis.
408 1630 554 1693 Similiter
576 1629 659 1715 quod
677 1641 724 1694 εει
747 1630 778 1695 ἰιι
795 1640 866 1695 ειιιε
881 1653 936 1713 per
950 1631 1076 1694 modum
1091 1629 1245 1714 potentiae,
1260 1628 1333 1692 facit

233 1764 287 1803 cns
310 1764 374 1804 esse
396 1741 428 1804 in
450 1740 607 1826 potentia:
631 1764 722 1805 omne
743 1752 845 1805 autem
865 1743 985 1825 patiens
1003 1741 1121 1825 patitur
1134 1741 1167 1803 in
1182 1748 1334 1824 quantum

231 1862 278 1915 εει
293 1854 324 1915 in
340 1854 496 1937 potentia3
519 1876 592 1937 ergo
608 1853 691 1937 quod
706 1862 752 1917 est
767 1854 799 1916 in
816 1853 974 1917 intellectu
987 1876 1043 1938 per
1053 1852 1179 1917 modum
1190 1851 1335 1937 potentiae

230 1962 340 2025 fundat
365 1962 515 2025 rationem
541 1962 715 2032 intellectus
740 1962 896 2047 patientis.
942 1964 1123 2027 Notandum
1146 1972 1250 2027 tamen
1276 1970 1333 2040 est,

229 2073 418 2138 intellectum
440 2073 499 2138 dici
518 2085 660 2158 agentem
680 2085 711 2138 ει
729 2074 907 2158 ρειίειιιειιι,
923 2074 970 2139 vel
984 2075 1116 2139 activum
1132 2086 1163 2139 et
1177 2074 1331 2157 passivum

229 2186 261 2249 in
278 2186 384 2251 ordine
398 2186 438 2250 ad
459 2195 545 2250 aetus
568 2186 778 2265 accidentales,
794 2187 907 2271 quibus
927 2187 1072 2271 intelligit
1092 2186 1333 2271 intelligibilius

229 2300 327 2381 seipso
345 2296 498 2376 distincta,
522 2306 558 2361 ut
580 2298 660 2360 infra
677 2297 915 2381 explicabimus:
946 2309 977 2361 et
994 2298 1072 2377 ideo,
1091 2298 1238 2383 quamdiu
1257 2320 1329 2362 con·

227 2408 395 2472 sideramus
417 2408 607 2472 intellectum
629 2418 665 2471 ιιι
687 2409 719 2471 in
743 2431 774 2472 se
796 2410 863 2493 ipso
892 2410 1092 2473 essentialiter
1121 2410 1328 2489 constituitur,

227 2530 350 2604 praestat
365 2521 412 2584 uti
434 2521 500 2584 aliis
515 2521 678 2600 vocabulis,
693 2545 721 2585 v.
738 2543 785 2604 gr.
801 2531 871 2584 actu
890 2532 922 2585 et
943 2521 1087 2606 potentia,
1104 2522 1152 2585 vel
1172 2522 1329 2586 intellectu

225 2641 368 2695 actuante
392 2644 422 2694 et
445 2633 603 2696 intellectu
620 2633 816 2711 terminante,
831 2632 1006 2716 accipiendo
1029 2632 1093 2697 haec
1113 2632 1268 2716 analogice
1289 2635 1329 2698 ad

226 2744 354 2807 formam
370 2757 401 2807 ει
417 2744 584 2823 materiam,
597 2753 633 2807 ut
650 2744 765 2807 dictum
778 2752 825 2807 est
836 2766 923 2807 num.
934 2766 1022 2827 praec.
1060 2745 1101 2807 Et
1110 2744 1209 2808 simile
1218 2745 1328 2808 accidit

225 2855 317 2918 etiam
340 2855 374 2918 in
397 2855 570 2919 substantia
592 2853 751 2933 materiali,
767 2855 798 2916 in
823 2874 889 2937 qua
903 2854 1033 2918 dicimus
1039 2856 1172 2938 soranam
1186 2877 1242 2938 pro
1256 2866 1327 2920 actu

197 3041 200 3048 Ι
224 2967 323 3050 primo
334 2966 538 3044 substantiali,
550 2974 581 3030 ει
591 2969 729 3030 virtutem
741 2968 866 3030 activam
878 2988 933 3049 pro
944 2967 1062 3029 actibus
1071 2965 1326 3034 accidentalibus:

224 3087 255 3140 et
276 3077 404 3142 dicimus
424 3079 577 3141 materiam
595 3099 650 3160 pro
669 3076 874 3159 receptivitate
894 3084 980 3139 actus
998 3076 1089 3160 primi
1111 3098 1166 3140 seu
1183 3076 1325 3142 substan-

224 3189 314 3267 tialis,
330 3196 361 3252 et
372 3190 575 3272 passivitatem
589 3189 718 3251 moterlo
735 3187 769 3249 in
791 3185 898 3250 ordine
912 3185 952 3249 ad
967 3196 1085 3250 motum
1101 3185 1325 3266 accidentalem,

223 3299 276 3382 qui
299 3299 331 3362 in
354 3299 480 3362 materia
502 3296 686 3381 receptibilis
707 3305 763 3360 εει.
810 3296 901 3359 Ratio
919 3304 975 3375 est,
991 3297 1063 3381 quia
1082 3297 1180 3362 forma
1197 3319 1260 3362 non
1278 3310 1324 3363 est

221 3410 406 3494 principium
422 3411 554 3473 activum
569 3408 766 3493 completum,
776 3407 836 3470 nisi
851 3407 891 3471 sit
900 3408 1062 3472 terminata
1073 3407 1113 3472 ad
1127 3431 1212 3472 suam
1228 3419 1323 3474 mate·

221 3521 307 3600 nam,
325 3529 356 3584 et
383 3521 510 3584 materia
533 3543 596 3583 non
623 3530 669 3582 εει
695 3518 880 3604 principium
901 3519 1066 3603 passivum,
1089 3520 1149 3582 nisi
1166 3520 1206 3584 sit
1223 3521 1323 3604 primo

222 3641 343 3697 actuata
362 3631 395 3694 in
416 3655 481 3695 esse
500 3653 554 3716 per
572 3631 713 3694 formam.
758 3631 800 3694 Et
821 3630 913 3693 simili
932 3631 1024 3695 modo
1041 3640 1129 3695 actus
1144 3630 1261 3714 primus
1276 3633 1323 3697 in-

221 3744 361 3807 tellectus
376 3767 437 3808 non
454 3753 499 3808 est
515 3742 688 3817 intellectus
703 3742 820 3806 activus
835 3743 1005 3826 completus
1019 3743 1052 3805 in
1068 3766 1124 3808 suo
1138 3766 1203 3807 esse
1221 3744 1322 3823 activi,

222 3854 282 3918 nisi
305 3857 344 3919 sit
362 3856 526 3919 intrinsece
545 3855 726 3918 terminatus
749 3854 787 3917 ad
804 3877 894 3918 suum
908 3877 974 3918 esse
988 3854 1189 3939 intelligibile,
1205 3867 1236 3919 et
1250 3878 1322 3920 con-

220 3971 367 4031 stituatur
381 3976 452 4031 actu
468 3966 566 4031 sciens
582 3989 613 4030 se
628 3989 711 4030 esse:
734 3974 765 4030 et
786 3965 1022 4050 intelligibilitas
1040 3967 1088 4030 sui
1108 3989 1253 4033 essenon
1275 3978 1322 4033 est

221 4079 380 4162 passivitas
400 4077 624 4156 intellectualis,
641 4077 700 4140 nisi
720 4078 752 4139 in
773 4087 924 4161 quantum
942 4079 1194 4164 actuaturprimo
1209 4079 1322 4144 inesse

218 4202 384 4274 peractum
396 4191 530 4274 primum
542 4189 787 4252 intellectualem.
820 4189 982 4253 Terminus
993 4189 1051 4253 iste
1060 4190 1160 4274 primo
1170 4200 1318 4271 actuatus,

219 4303 281 4386 qui,
304 4312 340 4366 ut
363 4311 515 4382 actuatus,
533 4302 607 4366 dicit
628 4301 797 4385 potentiam
822 4302 971 4386 passivam
986 4301 1168 4382 intellectus,
1184 4314 1231 4368 est
1246 4304 1319 4368 sub-
