3200 4975
186 361 255 404 crs.
273 340 327 423 ιι]
497 362 539 403 ou
557 362 758 405 sunsrrurm
774 361 975 404 srrmroanr.
1255 337 1295 398 77

188 524 385 607 spiritualiter
404 525 566 609 operando,
583 525 614 588 id
629 525 713 609 quod
731 525 863 588 habebat
889 531 960 587 ante
987 520 1205 607 separationem
1233 503 1293 583 sub

190 635 417 699 conditionibus
432 638 615 720 quibusdam
631 636 849 700 materialibus.

233 747 332 809 Dices.
378 746 461 829 Ergo
482 747 662 810 resurrectio
688 746 790 810 trahet
819 748 936 809 animas
962 767 980 807 a
1000 744 1124 807 meliore
1148 750 1230 805 statu
1254 741 1293 804 ad

189 860 333 942 peiorem.
381 859 449 923 Hoc
464 867 565 922 autem
582 866 628 921 est
642 858 868 921 inconveniens.

235 971 427 1055 Respondeo.
474 970 507 1033 Si
527 991 653 1054 corpora
670 970 830 1033 beatorum
853 970 884 1031 in
908 968 1127 1031 resurrectione
1150 966 1297 1030 deberent
1376 980 1379 987 '

192 1104 257 1145 esse
268 1083 369 1166 qualia
383 1105 467 1146 nunc
482 1091 564 1160 sunt,
577 1081 715 1167 profecto
729 1080 838 1144 animae
849 1103 867 1143 a
879 1089 962 1143 statu
977 1080 1099 1143 meliore
1111 1078 1148 1142 ad
1164 1079 1296 1163 peiorem

194 1216 282 1257 ruere
311 1194 503 1257 viderentur:
528 1193 582 1257 sed
610 1215 736 1277 corpora
764 1192 923 1255 beatorum
954 1199 1044 1255 erunt
1073 1190 1232 1267 eiusmodi,
1263 1199 1298 1253 ut

193 1304 279 1367 nullo
294 1305 385 1367 modo
407 1304 575 1388 impediant
603 1304 794 1387 spiritualem
824 1304 1041 1388 operationem,
1070 1302 1175 1379 immo,
1197 1310 1233 1363 ut
1256 1302 1298 1363 ait

195 1418 226 1480 S.
251 1416 387 1494 Paullus,
416 1419 576 1479 seminatur
605 1438 709 1499 cmpos
737 1416 873 1492 animale,
903 1423 1003 1497 serpet
1032 1435 1137 1496 cmpos
1165 1412 1299 1495 spiritale

198 1531 240 1610 (1.
257 1529 327 1591 Cor.
346 1532 396 1591 15.
412 1529 488 1610 dal:
512 1538 543 1591 et
566 1528 634 1591 ideo
655 1536 769 1591 statum
790 1527 962 1590 animarum
983 1548 1046 1590 non
1065 1525 1193 1589 reddent
1216 1525 1297 1609 peio-

195 1663 269 1717 rem,
286 1640 339 1703 sed
359 1640 514 1703 meliorem
534 1639 768 1717 accidentaliter,
792 1639 826 1701 in
850 1648 1001 1723 quantum
1025 1637 1135 1700 animae
1150 1658 1220 1700 cum
1236 1636 1299 1699 suis

196 1752 372 1835 corporibus
390 1760 535 1835 poterunt
555 1774 590 1815 ea
604 1752 716 1829 omnia,
741 1773 809 1834 quae
826 1759 968 1834 poterant
988 1750 1053 1813 sine
1076 1747 1146 1827 illis,
1171 1755 1202 1810 et
1217 1769 1299 1831 quae·

197 1865 267 1927 dam
283 1864 341 1926 alia
359 1873 513 1947 praeterea.
561 1864 679 1926 Animae
693 1884 763 1926 vero
784 1862 998 1926 damnatorum
1014 1859 1127 1923 amalo
1149 1866 1242 1936 statu,
1266 1859 1298 1921 in

197 1996 258 2058 quo
274 1983 357 2052 sunt,
373 1973 413 2037 ad
423 1974 553 2058 peiorem
570 1974 745 2037 transibunt
760 1996 815 2056 per
830 1971 1091 2049 resurrectionem,
1107 1970 1180 2053 quia
1194 1991 1299 2033 eorum

197 2108 323 2177 corpora
337 2095 427 2149 eruut
443 2087 514 2149 novi
528 2086 640 2148 doloris
655 2086 869 2147 instrumenta.

241 2198 294 2260 58.
318 2195 436 2260 Censeo
450 2197 555 2279 igitur,
579 2196 712 2259 animam
734 2196 901 2259 humanam
921 2215 984 2258 non
1003 2194 1123 2258 differre
1138 2194 1176 2258 ab
1191 2193 1300 2277 angelo

198 2309 231 2370 in
246 2307 362 2371 ratione
377 2308 516 2391 specifica
531 2308 709 2371 substantiae
725 2306 902 2391 spiritualis,
919 2306 972 2369 sed
987 2314 1083 2368 totam
1099 2305 1299 2369 differentiam

199 2421 271 2483 oriri
286 2444 321 2483 ex
336 2420 509 2483 conditione
525 2428 555 2483 et
571 2428 663 2497 statu,
684 2420 717 2482 in
738 2441 799 2504 quo
826 2418 1006 2481 naturaliter
1032 2426 1159 2481 creatur.
1205 2417 1301 2479 Exeo

198 2533 290 2610 enim,
307 2532 388 2617 quod
404 2541 521 2596 creetur
538 2533 571 2595 in
593 2554 727 2616 corpore,
752 2531 949 2614 consequitur
968 2539 998 2592 et
1014 2552 1098 2593 amor
1113 2529 1255 2612 corporis,
1271 2538 1302 2592 et

199 2645 332 2707 actuatio
347 2644 489 2728 principii
508 2643 608 2706 vitalis
632 2643 802 2707 secundum
828 2664 898 2704 eum
918 2641 1047 2724 gradum
1064 2641 1116 2724 qui
1132 2639 1244 2703 dicitur
1259 2641 1303 2702 vis

199 2754 353 2833 sensitiva,
369 2777 437 2838 quae
451 2763 497 2817 est
512 2755 544 2816 in
566 2754 674 2837 spiritu
698 2753 878 2830 eminenter,
897 2774 953 2815 neo
968 2751 1122 2814 invenitur
1136 2749 1303 2814 formaliter

200 2866 260 2928 nisi
275 2888 329 2950 per
343 2866 586 2929 coniunctionem
609 2888 679 2928 cum
705 2887 839 2948 corpore,
860 2872 891 2926 et
905 2863 950 2926 vis
965 2861 1172 2944 imaginativa,
1188 2869 1219 2924 et
1234 2882 1305 2944 pro·

201 2966 287 3060 prius
308 2976 418 3040 modus
441 2977 616 3060 perficiendi
641 2976 834 3060 operationes
861 2973 1033 3058 spirituales
1060 2995 1129 3036 curn
1155 2969 1305 3035 concursu

202 3090 303 3172 aliquo
317 3088 543 3152 instrumentali
557 3088 604 3151 vel
619 3088 725 3150 saltem
741 3109 812 3150 cum
827 3085 977 3149 reactione
998 3105 1181 3167 organorum
1200 3105 1305 3166 corpo-

202 3223 333 3278 reorum,
363 3208 394 3262 et
423 3200 569 3263 memoria
604 3198 804 3276 sensibilium,
835 3205 865 3260 et
895 3197 953 3259 alia
982 3196 1094 3272 omnia,
1126 3195 1162 3258 de
1192 3195 1304 3278 quibus

203 3311 338 3374 dicemus
354 3310 513 3396 specialius
527 3311 559 3373 in
575 3311 715 3395 sequenti
730 3318 872 3374 tractatu.

248 3423 330 3487 Hinc
344 3424 472 3508 quaestio
488 3423 548 3502 illa,
560 3432 658 3486 utrum
673 3423 807 3505 qualibet
823 3423 922 3484 aalma
931 3417 1028 3504 possit
1044 3419 1202 3504 informare
1217 3420 1307 3502 quod·

204 3537 273 3598 libet
287 3557 400 3618 cmpos,
415 3536 566 3617 capotius
583 3556 765 3616 unaquaque
788 3534 886 3596 auimo
907 3533 1180 3614 habeut'epeciulem
1196 3533 1306 3614 aptitu-

202 3648 297 3710 dinem
312 3647 352 3709 ud
364 3668 468 3727 cmpos
483 3647 562 3729 qood
574 3625 912 3728 informat,resolvenda
927 3651 983 3720 est,
996 3651 1031 3706 ut
1046 3665 1163 3720 censeo,
1180 3642 1307 3706 dicendo

204 3771 366 3843 utramque
381 3767 498 3841 partem
515 3780 580 3821 esse
594 3779 695 3821 veram
712 3756 768 3820 sub
789 3756 907 3819 diversa
931 3756 1180 3819 consideratione.
1226 3754 1307 3818 Nam

205 3879 237 3934 ct
252 3869 395 3954 quaelibet
421 3869 534 3947 anima,
560 3868 622 3932 sive
648 3867 890 3932 substantialiter
915 3865 1084 3951 perfectior,
1112 3865 1173 3930 sive
1198 3865 1309 3949 imper-

203 3981 319 4059 fectior,
343 4001 407 4042 non
433 3979 534 4064 magis
560 3979 696 4063 postulat
724 3979 782 4041 hoc
812 3998 921 4061 corpus
951 3999 1043 4060 quam
1072 3975 1159 4054 illud,
1183 3975 1253 4038 licet
1276 3976 1309 4038 in

204 4086 314 4176 genere
329 4092 482 4176 loquendo
502 4091 640 4155 videatur
666 4111 843 4174 congruere,
865 4099 901 4153 ut
916 4089 1025 4153 animae
1043 4088 1185 4152 nobiliori
1200 4110 1310 4171 corpus

205 4203 303 4287 magis
326 4203 494 4287 perfectum
522 4203 745 4286 coniungatur:
770 4208 853 4263 etex
873 4199 932 4262 alia
952 4209 1047 4283 parte,
1075 4221 1110 4263 eo
1136 4199 1202 4283 ipso
1228 4197 1310 4282 quod

204 4315 274 4378 talis
289 4315 391 4378 anima
412 4313 467 4378 tali
488 4316 604 4397 corpori
631 4311 822 4390 infundatur,
850 4309 1047 4393 consequitur
1072 4332 1157 4372 amor
1182 4309 1247 4371 eius
1273 4308 1310 4372 ad
