3200 4975
226 331 300 375 aar.
318 313 372 396 11.]
685 336 727 378 nn
745 336 890 380 nonina.
1272 313 1335 376 193

226 495 264 558 ab
285 496 513 580 operationibus
528 498 597 563 vita
620 500 780 578 sensitiva,
804 510 835 564 et
851 503 914 563 vice
929 523 1021 564 versa.
1068 500 1152 583 Ergo
1174 521 1236 561 non
1260 505 1333 560 sunt

228 606 260 669 in
277 607 402 672 homine
421 608 524 692 plures
547 611 665 673 animae.
712 611 802 674 Hanc
824 613 972 674 rationem
996 610 1122 693 attingit
1146 609 1178 672 S.
1201 609 1334 672 Thomas

229 718 285 781 loc.
296 719 347 784 cit.
396 721 462 784 Una
477 723 606 804 operatio
621 724 733 800 anime,
750 745 838 806 qaam
845 723 942 806 ficerat
958 725 1080 800 interero,
1097 721 1215 804 impedit
1223 720 1332 783 oliam:

226 832 305 912 qaod
324 832 404 895 null>
426 833 509 895 modo
531 835 719 916 contiaperet,
742 836 800 898 nisi
816 836 996 918 peramplam
1018 835 1164 897 actionum
1185 840 1258 895 esset
1274 853 1333 913 per

227 946 380 1008 essentiam
394 967 493 1007 anum

271 1055 383 1135 Tertio,
399 1056 425 1118 si
440 1056 542 1119 anima
556 1057 713 1120 rationalis
727 1058 761 1120 in
776 1057 901 1120 homine
922 1056 1163 1140 distingueretur
1177 1053 1214 1118 ab
1230 1054 1333 1120 anima

228 1166 381 1245 sensitiva,
410 1176 513 1251 posset
542 1168 650 1253 utique
679 1169 765 1232 Deus
795 1168 966 1253 relinquere
989 1167 1022 1231 in
1046 1189 1169 1251 corpore
1198 1165 1333 1228 hominis

228 1279 359 1343 animam
390 1280 565 1344 sensitivam
595 1281 695 1345 ablata
724 1281 865 1345 rationali
872 1307 882 1360 3
906 1296 937 1344 et
960 1281 1002 1344 sic
1024 1288 1127 1365 posset
1148 1301 1184 1344 ex
1209 1278 1333 1342 homine

227 1391 292 1455 fieri
321 1390 448 1455 brutum
470 1393 537 1456 sine
558 1392 622 1455 ulla
642 1415 721 1456 nova
749 1393 847 1456 forma
876 1393 1026 1477 specifica.
1071 1391 1139 1455 Hoc
1161 1398 1263 1456 autem
1286 1398 1334 1454 est

204 1503 393 1568 absurdum
403 1531 413 1584 3
437 1505 510 1589 quia
537 1504 748 1589 praesupponit
776 1504 932 1568 hominem
961 1504 1103 1588 componi
1126 1527 1162 1566 ex
1185 1503 1277 1566 bruto
1300 1511 1332 1566 et

226 1615 395 1695 intellectu,
411 1638 466 1680 seu
480 1616 592 1685 habere
607 1617 736 1680 formam
751 1617 922 1701 specificam
937 1615 1022 1680 bruti
1036 1638 1106 1679 cum
1123 1615 1220 1679 forma
1235 1615 1331 1699 speci-

226 1727 284 1790 fica
298 1726 442 1792 hominis.
486 1726 579 1803 Quod
593 1737 697 1792 autem
711 1728 798 1792 Deus
813 1737 914 1813 posset
934 1751 1072 1813 separare
1091 1728 1225 1790 animam
1240 1726 1331 1790 ratio-

228 1838 339 1918 nalem,
362 1847 447 1929 patet
473 1861 527 1923 per
548 1839 616 1918 hoc,
638 1839 730 1924 quod,
755 1841 857 1924 siper
882 1840 972 1904 aliam
1002 1839 1136 1903 animam
1164 1840 1256 1903 homo
1286 1845 1333 1900 est

228 1948 350 2028 animal,
362 1959 394 2013 et
405 1973 458 2034 per
472 1951 561 2014 aliam
577 1950 679 2029 homo,
692 1951 845 2035 contingit
859 1951 931 2015 huic
946 1951 1071 2014 animali
1085 1973 1150 2014 esse
1165 1949 1332 2027 hominem,

229 2083 285 2124 nec
300 2060 476 2124 humanitas
491 2069 538 2125 est
553 2061 591 2124 de
606 2062 672 2125 eius
687 2062 827 2141 essentia,
844 2062 897 2126 sed
912 2061 987 2146 quid
1003 2060 1242 2145 superadditum.

273 2171 401 2250 Quarto,
414 2193 450 2234 ex
462 2182 560 2236 morte
574 2172 708 2235 hominis
723 2183 858 2257 apparet,
874 2174 995 2236 unicam
1007 2173 1040 2235 in
1052 2196 1087 2236 eo
1099 2196 1163 2236 esse
1178 2173 1330 2249 animam,

229 2305 399 2366 numquam
422 2283 504 2346 enim
526 2290 631 2347 manet
650 2283 683 2347 in
701 2283 844 2347 cadavere
859 2292 912 2348 aut
927 2284 989 2348 vita
1006 2283 1148 2346 sensitiva
1164 2283 1228 2346 sine
1243 2282 1333 2346 intel-

229 2393 348 2472 lectiva,
361 2403 416 2457 aut
430 2394 614 2459 intellectiva
634 2395 700 2458 sine
722 2394 874 2459 sensitiva.
898 2396 899 2400 ’
922 2396 954 2459 si
969 2403 1072 2458 autem
1087 2406 1188 2458 essent
1204 2395 1272 2458 duae
1287 2393 1334 2458 vel

228 2504 331 2588 plures
343 2505 461 2584 animae,
474 2528 536 2569 non
548 2516 673 2590 apparet
687 2529 741 2571 cur
756 2506 899 2571 discessio
915 2509 1006 2571 unius
1020 2530 1141 2591 semper
1154 2508 1332 2592 importaret

230 2615 444 2680 discessionem
461 2617 596 2682 alterius.

273 2727 401 2807 Quinto,
432 2729 522 2792 unica
550 2730 652 2793 anima
680 2731 864 2795 intellectiva
893 2731 982 2815 plene
1012 2730 1121 2795 sufficit
1151 2730 1268 2794 homini
1292 2729 1332 2793 ad

229 2862 336 2903 omnes
361 2864 431 2903 suas
455 2841 661 2925 operationes3
692 2864 765 2925 ergo
787 2865 850 2905 non
872 2853 944 2906 sunt
968 2842 1119 2925 fingendae
1148 2842 1243 2925 gratis
1267 2841 1332 2905 aliae

230 2952 347 3015 animae.
392 2952 584 3015 Antecedens
604 2952 759 3036 probatur.
806 2953 887 3016 Nam
903 2953 1004 3016 anima
1021 2952 1205 3016 intellectiva
1220 2952 1332 3015 virtute

230 3066 364 3128 eontinet
380 3064 412 3128 id
427 3064 510 3149 quod
525 3066 668 3128 sensitiva
685 3065 787 3145 habet,
808 3074 839 3129 et
861 3065 960 3129 adhuc
983 3065 1123 3149 amplius.
1170 3064 1237 3128 Iam
1253 3085 1331 3142 vere,

230 3177 353 3261 quando
368 3178 470 3241 anima
484 3177 662 3241 huiusmodi
676 3178 851 3241 infunditur
870 3176 997 3261 corpori,
1012 3186 1098 3241 actus
1113 3175 1213 3241 vitalis
1227 3177 1332 3238 termi-

229 3303 322 3353 natur
336 3289 376 3353 ad
390 3311 499 3374 corpus
517 3290 550 3352 in
572 3312 633 3374 quo
654 3290 817 3374 recipitur:
840 3312 937 3373 quum
959 3300 1062 3353 autem
1085 3287 1236 3372 quidquid
1258 3287 1333 3351 reci-

231 3400 314 3485 pitur
329 3399 492 3485 recipiatur
509 3401 678 3464 secundum
699 3400 825 3464 modum
841 3401 1024 3485 recipientis,
1040 3409 1071 3463 et
1086 3422 1195 3485 eorpus
1210 3400 1332 3483 organi-

231 3534 301 3576 cum
326 3511 366 3575 sit
386 3512 571 3595 receptivum
587 3514 657 3576 vitae
688 3514 838 3576 sensitivae
861 3536 915 3575 seu
937 3512 1086 3591 animalis
1118 3513 1219 3575 anima
1241 3511 1330 3575 intel-

230 3621 338 3686 lectiva
353 3622 488 3686 actuabit
502 3624 595 3687 vitam
610 3623 771 3688 animalem
787 3634 818 3687 et
839 3625 1014 3699 sensitivam
1034 3626 1067 3687 in
1090 3646 1224 3708 corpore.
1270 3624 1332 3687 Res

230 3744 277 3798 est
299 3733 425 3798 omuino
448 3735 549 3818 plana,
571 3758 627 3799 nec
650 3735 792 3801 ulteriore
813 3736 956 3821 indigens
985 3737 1194 3821 explicatione.
1240 3736 1332 3813 Quod

231 3857 334 3910 autem
350 3845 460 3910 attinet
474 3847 513 3910 ad
533 3847 627 3911 vitam
643 3849 854 3930 vegetativam,
874 3873 909 3912 ea
926 3850 999 3918 mihi
1015 3848 1134 3914 videtur
1153 3848 1256 3933 perlici
1276 3870 1333 3932 per

231 3959 309 4023 vires
324 3959 468 4036 materiae,
484 3958 559 4042 quin
575 3982 697 4022 necesse
712 3960 751 4022 sit
765 3983 878 4044 ponere
898 3962 930 4023 in
951 3958 1053 4024 anima
1074 3960 1197 4045 aliquod
1219 3960 1332 4044 princi-

231 4070 317 4153 pium
329 4070 534 4152 vegetativum
550 4070 652 4133 stricte
668 4081 836 4156 sumptum,
852 4081 887 4136 ut
903 4072 965 4136 dixi
979 4074 1012 4135 in
1027 4081 1158 4149 tractatu
1173 4073 1212 4136 de
1222 4074 1333 4157 primis

231 4182 389 4265 principiis
400 4177 431 4244 nss
443 4182 484 4245 63
496 4209 503 4246 r
527 4190 557 4245 et
572 4181 643 4245 addi
659 4193 759 4265 potest
773 4185 850 4247 ratio
865 4186 968 4247 efficax
980 4185 1019 4249 ad
1033 4184 1114 4249 idem
1129 4185 1333 4269 probandum.

234 4292 316 4356 Nam
331 4293 518 4359 vita-stricte
541 4305 673 4378 sumpta,
693 4295 761 4358 ideo
784 4296 856 4380 quia
878 4305 1032 4361 exercetur
1054 4320 1108 4381 per
1130 4298 1335 4381 operationem

294 4424 369 4467 vot.
386 4424 425 4468 11.
