3200 4975
220 352 291 396 car.
309 333 379 417 nn]
679 358 721 400 nu
740 358 887 401 nomina.
1262 336 1326 397 259

263 520 454 605 Respondes,
467 522 584 586 unllam
598 523 697 587 ideam
713 547 778 589 esse
793 522 1025 587 constitutivum
1040 520 1199 586 essentiale
1214 520 1323 584 animae

219 631 420 712 intellectivae,
442 634 506 713 sed,
525 634 624 720 posita
648 625 750 699 anima
771 634 966 713 intellectiva,
988 633 1154 699 necessario
1178 641 1209 697 et
1225 637 1323 696 ¹natu-

218 742 322 809 raliter
344 746 430 831 sequi
450 745 853 832 debereapprehensionem
876 746 1019 832 aliquam,
1035 754 1066 809 et
1087 745 1191 809 haberi
1212 743 1322 808 ideam.

218 855 322 920 Prima
342 879 413 941 pars
427 867 530 943 patet;
553 882 625 923 uam
641 881 738 943 quum
760 858 871 923 habere
890 857 989 922 ideam
1010 856 1160 942 significat
1174 876 1211 920 ex
1233 854 1322 919 dictis

218 968 329 1032 bebere
338 968 469 1053 speciem
478 969 703 1055 intelligibilem
712 971 744 1033 in
754 970 929 1055 passivitate
937 968 1122 1033 intellectiva
1132 966 1321 1051 impressam,

217 1088 249 1143 et
274 1080 382 1144 saltem
408 1082 501 1146 semel
526 1082 639 1146 directe
661 1089 845 1167 perceptam,
867 1081 992 1145 omnino
1015 1080 1138 1144 evidens
1164 1085 1219 1157 est,
1238 1076 1322 1162 quod

217 1190 329 1255 babere
353 1192 453 1257 ideam
477 1202 523 1257 est
552 1193 664 1257 habere
687 1214 753 1256 esse
781 1191 984 1256 accidentale:
1007 1199 1038 1254 et
1064 1189 1132 1254 ideo
1156 1188 1234 1267 idea,
1253 1210 1321 1273 quae

216 1300 356 1382 babetur,
365 1302 451 1367 nullo
467 1303 557 1367 modo
572 1312 674 1388 potest
683 1302 868 1367 constituere
881 1302 1084 1367 substantiam
1095 1302 1142 1365 vel
1156 1300 1319 1365 essentiam

215 1411 334 1490 animae,
351 1412 404 1477 sed
425 1414 634 1499 praesupponit
657 1414 792 1478 animam
810 1414 844 1477 in
867 1436 921 1477 sua
939 1412 1070 1477 essentia
1094 1421 1125 1477 et
1148 1410 1320 1475 substantia

215 1522 372 1609 adaequate
386 1527 596 1590 constitutam.
640 1526 724 1610 Ergo
732 1525 819 1590 nulla
833 1524 901 1589 idea
915 1534 961 1589 est
976 1523 1145 1589 essentialis
1157 1522 1265 1587 animae
1280 1520 1319 1585 ad

215 1657 283 1699 eam
298 1636 543 1701 constituendam
558 1637 590 1700 in
606 1660 662 1701 sno
677 1659 752 1701 esse.

259 1748 368 1824 Quoad
391 1748 555 1813 secundam
579 1758 708 1834 partem,
722 1747 893 1813 notandum
918 1755 974 1827 cst,
990 1744 1074 1831 quod
1100 1768 1196 1832 quum
1217 1744 1319 1808 anima

214 1856 340 1944 incipiat
355 1882 421 1924 esse
435 1860 468 1923 in
487 1882 612 1944 corpore
626 1860 779 1944 organico,
796 1858 879 1945 qnod
901 1859 1061 1923 necessario
1078 1858 1183 1941 recipit
1197 1858 1319 1941 impres·

212 1972 308 2035 aiones
332 1972 371 2035 ab
394 1972 461 2036 aliis
487 1971 614 2036 obiectis
637 1972 798 2056 corporeis,
824 1970 927 2035 statim
954 1969 1044 2034 debet
1070 1968 1186 2053 aliquid
1209 1990 1319 2053 appre-

214 2081 347 2147 hendere
361 2091 428 2146 tum
443 2082 612 2147 secundum
627 2082 760 2167 aliquam
775 2082 923 2146 rationem
940 2078 1113 2145 sensibilem
1129 2079 1249 2163 (saltem
1263 2100 1319 2164 per
1345 2062 1351 2075 ⁴

213 2196 343 2277 tactum)
371 2203 439 2258 tum
477 2194 645 2259 secundnm
674 2194 807 2279 aliquam
837 2194 986 2258 rationem
1015 2191 1239 2276 intelligibilem
1272 2188 1320 2274 (nt

213 2303 361 2368 rationem
387 2304 467 2369 entis
489 2304 648 2369 cuiindam
670 2304 888 2388 determinati),
904 2304 984 2389 qnia,
1009 2312 1045 2368 ut
1070 2325 1163 2389 snpra
1191 2302 1319 2387 explica·

212 2416 323 2496 vimus,
339 2416 463 2502 quando
476 2416 630 2481 obiectum
644 2424 680 2480 ut
695 2416 838 2481 sensibile
858 2416 1007 2502 imprimit
1022 2415 1152 2501 speciem
1174 2414 1207 2478 in
1221 2415 1318 2501 passi-

213 2529 307 2593 vitate
317 2551 435 2610 sensus,
445 2538 481 2594 ut
492 2529 685 2614 intelligibile
695 2530 845 2614 imprimit
855 2528 947 2594 etiam
959 2528 1089 2612 speciem
1100 2527 1133 2591 in
1145 2527 1320 2614 passivitate

213 2639 403 2717 intellectus,
443 2639 515 2720 Sed,
530 2649 566 2704 ut
588 2663 688 2725 nuper
702 2649 859 2704 ostensum
882 2648 929 2704 est
947 2639 990 2722 (n.
1006 2641 1073 2723 95),
1088 2639 1188 2723 posita
1208 2637 1319 2702 actuali

214 2752 412 2836 impressione
445 2753 564 2838 speciei,
595 2753 732 2838 sequitur
761 2752 928 2816 necessario
957 2761 1043 2816 actus
1072 2749 1184 2815 directe
1213 2771 1319 2834 appre-

215 2863 389 2943 hendendi3
418 2886 491 2949 ergo
520 2865 623 2928 anima
653 2863 765 2927 directe
787 2861 904 2946 aliquid
932 2862 1090 2926 intellectu
1118 2860 1327 2947 apprehendit

214 2973 288 3040 dum
314 2972 429 3060 aliquid
449 2997 541 3039 sensu
563 2973 773 3060 apprehendit.
820 2972 911 3036 Unde
931 2973 1031 3036 infans
1054 2973 1153 3037 adhuc
1175 2963 1209 3036 in
1231 2987 1322 3036 utero·

211 3191 368 3247 ministrant
378 3191 494 3247 totidem
505 3192 635 3247 terminos
646 3193 852 3266 comparationis
868 3192 1018 3260 distinctos,
1036 3192 1133 3265 quibus
1147 3191 1317 3247 innotescant

212 3278 360 3346 facrrltates,
373 3295 390 3332 a
401 3277 499 3350 quibus
509 3280 671 3350 procedunt:
690 3286 744 3334 eta
755 3279 861 3335 diversa
873 3284 982 3334 sctnum
994 3286 1092 3334 natura
1102 3279 1220 3334 diversas
1231 3279 1317 3334 facul-

211 3368 283 3418 tates
294 3365 454 3436 colligimus,
467 3370 495 3419 et
506 3365 631 3438 ponimus
644 3383 729 3419 unum
747 3371 839 3421 actum
854 3367 980 3438 primum,
993 3384 1010 3420 a
1021 3384 1074 3437 quo
1086 3365 1232 3438 procedant
1243 3371 1318 3420 actus

213 3451 401 3522 accidentales,
419 3452 467 3524 qui
483 3470 567 3508 unam
586 3470 757 3507 communem
780 3453 914 3507 rationem
936 3453 1107 3526 participant,
1126 3453 1210 3507 alium
1227 3458 1317 3507 actum

212 3534 338 3606 primum,
362 3553 379 3590 a
403 3554 457 3608 qno
480 3537 627 3608 procedant
653 3543 729 3592 actus
757 3537 944 3606 accidentales,
968 3537 1016 3609 qui
1040 3537 1123 3593 aliam
1146 3539 1317 3592 communem

212 3621 346 3676 rationem
363 3623 540 3695 participant:
565 3624 667 3695 hosque
685 3630 761 3678 actus
778 3623 880 3696 primos
900 3641 1026 3680 vocamus
1047 3624 1190 3680 facilitates
1207 3629 1318 3679 actuum

213 3708 421 3763 accidentalium
444 3708 585 3779 elicitivas,
607 3716 636 3764 et
655 3709 695 3764 sic
715 3710 902 3781 cognoscimus
924 3710 1060 3783 potentias
1084 3711 1190 3779 animae,
1209 3727 1240 3764 ac
1257 3727 1318 3782 per-

213 3794 338 3848 venimus
362 3795 545 3866 componendo
568 3797 604 3850 ad
627 3802 788 3867 conceptum
812 3797 984 3867 adaequatum
1009 3797 1121 3850 animae:
1146 3796 1193 3868 qui
1211 3815 1242 3849 eo
1260 3797 1318 3868 ipsc

212 3880 285 3951 quod
302 3898 337 3934 ex
354 3881 546 3953 compositione
562 3882 684 3953 resultat,
702 3883 807 3955 analysi
817 3871 922 3937 resolvi
940 3889 1037 3955 potest,
1054 3889 1082 3937 et
1093 3883 1212 3956 praebere
1224 3884 1317 3954 cogni-

211 3966 314 4020 tionem
334 3967 492 4022 distinctam
508 3967 579 4022 circa
596 3968 668 4040 quod
679 3969 746 4041 quid
763 3976 805 4024 est
823 3969 930 4024 animae.
965 3970 1035 4024 Haec
1053 3987 1115 4042 ergo
1127 3969 1245 4041 cognitio
1263 3987 1318 4024 non

212 4052 314 4106 eruitur
325 4070 360 4106 ex
372 4053 429 4106 sola
444 4053 591 4108 intuitione
607 4055 708 4127 proprii
720 4055 786 4125 Epo,
806 4056 853 4109 ssd
871 4073 905 4108 ex
922 4057 1090 4126 praecedente
1107 4055 1318 4110 consideratione

214 4144 325 4193 actium
342 4140 557 4209 accidentalium,
582 4159 726 4213 eorumque
747 4141 947 4197 coordinatione
965 4142 1015 4196 sub
1033 4142 1182 4197 rationibus
1198 4161 1319 4198 commn-

214 4227 302 4300 uibus,
320 4234 352 4282 ut
369 4230 473 4284 dictum
494 4235 550 4284 est:
569 4247 651 4301 quare
672 4230 754 4283 etiam
775 4248 830 4283 non
851 4235 892 4284 est
912 4231 1018 4302 proprie
1039 4231 1157 4303 cognitio
1177 4249 1233 4286 suae
1255 4231 1319 4286 sub-

212 4312 330 4382 stantia,
340 4319 372 4366 ut
383 4313 431 4383 sic,
447 4315 494 4368 sod
507 4331 562 4369 suaa
575 4321 687 4385 naturae,
701 4331 785 4386 quum
796 4321 894 4369 natura
905 4315 941 4368 sit
953 4315 1116 4387 principium
1128 4316 1318 4387 operationum.

1096 4415 1147 4476 s2
