3200 4975
214 342 357 425 σπῆι]
528 363 570 408 nn
588 364 786 409 maurusam
800 365 1000 411 armanum.
1271 350 1313 411 53

214 529 257 590 ibi
273 528 367 591 solam
381 537 425 592 cst
444 528 519 593 imm
540 533 663 595 essentia
685 539 715 595 et
733 531 877 610 voluntas,
891 533 942 595 ali
965 531 1097 595 totaliter
1117 532 1221 596 donam
1243 554 1310 595 con·

215 639 323 702 tinetar
343 640 374 701 in
394 642 518 704 essentia
539 642 669 720 canatis,
685 642 795 706 scilicet
815 644 846 705 in
872 643 947 705 Deo.
993 640 1207 726 Respondetur
1230 666 1309 706 cona.

214 758 275 813 ant.
294 750 362 814 dest.
383 773 461 814 cans.
479 751 523 815 ibi
545 752 644 816 solum
667 763 712 816 cst
734 752 816 817 idem
837 753 968 817 essentia
989 762 1020 817 et
1041 752 1193 833 voluntas,
1208 754 1242 818 id
1263 763 1311 818 est

213 861 322 940 nolitia,
338 861 391 926 nbi
406 863 541 927 totaliter
557 864 673 928 bonum
689 865 864 929 continetur
882 865 915 929 in
930 866 1063 929 essentia
1077 865 1214 945 volentis,
1230 889 1309 959 conc.

214 997 304 1052 carna
321 974 363 1038 ibi
372 975 524 1039 solumest
533 975 614 1040 idem
623 977 752 1041 essentia
761 976 986 1057 etvoluntas‚id
994 976 1309 1058 estlacultasvolitiva,

213 1084 267 1148 ubi
292 1086 426 1151 totaliter
450 1086 566 1151 bonum
588 1088 763 1152 continetur
784 1090 818 1150 in
843 1089 974 1152 esmnfia
995 1087 1133 1168 volentis,
1151 1112 1213 1173 nea.
1231 1112 1309 1154 cons.

213 1197 253 1260 Et
277 1220 349 1262 sane
374 1221 410 1262 ex
435 1199 488 1285 illo
511 1199 717 1279 antecedente,
742 1199 826 1285 qnod
851 1199 975 1284 ponitur
1000 1223 1019 1263 a
1044 1200 1076 1264 S.
1101 1200 1227 1280 Thoma,
1252 1201 1311 1265 hoc

211 1309 313 1373 solnm
333 1309 441 1375 deduci
459 1320 577 1395 potest:
602 1312 685 1394 Enyo
703 1313 744 1375 ibi
760 1312 853 1375 solam
870 1332 1043 1375 vocareris
1063 1321 1092 1376 et
1112 1332 1247 1377 vommo
1266 1321 1310 1377 cst

213 1422 297 1500 idem,
313 1424 363 1486 abi
380 1424 512 1487 totaliter
529 1425 634 1487 bonnm
654 1426 819 1488 continetur
837 1427 869 1487 in
887 1418 1013 1489 essentia
1034 1425 1166 1488 comatis.
1210 1425 1258 1489 Ex
1274 1447 1310 1488 eo

213 1533 293 1595 euim
318 1533 401 1617 quod
424 1534 559 1598 totaliter
587 1534 702 1598 bonum
732 1534 924 1599 contineatur
952 1536 985 1598 in
1015 1535 1146 1599 essentia
1171 1534 1309 1614 volentis,

212 1644 350 1728 sequitur
364 1646 550 1710 voluntatem
565 1668 724 1729 nunquam
740 1668 805 1709 esse
819 1646 852 1708 in
866 1647 1003 1730 potentia
1017 1645 1057 1709 ad
1070 1646 1244 1727 volendum,
1257 1647 1310 1711 sed

122 1782 126 1791 ⁴
212 1778 332 1841 semper
350 1766 384 1821 et
403 1757 603 1821 essentialiter
621 1780 686 1821 esse
708 1758 742 1821 in
759 1765 831 1821 actu
856 1757 1017 1821 volitionis.
1062 1748 1104 1822 Et
1124 1759 1166 1824 sic
1187 1759 1221 1821 in
1242 1760 1309 1824 Deo

212 1868 352 1932 voluntas
374 1878 405 1933 et
419 1868 524 1933 volitio
547 1878 620 1933 sunt
634 1868 734 1932 idem:
758 1868 789 1931 in
814 1877 951 1932 creatura
972 1891 1051 1948 vero,
1067 1893 1135 1955 qnae
1156 1893 1220 1934 non
1237 1894 1308 1935 con-

213 1980 289 2043 tinet
304 1981 438 2045 totaliter
452 1982 568 2045 bonum
583 1981 617 2045 in
632 2003 687 2045 sna
702 1981 842 2059 essentia,
857 1980 997 2044 voluntas
1012 1991 1059 2045 est
1072 1982 1105 2045 in
1120 1985 1256 2067 potentia
1271 1984 1309 2048 ad

211 2091 373 2156 volitiones
386 2091 584 2155 accidentales
592 2116 603 2169 3
625 2100 656 2156 et
672 2091 714 2155 sic
728 2090 869 2155 voluntas
883 2100 914 2154 et
930 2091 1033 2156 volitio
1048 2095 1080 2155 in
1096 2104 1232 2157 creatura
1246 2117 1306 2157 non

212 2202 704 2285 suntidem,seddistingunnt1n
719 2202 797 2265 siout
813 2204 949 2286 potentia
963 2201 1001 2266 ab
1016 2211 1095 2266 actu.
1141 2203 1225 2268 Illud
1240 2228 1309 2268 vero

210 2313 294 2398 quod
312 2314 433 2391 dicitur,
448 2314 636 2378 voluntatem
654 2312 765 2377 habere
787 2313 1004 2377 inclinationem
1025 2314 1058 2377 in
1079 2314 1196 2379 bonum
1218 2325 1307 2380 natu-

210 2424 322 2506 raliter,
332 2447 395 2490 non
409 2425 453 2492 ita
467 2424 676 2510 accipiendum
689 2433 743 2504 est,
754 2425 841 2510 qnasi
855 2424 920 2490 haec
929 2425 1086 2490 inclinatio
1096 2436 1175 2491 esset
1186 2427 1310 2513 aliquod

212 2538 349 2603 accidens
365 2538 551 2616 substantia,
568 2547 621 2602 ant
635 2537 821 2616 voluntatis3
845 2538 898 2602 sed
911 2538 965 2617 ita,
980 2547 1016 2602 ut
1037 2539 1187 2624 significet
1201 2539 1308 2604 volun-

211 2659 306 2715 latem
327 2673 392 2715 essa
415 2660 517 2715 actum
540 2650 772 2714 substantialem
792 2651 824 2713 in
843 2673 875 2713 se
892 2651 1078 2734 completum
1100 2673 1154 2735 per
1175 2673 1308 2743 amorem

212 2764 260 2826 sui
270 2786 343 2841 esse,
356 2762 438 2848 quod
453 2772 499 2826 est
508 2762 624 2826 bonum
635 2761 834 2826 intrinsecum
843 2763 975 2826 amanti:
997 2772 1029 2826 et
1043 2763 1115 2848 quia
1126 2764 1184 2827 hoc
1193 2763 1309 2828 bonum

210 2875 410 2939 intrinsecum
431 2897 493 2938 non
516 2883 562 2938 est
578 2874 709 2938 totaliter
730 2875 835 2938 bonam
856 2896 911 2937 seu
928 2896 990 2937 non
1007 2885 1054 2938 est
1073 2875 1307 2957 omnebonum,

210 2995 295 3052 actus
305 2987 355 3050 ille
367 2985 574 3051 substantialis
583 2985 781 3049 constituitur
789 3007 826 3047 eo
835 2984 902 3069 ipso
913 2987 1084 3069 inpotentia
1093 2986 1133 3050 ad
1143 2987 1307 3052 amandum

210 3098 434 3164 accidentaliter
449 3098 507 3161 alia
521 3097 610 3162 bona.
656 3098 706 3162 Sic
720 3119 793 3181 ergo
814 3097 980 3161 inclinatur
993 3097 1134 3162 voluntas
1148 3100 1187 3161 ad
1202 3122 1306 3164 aman·

210 3209 284 3274 dum
295 3211 420 3290 bonum,
431 3211 509 3274 siout
521 3210 633 3295 quaevis
645 3209 702 3273 alia
717 3210 854 3294 potentia
864 3209 903 3273 ad
913 3232 1002 3273 suum
1015 3220 1116 3274 actum
1126 3212 1308 3280 naturalem.

210 3324 252 3387 At
261 3323 347 3387 nulla
360 3323 497 3408 potentia
508 3322 672 3386 inclinatur
683 3321 721 3386 ad
736 3330 839 3386 actum
847 3344 937 3385 suum
949 3321 1118 3386 naturalem
1127 3345 1182 3408 per
1189 3323 1305 3410 aliquid

209 3433 656 3519 superadditumeiusentitati.
699 3433 782 3516 Ergo
797 3433 1015 3497 necvoluntas.
1059 3434 1101 3518 Et
1112 3436 1184 3520 quia
1194 3436 1306 3502 entitas

208 3545 374 3610 voluntatis
399 3555 446 3608 est
471 3546 537 3629 ipsa
560 3543 731 3609 substantia
753 3544 892 3622 volentia,
911 3543 1057 3630 sequitur,
1078 3545 1302 3613 inclinationem

207 3655 293 3721 illam
308 3679 370 3720 non
386 3680 450 3720 esse
461 3655 577 3741 aliquid
591 3655 821 3740 superadditum
833 3654 1011 3719 substantiae
1021 3656 1160 3736 volentis,
1172 3659 1226 3722 sed
1240 3681 1306 3724 esse

202 3768 453 3851 potentialitatcm
481 3767 629 3832 ulterioris
658 3768 870 3830 terminationis
902 3768 1089 3832 accidentales
1116 3770 1304 3836 resultantem

209 3880 402 3946 essentialiter
416 3903 453 3944 aa
467 3879 640 3944 limitatione
655 3879 723 3942 boni
736 3880 864 3943 contenti
878 3880 910 3942 in
924 3882 1047 3962 essentia
1061 3881 1190 3945 volentis.

251 3995 304 4056 42.
328 3992 425 4056 Venio
449 3991 488 4055 ad
511 3991 676 4054 secundam
697 3999 816 4074 partem
838 3992 1120 4074 argumentationis,
1135 3993 1169 4056 in
1191 4015 1251 4077 qua
1270 3993 1303 4059 S.

207 4102 340 4166 Thomas
351 4104 415 4188 agit
431 4101 468 4166 dc
484 4101 677 4166 distinctione
686 4101 859 4165 intellectus
873 4109 904 4165 et
918 4103 1093 4166 voluntatis.
1138 4104 1179 4168 Et
1193 4106 1305 4189 primo,

208 4215 370 4280 dicendum
384 4224 431 4279 est
448 4214 637 4279 intellectum
653 4221 683 4277 et
705 4212 892 4277 voluntatem
915 4214 1042 4278 interae
1061 4214 1180 4281 differre
1202 4219 1304 4302 quoad

207 4338 385 4414 conceptum
401 4327 569 4405 formalem,
585 4327 663 4392 sicut
678 4326 779 4394 differt
793 4325 1012 4410 incompletum
1027 4350 1045 4391 a
1059 4329 1220 4413 completo.
1256 4331 1302 4394 llx
