3200 4975
287 356 353 419 376
678 374 719 416 nn
737 372 991 417 accrnnumsus.
1232 350 1316 433 [car.
1335 367 1392 411 ιιι.

289 538 460 603 ventionale
474 538 507 602 in
529 539 626 623 specie
641 538 771 617 numeri,
786 537 857 601 licet
880 537 1036 622 quantitas
1050 533 1263 599 mensurabilis
1279 532 1318 597 sit
1333 554 1392 595 suo

290 650 382 714 modo
411 672 465 734 per
495 671 527 713 se
555 670 627 713 una.
677 647 770 724 Quod
794 648 820 711 si
843 647 955 711 habeas
980 655 1026 710 tot
1049 654 1165 730 puncta
1190 644 1289 722 realia,
1313 654 1392 728 quot

290 768 363 825 sunt
385 760 519 845 partium
543 759 762 837 distinctiones,
784 768 868 837 tunc,
889 759 961 844 quia
984 757 1090 841 positis
1113 756 1236 841 punctis
1259 753 1392 819 realibus

290 870 443 947 habentur
464 870 616 939 distantia
635 869 740 947 reales,
755 878 803 935 tot
820 879 910 934 erunt
933 878 1034 953 partes
1054 867 1148 933 reales
1165 866 1260 931 unitae
1276 866 1309 931 in
1324 874 1393 930 toto

290 980 496 1060 mensurabili,
517 989 592 1066 quot
611 989 702 1045 erunt
724 981 879 1046 distantiae
901 980 1014 1044 reales:
1038 988 1068 1043 et
1091 980 1134 1044 sic
1154 1000 1299 1043 numerus
1321 999 1392 1061 par-

290 1092 369 1156 tium
385 1091 493 1156 existet
514 1091 680 1156 formaliter
694 1101 725 1156 et
740 1091 869 1156 discrete
883 1092 916 1154 in
935 1090 1140 1168 mensurabili,
1156 1091 1227 1155 licet
1241 1090 1393 1154 terminus

290 1202 379 1267 realis
393 1204 486 1267 unius
501 1203 540 1268 sit
555 1201 635 1267 reale
648 1203 770 1267 initium
786 1204 931 1281 alterius3
955 1211 986 1267 et
1000 1202 1162 1268 habebitur
1176 1223 1322 1266 numerus
1336 1221 1394 1284 per

291 1337 323 1378 se
337 1336 429 1393 unus,
446 1314 613 1379 dummodo
628 1336 689 1378 una
704 1337 739 1378 ex
755 1314 843 1379 dictis
858 1314 997 1399 partibus
1012 1314 1142 1379 realibus
1158 1314 1321 1399 accipiatur
1334 1332 1393 1395 pro

289 1448 441 1490 mensura.

335 1537 374 1600 In
397 1537 531 1600 secundo
560 1558 633 1601 casu
657 1537 760 1601 unitas
786 1538 999 1601 mensurabilis
1029 1546 1073 1600 est
1100 1537 1188 1600 realis
1211 1535 1251 1599 ob
1280 1534 1390 1598 realem

290 1648 434 1712 unionem
450 1649 585 1734 partium
599 1671 654 1733 per
675 1648 835 1734 specialem
850 1671 963 1713 nexum
978 1648 1131 1712 actionum
1154 1670 1188 1711 ac
1203 1648 1392 1732 passionum,

290 1759 338 1823 vel
352 1781 407 1844 per
421 1761 620 1824 inclusionem
644 1760 674 1823 in
691 1760 792 1844 aliquo
812 1782 885 1839 uno,
902 1760 948 1823 vel
968 1782 1023 1843 per
1036 1760 1298 1845 participationem
1312 1757 1392 1843 phy-

291 1870 384 1934 sicam
407 1870 440 1933 in
462 1870 564 1955 aliquo
590 1870 754 1949 communi,
770 1870 818 1935 vel
844 1870 945 1956 aliquo
968 1871 1026 1934 alio
1048 1893 1128 1934 nexu
1150 1869 1241 1934 reali:
1265 1879 1296 1934 et
1314 1878 1392 1933 tunc

290 1980 444 2044 evidenter
458 2004 606 2045 numerus
620 1981 677 2045 erit
692 2004 746 2065 per
761 2004 792 2045 se
808 1990 838 2045 et
853 1981 973 2045 realiter
988 2004 1077 2046 unus.

334 2091 373 2154 In
385 2092 476 2156 tertio
484 2114 566 2171 casu,
578 2094 648 2177 quia
658 2090 861 2157 mensurabile
872 2101 918 2157 est
927 2115 1024 2156 unum
1036 2100 1158 2156 tantum
1169 2115 1223 2176 per
1231 2090 1390 2170 rationem,

289 2223 436 2265 numerus
452 2224 513 2265 non
528 2201 652 2266 habebit
668 2203 817 2267 unitatem
831 2225 886 2288 per
901 2226 942 2282 se,
958 2205 1011 2267 sed
1025 2227 1079 2288 per
1094 2212 1237 2267 mentem.

332 2312 379 2375 Er
405 2312 454 2375 his
477 2320 571 2397 patet,
587 2313 669 2398 quod
689 2313 771 2377 aolus
794 2336 942 2377 numerus
965 2314 1082 2379 entium
1106 2314 1317 2393 discretorum,
1336 2336 1391 2378 seu

292 2422 515 2503 distinctorum,
531 2424 657 2511 physico
680 2424 781 2510 aliquo
803 2448 884 2490 nexu
906 2426 1148 2505 coniunctorum,
1165 2434 1211 2490 est
1234 2448 1314 2490 unus
1337 2447 1391 2509 per

222 2513 229 2525 ⁰
291 2559 322 2600 se
337 2558 484 2600 numerus
499 2535 607 2600 realis:
630 2545 661 2600 et
676 2536 741 2621 ipse
756 2536 838 2600 solus
853 2537 1046 2601 materialiter
1060 2545 1201 2621 acceptus
1215 2559 1271 2623 pro
1286 2536 1391 2600 multi-

289 2647 407 2728 tudine,
423 2656 459 2711 ut
473 2647 553 2711 infra
571 2649 612 2730 (n.
631 2649 684 2731 76)
701 2647 847 2727 dicemus,
862 2648 896 2710 in
911 2648 1144 2732 praedicamento
1159 2647 1319 2733 ponendus
1333 2655 1390 2710 est.

290 2759 448 2823 Numerus
476 2758 656 2837 abstractus,
686 2767 794 2843 utpote
824 2781 877 2822 ens
907 2759 1043 2837 rationis,
1072 2780 1135 2822 non
1164 2766 1266 2842 potest
1288 2758 1388 2822 locum

290 2870 401 2934 habere
430 2871 511 2934 inter
537 2869 779 2953 praedicamenta.
827 2869 972 2933 Similiter
995 2892 1142 2933 numerus
1171 2892 1207 2933 ex
1235 2891 1391 2933 mensura-

290 2979 374 3044 tione
397 2981 534 3044 continui
554 3003 719 3064 exsurgens
741 3003 803 3043 non
827 2989 872 3044 est
893 2982 940 3044 bic
958 3003 1102 3060 nameus,
1117 2981 1177 3044 nisi
1194 3003 1230 3043 ex
1252 2980 1393 3064 supposi-

291 3092 373 3155 tione
404 3094 489 3156 buius
517 3093 641 3155 unitatis
670 3089 852 3155 arbitrariae:
884 3100 913 3154 et
944 3091 986 3154 sic
1010 3091 1101 3153 etiam
1130 3090 1231 3174 ipsum
1261 3099 1307 3153 est
1336 3113 1392 3154 ens

291 3201 417 3266 rationis
440 3202 474 3265 in
497 3204 595 3285 specie
613 3201 742 3281 numeri,
758 3202 831 3286 quia
852 3211 897 3265 est
921 3200 990 3265 talis
1012 3200 1218 3286 dependenter
1240 3201 1278 3265 ab
1302 3202 1392 3265 intel-

292 3310 382 3374 lectu.
428 3311 588 3396 Excipitur
605 3311 759 3375 evidenter
774 3335 861 3376 casus
884 3335 974 3396 supra
990 3312 1100 3391 dictus,
1116 3311 1238 3397 quando
1253 3312 1392 3377 videlicet

293 3429 393 3485 totum
409 3422 591 3485 continuum
607 3422 747 3520 signatur
769 3423 893 3507 punctis
907 3422 1058 3487 realibus:
1081 3431 1156 3486 tunc
1170 3423 1253 3487 enim
1268 3432 1391 3508 propter

292 3541 395 3618 partes
409 3533 503 3596 reales
517 3532 659 3597 formales
674 3534 853 3598 continuum
869 3533 946 3596 illud
960 3532 1118 3618 aequivalet
1134 3533 1270 3598 discreto.

338 3648 388 3709 74.
413 3644 568 3721 Quaeritur
582 3653 696 3722 octavu,
711 3647 786 3709 uode
800 3647 912 3708 nummi
926 3647 1071 3728 accipiant
1084 3646 1214 3729 speciem.

337 3755 528 3842 Respondeo,
555 3779 728 3833 numerum,
752 3756 831 3820 sicut
856 3764 887 3818 et
916 3755 973 3826 alia
997 3756 1107 3833 omnia,
1133 3754 1170 3819 ab
1194 3777 1230 3818 eo
1259 3755 1392 3839 accipere

294 3869 424 3955 speciem
448 3893 466 3934 a
491 3891 552 3953 quo
573 3866 666 3932 habet
695 3890 760 3933 esse
787 3889 886 3931 uuum
912 3889 1084 3931 numerum.
1130 3867 1226 3953 Atqui
1247 3890 1393 3931 numerus

293 3980 386 4046 habet
401 4003 466 4044 esse
481 4001 577 4044 uniam
595 4001 758 4043 numerum
774 4002 792 4042 a
810 3978 1035 4044 mensuratione
1053 4000 1229 4062 perunum,
1245 3987 1281 4042 ut
1301 4001 1393 4062 supra

294 4093 411 4156 dietum
426 4100 480 4155 est.
526 4090 610 4172 Ergo
626 4113 773 4153 numerus
788 4090 896 4174 accipit
916 4089 1047 4173 speciem
1063 4111 1080 4152 a
1100 4089 1325 4154 mensuratione
1339 4113 1393 4174 per

295 4225 403 4266 unum.
450 4202 483 4264 Si
498 4224 571 4285 ergo
583 4204 761 4278 mensuratic
770 4224 923 4284 peanum
938 4200 977 4264 sit
993 4201 1117 4264 diversae
1132 4201 1267 4280 rationis,
1283 4200 1392 4264 diversi

295 4322 458 4397 exsurgent
484 4314 603 4376 numeri
629 4312 774 4396 specifice.
821 4312 893 4395 Ipsa
916 4335 985 4376 vero
1011 4312 1196 4376 mensuratis
1219 4333 1392 4396 perunum
