3200 4975
244 378 314 421 css.
333 358 387 443 11.]
564 380 607 422 ns
624 380 826 425 suasrssms
841 380 1041 423 sessiacum.
1307 359 1350 421 39

240 543 374 608 Thomas
410 544 556 609 vocabulo
592 547 730 610 essentiae
767 545 951 629 intelligeret
985 544 1045 607 hoc
1078 542 1144 606 loco
1178 541 1346 625 potentiam

239 654 370 734 essendi,
387 655 434 720 vel
449 665 551 720 actum
571 656 705 750 primum
726 656 858 737 essendi,
873 656 927 741 qui
941 665 988 720 est
1003 664 1089 719 actus
1110 652 1344 738 metaphysicus,

237 765 326 831 facile
347 765 561 831 admitteretur
582 768 648 831 eius
670 768 897 853 consequentia.
944 766 1005 831 sed
1024 765 1056 831 S.
1077 764 1211 828 Thomas
1225 763 1345 829 videtur

237 878 296 941 hoc
324 877 391 943 loco
420 900 540 944 sumere
568 880 730 946 essentiam
753 902 809 964 pro
831 879 1003 945 substantia
1030 878 1097 963 ipsa
1104 903 1114 955 ,ε
1130 899 1210 959 ‘nam
1239 874 1342 959 paullo

236 989 321 1076 prius
343 990 434 1055 dicit:
458 992 542 1076 Erpa
564 992 648 1057 uliud
667 1002 711 1057 est
733 994 765 1056 ia
785 995 829 1057 eia
848 993 1024 1070 substantia,
1047 998 1076 1055 et
1096 989 1180 1053 aliud
1194 990 1297 1067 outo,
1311 996 1342 1053 ct

235 1101 319 1165 alitrd
331 1104 471 1185 qrmotio.
517 1101 657 1188 Insuper,
680 1116 716 1167 ut
738 1103 798 1167 iam
814 1103 955 1182 vidimus,
978 1101 1066 1187 ponit
1083 1101 1227 1165 virtutem
1248 1098 1339 1164 intel·

234 1212 374 1277 lectivam
388 1237 455 1279 esse
474 1216 606 1279 accidens
621 1219 775 1299 pertinens
793 1216 835 1281 cd
843 1217 993 1300 formam
1015 1214 1042 1279 si
1056 1223 1159 1279 autem
1174 1211 1338 1277 essentiam

232 1336 367 1389 sumeret
380 1348 438 1410 pro
451 1327 589 1411 potentia
606 1328 737 1407 essendi,
753 1350 817 1393 non
836 1336 940 1413 posset
953 1328 998 1392 ita
1011 1326 1105 1411 loqui,
1119 1324 1192 1410 quia
1205 1324 1337 1388 essentia

232 1435 276 1499 sic
297 1446 419 1521 accepta
440 1458 504 1502 non
525 1446 573 1502 cst
595 1438 767 1504 subiectum
789 1439 961 1505 accidentis
1007 1438 1164 1503 Debemus
1184 1435 1281 1520 igitur
1302 1434 1336 1498 iu

231 1546 297 1610 aius
317 1548 580 1631 argumentatione
602 1551 735 1636 accipere
756 1553 910 1615 essentiam
924 1572 959 1615 ac
973 1550 1000 1614 si
1015 1548 1127 1613 diceret
1141 1548 1335 1611 substantiam

230 1667 283 1722 aut
304 1668 450 1725 natarum.
496 1661 564 1727 Iam
585 1684 664 1741 vcro,
685 1686 725 1727 an
747 1686 910 1747 possumus
938 1662 1055 1735 dicere:
1079 1664 1110 1725 in
1131 1663 1210 1725 omui
1234 1668 1332 1725 creato

228 1773 393 1839 eutelmio
410 1775 469 1857 (ccl
481 1778 601 1859 catara)
610 1777 720 1859 differt
734 1778 770 1839 ab
785 1778 848 1840 cass
861 1799 932 1856 ecoe,
942 1784 972 1840 et
982 1783 1170 1859 comparatio
1183 1774 1224 1837 ad
1236 1773 1331 1855 psum

228 1887 304 1949 sicud
321 1889 456 1969 potentia
477 1889 519 1951 ud
537 1888 657 1952 actam?
688 1889 805 1974 Nequit
826 1889 962 1973 profecto
984 1887 1063 1967 dici5
1085 1895 1116 1951 et
1137 1884 1215 1951 ratio
1237 1906 1330 1970 qnam

227 1996 351 2063 adducit
367 1999 398 2062 S.
411 1999 542 2064 Thomas
557 2000 590 2063 in
605 1999 671 2064 loco
686 2022 777 2086 quem
802 2000 876 2065 citat
890 2000 1036 2065 dicendo:
1059 2008 1139 2063 actea
1152 1997 1331 2081 supradictis

220 2116 317 2191 patet,
332 2131 396 2173 non
410 2111 518 2195 probat
532 2111 601 2190 nisi,
617 2112 699 2193 quod
718 2134 779 2177 esse
799 2123 846 2176 cst
869 2111 901 2176 id
922 2134 984 2196 quo
1005 2110 1177 2174 substantia
1198 2109 1329 2188 existens

226 2242 244 2283 a
265 2221 402 2304 possibili
424 2223 634 2308 distinguitur,
656 2226 775 2289 utiam
797 2225 971 2290 nonninus
993 2246 1085 2308 supra
1106 2224 1149 2306 (n.
1165 2224 1241 2305 27t3
1264 2242 1328 2299 non

225 2354 295 2396 vero
316 2334 400 2417 quod
421 2335 454 2398 in
477 2336 542 2419 ipsa
564 2335 735 2400 substantia
756 2349 895 2402 concrete
924 2337 1072 2401 existente
1094 2334 1241 2399 habeatur
1262 2355 1328 2407 esse

223 2443 403 2511 substantiae
416 2446 455 2511 ab
475 2446 542 2532 ipsa
561 2448 708 2516 existente
731 2448 902 2514 substantia
924 2448 1113 2514 distinctum.
1156 2446 1206 2512 Dc
1220 2468 1281 2531 qua
1294 2467 1327 2510 rc
1345 2434 1359 2461 ⁰

224 2555 358 2620 multum
386 2557 619 2643 disputaverunt
647 2559 823 2646 philosophi
851 2561 1040 2645 inquirentes
1069 2570 1173 2624 utrum
1198 2556 1325 2622 actualis

189 2691 192 2702 ·
221 2669 353 2734 essentia
370 2669 408 2733 ab
428 2670 588 2735 existentia
609 2672 688 2736 entis
710 2671 744 2736 in
765 2681 906 2738 concreto
928 2681 1051 2756 sumpta
1072 2669 1323 2754 distingueretur.

222 2778 299 2843 Vide
315 2781 426 2845 Suarea
446 2781 587 2866 Metaph.
609 2781 688 2867 disp.
709 2784 787 2848 xxxi.
802 2793 875 2847 sect.
891 2783 943 2864 vi,
957 2782 1012 2846 ubi
1032 2782 1149 2867 probat,
1165 2781 1245 2844 inter
1259 2780 1323 2844 haec

221 2891 283 2955 duo
298 2892 414 2956 nullam
430 2892 496 2957 dari
509 2893 737 2959 distinctionem
757 2893 867 2958 realem
883 2903 937 2958 aut
951 2892 1113 2970 medalem,
1129 2891 1183 2956 sed
1196 2891 1322 2956 rationis

220 3011 352 3068 tantum.
398 3004 432 3069 Si
445 3026 518 3089 ergo
529 3004 724 3069 excludamus
735 3005 819 3070 hunc
830 3027 955 3068 sensum
969 3005 1050 3069 vocis
1060 3005 1199 3083 utentia,
1210 3023 1321 3087 propo-

219 3115 299 3194 sitio,
309 3116 342 3180 in
351 3139 412 3201 qua
423 3116 533 3180 nititur
541 3126 606 3181 tota
614 3117 840 3201 argumentatio
849 3117 881 3181 S.
892 3117 1025 3196 Thomae,
1035 3116 1093 3180 erit
1103 3117 1180 3181 haec:
1195 3116 1320 3179 Iuomni

217 3229 1316 3313 creatoeaseutiuposaibiliscomparutaradccse‚sicutpotentiuaductam.

262 3339 321 3402 His
335 3341 507 3424 praemissis,
519 3351 735 3425 argumentum
751 3340 829 3405 illud
844 3341 886 3405 sic
901 3342 933 3404 in
948 3341 1046 3405 forma
1056 3340 1185 3425 proponi
1196 3350 1316 3424 potest:
1394 3344 1399 3350 “

217 3449 394 3515 Secundum
426 3451 631 3516 diversitatem
665 3462 800 3531 actuum,
830 3460 877 3516 est
906 3451 1065 3516 diversitas
1098 3452 1315 3536 potentiarum.

215 3561 312 3647 Atqui
326 3563 359 3626 in
374 3562 483 3646 angelo
502 3573 588 3628 actus
610 3563 739 3642 essendi,
760 3573 790 3627 et
806 3573 893 3628 actus
910 3564 1102 3648 intelligendi
1117 3573 1191 3628 sunt
1205 3564 1315 3630 diversi

213 3681 308 3740 octus.
357 3674 441 3759 Ergo
470 3675 607 3760 potentia
635 3676 763 3753 essendi,
794 3686 825 3740 et
854 3676 990 3761 potentia
1019 3675 1211 3760 intelligendi
1240 3690 1313 3740 sunt

212 3783 338 3852 diverse
366 3786 520 3869 potentiae.
564 3788 661 3872 Atqui
690 3787 826 3872 potentia
854 3788 974 3852 essendi
996 3798 1043 3852 est
1068 3789 1217 3868 essentia,¹
1240 3811 1313 3874 ergo

213 3897 345 3962 essentia
359 3898 460 3982 angeli
475 3906 522 3964 est
536 3898 652 3984 aliquid
666 3899 819 3964 diversum
833 3923 852 3963 a
866 3900 977 3964 virtute
990 3899 1191 3984 intelligendi.

254 4008 293 4072 ln
308 4010 547 4093 argumentosis
561 4012 696 4095 exposito
715 4011 893 4105 couceditur
912 4021 1012 4078 totum
1021 4038 1031 4091 3
1053 4035 1125 4076 nam
1141 4013 1167 4076 si
1181 4015 1311 4078 essentia

209 4119 283 4184 dicit
306 4121 474 4205 potentiam
500 4121 630 4200 usundi,
655 4123 725 4188 talis
748 4123 880 4188 essentia
902 4145 965 4187 non
990 4132 1036 4188 est
1055 4122 1172 4208 aliquid
1185 4125 1265 4189 reale
1279 4137 1310 4190 et

206 4230 378 4316 physicum,
393 4231 452 4296 nisi
468 4243 627 4317 postquam
649 4234 757 4318 accipit
772 4257 863 4298 suum
885 4257 949 4298 esse
966 4234 1181 4314 substantiale:
1204 4248 1310 4301 contra

205 4343 300 4408 virtus
322 4344 514 4429 intelligendi
536 4357 582 4409 est
604 4345 719 4431 aliquid
743 4347 874 4412 reale-et
896 4347 1067 4433 physicum,
1097 4347 1216 4412 etiamsi
1246 4372 1306 4412 non
