3200 4975
222 403 290 445 cnr.
308 378 364 465 11.]
537 398 578 441 1111
596 398 796 441 1011111111
813 398 1013 443 1111110111.
1124 421 1127 426 -
1285 378 1327 441 61

222 576 294 632 nont
308 565 481 649 superiores,
495 563 547 627 sed
561 584 673 646 seraper
690 564 726 626 ab
746 564 788 626 eis
808 562 1021 627 illuminantur.
1069 561 1159 627 Cuius
1177 565 1256 628 ratio
1274 571 1327 642 est,

221 681 291 764 quio
305 678 375 742 ordo
391 677 554 739 continetur
567 675 620 737 sul)
636 674 745 753 ordine,
766 676 844 737 secut
861 696 951 738 causo
970 676 1135 738 continetur
1148 676 1201 738 sub
1219 697 1307 739 causo
1316 701 1327 748 ;

221 792 296 854 unde
310 790 388 853 sieut
403 788 556 851 ordinatur
577 807 664 848 causo
685 785 726 848 od
743 807 871 865 cuasam,
887 787 931 850 ito
946 787 1017 849 ordo
1032 787 1073 849 cd
1084 787 1222 851 ordinem.
1268 787 1328 852 Per

222 901 304 987 quod
320 899 385 964 vult
401 897 554 975 denotare,
570 894 653 979 quod
672 895 751 960 sicut
773 917 865 961 causa
887 896 1085 961 universalior
1106 905 1210 961 causat
1231 897 1327 982 parti·

223 1012 423 1090 cularia,non
434 1016 541 1071 *autem
561 1006 751 1091 particularis
770 1007 962 1087 universalia,
984 1009 1027 1073 ita
1046 1008 1174 1092 angelus
1189 1009 1327 1093 superior

220 1120 395 1207 ¹inferiorern
409 1118 573 1196 illuminat,
588 1140 652 1182 non
667 1126 769 1181 autem
784 1118 910 1182 inferior
924 1118 1120 1204 superiorem.

265 1233 338 1297 Non
356 1241 459 1295 tamen
479 1229 599 1294 videtur
622 1230 724 1293 efficax
747 1230 814 1293 eius
836 1229 985 1315 probatio.
1031 1233 1113 1296 Nam
1135 1233 1231 1297 illud:
1253 1235 1326 1298 Non

217 1348 348 1430 pertinet
373 1345 413 1409 od
428 1345 640 1430 perfectionem
661 1342 826 1408 intellectus
838 1345 896 1407 mei
914 1345 987 1428 quid
1000 1353 1032 1409 tu
1051 1347 1132 1425 ociis,
1147 1347 1195 1409 oel
1206 1348 1280 1430 quid
1292 1357 1325 1413 tn

222 1458 380 1541 intellimus,
395 1479 572 1541 capnosccre,
588 1456 769 1541 in'qundam
784 1479 876 1520 sensu
895 1458 1002 1541 negari
1021 1467 1132 1542 potest,
1147 1460 1219 1543 quia
1233 1460 1324 1524 intel-

221 1569 316 1633 lectus
338 1568 495 1654 perficitur
516 1567 608 1631 etiam
630 1590 685 1651 per
706 1567 912 1652 cognitionem
934 1568 1007 1632 facti
1029 1570 1180 1650 concreti3
1203 1593 1275 1636 nam
1289 1572 1324 1636 in
1444 1627 1448 1632 .

220 1680 300 1745 lacto
318 1678 371 1743 illo
392 1687 439 1743 est
460 1678 579 1757 veritas,
597 1678 674 1742 sicut
693 1679 726 1742 in
748 1682 832 1743 omni
850 1679 908 1743 alia
927 1702 978 1745 re:
1001 1689 1033 1745 et
1054 1682 1124 1746 ideo
1143 1705 1323 1768 cognoscere

220 1792 335 1857 lactum
350 1800 396 1855 est
417 1790 508 1854 etiam
531 1812 711 1873 cognoscere
734 1791 807 1873 quid
818 1792 863 1854 rei
876 1794 984 1855 ueritus
998 1794 1120 1858 dudem:
1143 1806 1173 1859 et
1188 1798 1323 1880 cognitio

219 1904 291 1968 faeti
314 1901 489 1987 suppeditat
512 1902 669 1979 materiam
690 1902 870 1982 intellectui,
893 1902 971 1968 eirca
990 1927 1081 1989 quam
1103 1929 1135 1970 se
1149 1920 1276 1994 occupet
1290 1920 1321 1974 et

219 2014 364 2101 perficiat.
410 2014 500 2077 Ratio
514 2035 584 2077 vero
599 2012 693 2078 altera
707 2036 743 2078 ex
757 2013 864 2078 ordine
883 2037 1043 2083 causarum
1061 2018 1232 2105 desumpta,
1249 2046 1320 2107 sup-

218 2127 305 2213 ponit
327 2148 429 2190 rerum
455 2124 594 2188 ordinem
615 2124 648 2187 in
671 2126 815 2218 creaturis
844 2128 937 2191 talem
959 2152 1034 2208 esse,
1056 2140 1092 2194 ut
1113 2146 1245 2219 nequeat
1267 2158 1322 2199 ens

218 2238 369 2304 inferioris
383 2236 577 2323 perfeetionis
591 2259 727 2302 exercere
740 2238 773 2302 in
789 2239 873 2303 aliud
892 2242 1055 2325 perfectius
1075 2244 1225 2311 actionem
1240 2247 1321 2312 eins·

219 2352 288 2417 dem
318 2350 428 2435 speciei
449 2372 483 2414 ae
505 2372 559 2413 ens
581 2350 742 2433 perfectius
764 2352 796 2415 in
819 2352 1035 2438 imperfectius.
1081 2356 1143 2421 Sed
1170 2359 1248 2424 alius
1274 2370 1321 2425 est

215 2463 342 2529 omnino
365 2462 439 2527 ordo
461 2462 494 2526 in
515 2469 624 2525 natura
653 2464 802 2528 existens:
825 2472 856 2528 et
878 2465 1026 2548 videmus,
1048 2468 1081 2532 in
1103 2470 1194 2536 rebus
1223 2482 1319 2538 mate-

216 2575 341 2640 rialibus
364 2596 484 2638 causam
508 2572 683 2636 debiliorem
705 2597 794 2658 agere
815 2575 849 2639 in
871 2598 993 2642 causam
1014 2579 1170 2646 fortiorem
1199 2586 1319 2650 actione

216 2687 340 2773 quidem
366 2685 493 2749 diversae
515 2683 710 2763 intensitatis,
737 2685 790 2748 sed
815 2685 951 2752 eiusdem
976 2691 1103 2774 speciei:
1126 2703 1162 2756 ut
1182 2688 1318 2760 dum'sol

215 2799 310 2863 trahit
335 2807 457 2876 terram,
482 2803 561 2860 terra
590 2797 656 2881 ipsa
686 2797 779 2860 solem
809 2799 921 2864 trahit:
944 2810 975 2864 et
1005 2802 1145 2868 similiter
1172 2808 1319 2892 magister

215 2919 317 2995 potest
331 2909 432 2993 aliqua
447 2906 505 2971 sibi
519 2907 624 2990 ignota
644 2907 758 2972 discere
773 2932 790 2972 1
805 2932 861 2973 suo
881 2910 1040 2997 discipulo,
1055 2923 1087 2978 et
1101 2926 1198 2981 mater
1212 2941 1230 2983 a
1244 2920 1318 3000 filio,

216 3022 291 3106 quin
317 3021 408 3085 etiam
432 3018 525 3082 homo
551 3042 568 3081 a
594 3018 694 3098 bruta,
719 3028 754 3082 ut
784 3021 911 3085 modum
936 3025 1073 3090 natandi.
1128 3028 1317 3115 Principium

142 3193 145 3203 ,
214 3155 287 3217 ergo
310 3130 397 3209 illud,
421 3129 504 3215 quod
524 3131 602 3194 sicut
624 3131 779 3194 ordinatur
803 3153 894 3196 causo
917 3135 958 3197 od
977 3123 1104 3216 causam,
1125 3140 1170 3202 ito
1189 3141 1260 3205 ordo
1279 3144 1320 3206 od

215 3245 343 3307 ordinem
357 3263 420 3304 non
435 3239 544 3324 probat
559 3241 718 3305 efficaciter
732 3241 816 3326 quod
829 3243 1008 3309 intenditur.

258 3352 439 3419 Notandum
460 3361 574 3430 tamen,
591 3352 623 3415 S.
639 3353 788 3417 Thomam
810 3354 871 3419 duo
885 3378 997 3440 ponere
1011 3359 1044 3422 in
1060 3359 1090 3424 vi
1103 3362 1316 3446 illuminativa,

214 3454 317 3532 idest
342 3469 385 3529 1⁰.
408 3486 497 3550 posse
520 3463 683 3529 fortificare
701 3464 846 3552 virtutem
870 3467 1086 3536 intellectivam
1112 3474 1246 3556 alterius,
1270 3482 1316 3544 2⁰.

214 3579 406 3646 manifestare
416 3577 573 3642 veritatem
585 3600 621 3641 ex
635 3587 721 3660 parte
737 3578 948 3646 similitudinis
962 3583 1006 3647 rei
1021 3585 1150 3669 cognitae
1163 3606 1175 3651 :·
1192 3598 1228 3652 ut
1243 3612 1316 3654 con-

214 3701 275 3756 stat
289 3715 325 3756 ex
339 3690 438 3756 verbis
453 3688 549 3774 ipsius
565 3711 656 3773 supra
674 3690 717 3772 (n.
731 3691 785 3773 34)
803 3690 913 3756 allatis.
958 3693 1026 3758 Iam
1041 3719 1110 3760 vero
1125 3710 1242 3764 certum
1258 3711 1315 3782 est,

213 3825 276 3868 non
300 3823 388 3887 posse
408 3799 551 3885 angelum
574 3799 747 3864 inferiorem
764 3801 934 3887 fortificare
954 3807 1090 3871 uirtutem
1112 3811 1315 3878 intellectivam

213 3914 315 3998 angeli
331 3887 512 3998 superioris:
535 3921 566 3976 et
582 3912 624 3977 sie
640 3911 673 3976 in
688 3912 752 3976 hoc.
762 3934 855 3977 sensu
869 3916 975 4001 nequit
990 3917 1316 4007 inferiorsuperiorem

214 4024 396 4089 illuminare.
444 4022 505 4087 Sed
519 4025 645 4087 omnino
660 4022 772 4102 iudico,
787 4047 845 4088 nec
859 4048 948 4109 posse
967 4029 1112 4113 angelum
1130 4034 1315 4117 superiorem

214 4136 377 4201 fortificare
391 4134 536 4198 virtutem
553 4134 767 4200 intellectivam
783 4136 945 4217 inferioris,
961 4139 1015 4202 sed
1036 4149 1099 4206 tam
1119 4145 1316 4228 superiorem,

214 4270 306 4332 quam
326 4243 508 4310 inferiorem
522 4269 610 4330 posse
631 4247 788 4311 dumtaxat
811 4271 979 4334 proponere
999 4251 1057 4315 sibi
1080 4264 1188 4319 mutuo
1211 4257 1318 4321 simili-

215 4359 338 4424 tudines
357 4380 460 4422 rerum
482 4380 500 4422 a
522 4380 554 4421 sc
575 4357 810 4439 intellectarum,
826 4359 872 4424 vel
889 4361 1040 4426 reflectere
1056 4386 1144 4430 suam
1154 4365 1252 4432 lucem
1268 4368 1317 4431 in·
