3200 4975
293 336 359 399 384
688 353 730 395 aa
747 353 1001 399 accrnnurrsus.
1239 338 1323 422 [aar.
1339 360 1398 402 111.

292 520 514 586 humanitatem
540 518 732 603 completam,
758 519 887 584 cessabit
911 522 988 585 ratio
1017 543 1153 606 personae
1182 523 1336 604 humana,
1360 536 1393 590 et

290 634 353 699 sola
372 632 431 697 erit
448 630 569 696 divina:
592 640 722 695 cessante
741 640 838 695 tamen
853 655 986 715 persana
1003 635 1136 699 hamana
1154 639 1279 715 ratione,
1295 649 1393 703 manet

291 747 419 808 lemanna
436 762 567 807 narona
581 742 730 807 indmidaa
744 742 857 807 Divina
871 744 1086 828 personalitate
1100 746 1271 812 terminata.
1303 749 1390 813 Idem

291 879 362 921 cum
376 854 572 939 proportione
585 853 618 916 in
633 853 825 918 Eucharistia
846 853 1028 920 intervenire
1048 856 1209 922 dicendum
1231 869 1295 939 est3
1318 881 1391 924 uam

290 966 367 1031 ratio
392 964 580 1043 substantiae,
598 986 690 1050 quam
713 964 806 1028 habet
831 965 929 1050 panis,
945 975 991 1031 est
1014 990 1074 1032 esse
1097 970 1129 1032 in
1153 992 1201 1034 se:
1225 980 1255 1034 et
1281 980 1392 1035 natura

287 1077 376 1164 panis
402 1096 470 1141 suu
496 1095 637 1139 uaniora
658 1076 835 1139 naturaliter
860 1084 904 1141 est
928 1079 1102 1142 substantia.
1149 1080 1210 1143 Sed
1234 1082 1259 1145 si
1279 1104 1389 1166 eorpus

288 1187 405 1254 Christi
415 1187 517 1275 ahquo
528 1209 638 1271 genere
651 1187 883 1251 sustentationis
898 1190 1122 1273 supernaturali
1137 1199 1289 1256 sustentet
1304 1192 1387 1257 illam

287 1309 439 1379 naturam,
454 1298 583 1363 cessabit
605 1298 682 1362 ratio
702 1297 881 1362 substantiae
903 1299 1000 1383 panis,
1016 1310 1047 1365 et
1061 1302 1124 1365 solea
1145 1303 1202 1366 crit
1217 1303 1387 1369 substantia

286 1410 420 1495 corporis
436 1409 569 1475 Christi:
592 1418 723 1473 anaante
743 1418 840 1473 tamen
861 1412 975 1475 ratione
995 1413 1167 1477 substantiae
1175 1418 1276 1497 panas,
1291 1425 1388 1479 manet

288 1543 422 1587 urruns
435 1523 497 1585 eins
509 1521 667 1605 sinpularis
681 1544 698 1583 a
713 1519 885 1585 substantia
900 1522 1033 1607 corporis
1048 1522 1164 1589 Christi
1179 1526 1313 1593 suffulta.
1344 1528 1385 1591 Ilt

286 1642 505 1719 consequenter
529 1641 637 1696 natura
661 1630 715 1696 illa
740 1631 891 1696 sensibilis
918 1656 986 1717 quae
1011 1643 1113 1698 manet
1139 1637 1171 1699 in
1195 1636 1387 1703 Eucharistia

285 1756 366 1812 recte
380 1767 451 1810 cum
465 1743 608 1809 omnibus
622 1743 755 1827 antiquis
770 1743 921 1828 theologis
940 1743 999 1808 dici
1019 1754 1118 1829 potest
1139 1750 1303 1839 complanas
1320 1753 1384 1834 qui.

280 1837 352 1923 'dam
368 1858 559 1921 unaarum
576 1857 609 1919 in
629 1856 795 1939 quantitate
803 1857 895 1939 panis
913 1857 1079 1921 radicatas:
1104 1858 1156 1922 sed
1171 1861 1273 1942 quoad
1286 1861 1383 1944 ipsam

284 1969 364 2032 hanc
379 1971 584 2052 quantitatem,
596 1968 675 2032 circa
689 1990 782 2052 quam
797 1967 948 2051 praecipua
963 1977 1009 2032 est
1024 1969 1196 2052 difficultas,
1208 1971 1381 2036 addendum

284 2088 341 2157 est,
356 2102 424 2145 eam
438 2078 583 2143 constitui
597 2079 634 2142 iia
649 2078 723 2163 ipsis
737 2078 876 2163 partibus
890 2079 1023 2143 realibus
1037 2081 1195 2145 materiam
1210 2094 1240 2146 et
1255 2083 1383 2147 formam

283 2188 478 2267 habentibus,
501 2210 569 2272 qun
590 2196 661 2251 ante
683 2190 939 2253 consecrationem
962 2190 1115 2254 habebant
1141 2192 1289 2257 rationem
1312 2195 1383 2259 sub·

283 2301 412 2381 stantiae,
427 2323 556 2385 quaeque
569 2300 603 2363 in
617 2300 684 2384 ipsa
697 2301 932 2381 consecratione,
948 2302 1137 2386 acquirentes
1160 2313 1383 2370 sustentantem

283 2411 554 2498 snpematuralem,
575 2418 605 2475 et
629 2411 804 2475 amittentes
830 2412 978 2477 rationem
993 2414 1112 2478 essendi
1127 2415 1159 2478 iu
1175 2438 1216 2495 se,
1232 2417 1384 2504 incipiunt

282 2526 393 2592 habere
408 2525 556 2589 rationem
571 2524 809 2608 supernaturalis
825 2525 998 2590 accidentis.

324 2639 372 2702 Ex
395 2637 445 2701 his
470 2645 595 2722 apparet
619 2659 710 2722 quern
731 2659 854 2700 sensum
874 2637 984 2717 haheat
1007 2640 1163 2722 responsio
1182 2663 1273 2725 supra
1291 2643 1381 2722 faeta,

282 2749 364 2834 quod
385 2751 535 2832 quantitas
552 2772 610 2813 non
631 2749 821 2832 distinpaitnr
835 2750 954 2812 realiter
969 2751 1006 2812 ab
1020 2772 1053 2813 ea
1069 2751 1149 2832 qnod
1168 2753 1252 2816 habet
1277 2773 1382 2816 unnu-

282 2879 424 2923 nsurrnu
437 2860 582 2922 rationem
601 2860 781 2936 substantie,
798 2859 867 2922 licet
890 2860 1011 2922 realiter
1036 2860 1234 2944 dastinpuatnr
1258 2864 1295 2926 ab
1317 2865 1383 2946 ipsa

280 2972 394 3033 ratione
415 2969 527 3033 essendi
547 2971 578 3031 in
599 2991 640 3046 se,
655 2991 724 3053 quae
746 2969 1015 3053 supernaturaliter
1033 2969 1099 3033 tolli
1113 2978 1223 3054 potest,
1240 2983 1383 3038 manente

281 3082 463 3166 quantitate.
508 3080 635 3144 Probari
664 3088 764 3144 autem
795 3089 896 3163 potest
925 3081 1018 3143 huius
1047 3081 1251 3165 responsionis
1274 3065 1382 3148 ¹veritas

279 3191 456 3276 tripliciter:
480 3197 513 3256 1⁰
535 3214 571 3256 ex
585 3200 695 3255 natura
709 3191 1078 3256 transsubstantiationis:
1102 3197 1137 3256 2⁰
1158 3215 1195 3257 ex
1209 3202 1318 3258 natura
1333 3217 1382 3260 ac·

280 3302 445 3368 cidentium
469 3302 750 3367 sacramentalium:
774 3305 809 3365 3⁰
830 3325 866 3365 ex
883 3303 949 3366 eius
970 3303 1183 3368 concordantia
1201 3305 1302 3389 quoad
1316 3327 1380 3369 rem

281 3438 351 3479 cum
366 3437 459 3479 sensu
472 3415 685 3498 theologorum
693 3440 703 3492 3
726 3422 762 3477 ut
778 3414 881 3477 statim
897 3414 1101 3478 ostendemus.

323 3527 376 3588 80.
400 3525 550 3589 Probatur
574 3525 673 3610 primo
697 3547 733 3588 ex
759 3532 870 3589 natura
892 3525 1252 3591 transsubstantiationis.
1298 3529 1379 3593 Nam

280 3641 313 3701 1⁰
326 3636 628 3702 transsubstantiatio
642 3659 706 3700 non
720 3645 767 3700 est
782 3636 962 3701 annihilatio
977 3637 1021 3701 rei
1029 3663 1039 3716 ;
1063 3659 1136 3722 ergo
1151 3660 1213 3701 non
1228 3639 1309 3703 tollit
1324 3641 1378 3706 ali·

277 3749 353 3834 quid
375 3750 412 3813 de
434 3749 481 3828 iis,
498 3770 566 3834 quae
588 3757 660 3812 sunt
683 3748 854 3813 essentialia
877 3749 920 3812 rei
941 3749 980 3813 ad
998 3749 1160 3812 assandum
1181 3750 1358 3834 simpliciter
1368 3780 1378 3831 5

276 3884 349 3946 ergo
371 3860 528 3924 materiam
551 3868 581 3923 et
603 3860 733 3924 formam
755 3860 975 3924 elementorum
994 3861 1140 3924 intactam
1155 3860 1320 3946 relinquit:
1343 3866 1379 3928 2⁰

276 3971 576 4037 transsubstantiatio
591 3979 638 4035 est
653 3970 779 4035 rationis
795 3971 1004 4036 substantialis
1024 3971 1173 4036 mutatio:
1196 3973 1281 4056 atqui
1300 3973 1378 4038 ratio

276 4084 485 4149 substantialis
509 4105 571 4147 non
595 4081 734 4148 consistit
760 4083 886 4167 praecise
911 4083 944 4146 in
970 4082 1183 4148 terminatione
1207 4083 1313 4148 formae
1339 4085 1378 4148 ad

277 4196 443 4274 materiam,
459 4194 514 4259 sed
536 4193 659 4280 praecise
680 4194 713 4257 in
734 4194 793 4258 hoc
809 4194 891 4279 quod
913 4194 1010 4259 forma
1032 4203 1063 4258 et
1081 4196 1207 4259 materia
1222 4218 1253 4259 se
1268 4205 1377 4260 mutuo

277 4307 464 4389 complentes
495 4305 552 4369 sibi
582 4306 805 4391 relinquantur,
828 4315 859 4369 et
884 4305 948 4370 sine
974 4306 1032 4371 alio
1063 4315 1254 4371 sustentante
1277 4309 1377 4390 primo
