3200 4975
214 384 281 426 cia.
300 363 338 445 1.]
534 387 576 428 us
594 387 796 431 suasrrsurra
812 389 1011 431 1111111111.
1293 366 1312 425 5

256 555 287 615 3.
310 554 360 617 Ad
375 558 617 638 cognoscendam
632 570 772 623 naturam
788 561 869 623 entis
882 559 1069 639 intellectivi,
1081 567 1206 621 notetur
1213 558 1313 641 primo

213 685 275 727 uon
291 688 378 749 posse
390 668 456 731 dari
470 669 659 734 intellectum
675 672 739 734 sine
754 670 950 754 intelligibili,
962 670 1044 755 quod
1059 692 1113 753 per
1129 692 1160 733 se
1174 677 1270 753 patet,
1281 677 1313 730 et

213 776 298 858 prius
309 788 418 841 natura
429 789 480 841 aut
491 780 599 843 saltem
609 782 727 845 ratione
735 805 800 845 esse
809 781 1001 865 intelligibile
1010 803 1102 866 quarn
1111 779 1310 843 intellectum.

215 888 355 953 Secundo
378 900 511 969 notetur,
536 892 619 977 quod
643 893 762 957 etiamsi
784 893 905 956 infinita
931 893 993 957 sint
1017 890 1232 973 intelligibilia,
1249 910 1313 951 non

214 1008 317 1063 tamen
340 1002 479 1084 sequitur
498 1026 533 1067 ea
553 1027 618 1068 esse
638 1014 709 1069 actu
726 1004 883 1069 intellecta
900 1005 938 1068 ab
956 1004 1114 1068 intellectu
1135 1011 1255 1067 creato:
1281 1010 1313 1063 et

214 1111 282 1175 ideo
297 1114 459 1196 quaerenda
479 1125 525 1178 est
543 1115 643 1199 aliqua
665 1117 752 1195 ratio,
769 1140 823 1180 cur
844 1138 881 1180 611
902 1116 1045 1179 omnibus
1067 1111 1312 1197 intelligibilibus

214 1224 353 1306 quaedanr
368 1234 438 1287 actu
455 1226 517 1289 sint
531 1227 565 1289 111
579 1226 746 1305 intellectu,
762 1228 901 1311 quaedam
917 1249 986 1290 vero
1001 1248 1074 1289 non.
1111 1224 1212 1289 Tertio
1226 1234 1312 1287 note·

216 1343 276 1413 tur,
292 1336 375 1419 quod
397 1336 461 1400 haec
484 1339 560 1402 ratio
584 1339 771 1411 desumenda
788 1349 835 1402 est
854 1362 890 1401 ex
904 1337 1105 1422 applicatione
1120 1334 1251 1420 quadam
1266 1334 1315 1397 in·

216 1445 383 1529 telligibilis
398 1448 437 1510 ad
457 1448 646 1512 intellectum
669 1460 700 1513 et
719 1450 893 1513 intellectus
912 1450 951 1513 ad
971 1447 1173 1531 intelligibile,
1189 1454 1314 1530 propter·

214 1580 306 1640 quam
330 1559 563 1642 applicationem
588 1571 618 1624 et
639 1561 787 1624 habeatur
806 1560 998 1644 intelligibile
1020 1582 1152 1643 praesens
1170 1559 1203 1621 in
1223 1556 1313 1620 intel·

215 1668 307 1745 lectu,
323 1679 353 1732 et
368 1669 542 1735 intellectus
558 1684 692 1735 versetur
707 1674 785 1736 circa
799 1672 992 1756 intelligibile
1007 1682 1042 1735 ut
1057 1693 1190 1755 praesens
1204 1682 1261 1733 est.

260 1780 334 1844 Haec
349 1782 408 1845 tria
423 1782 578 1847 evidenter
592 1793 665 1847 sunt
680 1786 848 1848 necessaria
862 1785 900 1847 ad
916 1784 1091 1848 habendum
1106 1790 1209 1846 actum
1223 1780 1313 1843 intel·

216 1891 368 1970 lectivum,
380 1892 433 1977 qui
441 1905 601 1977 propterea
612 1896 731 1959 definiri
741 1905 842 1980 potest
851 1905 934 1959 actus
945 1897 1118 1959 terminatae
1126 1894 1314 1975 (1111616111φὶ-

214 2005 319 2081 talant
320 2027 451 2088 presens
460 2015 503 2070 est
512 2008 543 2069 in
552 2008 709 2071 intellectu.
725 2008 766 2071 Et
775 2007 982 2072 haecdefiuitio
989 2008 1130 2070 convenit
1141 2028 1205 2069 non
1215 2005 1314 2069 solum

215 2117 298 2179 actui
313 2117 497 2182 intellectivo
513 2119 701 2199 accidentali,
717 2120 770 2183 sed
785 2120 844 2203 ipsi
859 2121 952 2183 etiam
966 2120 1046 2183 actui
1061 2142 1123 2204 quo
1142 2119 1316 2182 intellectus

215 2227 248 2289 in
264 2249 296 2289 se
311 2227 377 2310 ipso
394 2228 492 2311 primo
501 2240 531 2291 et
544 2230 721 2313 simpliciter
732 2230 940 2308 constituitur,
951 2242 985 2292 ut
996 2239 1102 2314 patet;
1125 2230 1317 2314 quianullus

215 2340 341 2403 omnino
357 2340 475 2424 concipi
489 2350 590 2425 potest
601 2351 687 2406 actus
702 2341 926 2421 intellectualis,
938 2342 1003 2405 sine
1018 2343 1117 2406 tribus
1132 2340 1293 2424 praedictis.

258 2456 291 2514 4.
315 2449 470 2526 Quaeritur
492 2474 564 2536 ergo
583 2454 691 2536 primo,
707 2454 747 2518 ad
764 2455 837 2538 qaid
854 2455 1025 2519 terminetur
1046 2464 1138 2532 actus,
1150 2476 1207 2537 quo
1216 2456 1314 2536 primo

215 2564 378 2626 intellectus
393 2567 580 2628 constituitur
595 2568 626 2628 c'a
640 2589 709 2630 ease.

261 2675 452 2758 Respondeo,
469 2677 624 2739 terminari
648 2678 685 2740 ad
702 2701 793 2742 suum
810 2699 875 2740 esse
889 2687 924 2740 ut
940 2677 998 2740 sibi
1020 2686 1091 2740 actu
1114 2678 1317 2759 cognoscibile

216 2795 273 2849 est.
319 2787 400 2849 Nam
430 2797 526 2865 actus,
554 2810 614 2871 quo
641 2788 739 2871 primo
765 2787 938 2851 intellectus
964 2787 1161 2850 constituitur
1184 2788 1217 2850 in
1241 2811 1315 2866 esse,

216 2920 312 2982 quum
328 2898 368 2960 sit
383 2898 425 2975 id,
441 2921 501 2983 quo
525 2899 623 2982 primo
643 2898 817 2962 intellectus
837 2911 884 2961 est
903 2899 935 2960 in
956 2908 1036 2975 actu,
1052 2897 1142 2960 debet
1160 2900 1317 2962 terminari

216 3009 255 3071 ad
278 3009 320 3088 id,
344 3009 427 3092 quod
452 3011 551 3093 primo
577 3033 708 3094 praesens
729 3020 774 3074 est
797 3011 831 3072 in
853 3009 1021 3073 intellectu.
1067 3010 1164 3093 Atqui
1184 3012 1316 3094 primum

216 3120 299 3204 quod
329 3143 461 3204 praesens
487 3135 534 3185 est
559 3122 592 3185 in
618 3122 776 3186 intellectu
802 3132 849 3185 est
872 3144 962 3185 suum
988 3122 1144 3205 proprium
1166 3144 1241 3200 esse,
1271 3145 1318 3186 se-

216 3231 352 3295 cuudum
367 3232 451 3316 quod
466 3232 642 3316 simpliciter
657 3242 714 3296 est.
758 3233 841 3316 Ilrgo
856 3244 951 3309 actus,
962 3253 1023 3315 quo
1037 3232 1136 3316 primo
1145 3232 1318 3297 intellectus

216 3343 412 3406 constituitur
426 3343 459 3406 in
475 3366 548 3422 esse,
565 3345 746 3407 terminatur
760 3343 800 3407 ad
815 3366 905 3407 suum
921 3343 1077 3426 proprium
1092 3365 1169 3406 esse.
1214 3343 1318 3407 Huius

216 3456 391 3538 argumenti
412 3456 508 3519 maior
523 3467 570 3520 est
584 3457 707 3520 evidens
722 3477 758 3520 ex
772 3478 901 3519 numero
916 3455 1114 3539 praecedente,
1130 3477 1226 3539 quum
1241 3478 1317 3539 prae·

216 3567 313 3630 sentia
336 3566 539 3651 intelligibilis
565 3567 600 3630 in
623 3567 783 3630 intellectu
806 3568 846 3630 sit
872 3567 1006 3630 conditio
1027 3567 1197 3630 essentialis
1218 3568 1319 3630 omnis

216 3679 342 3743 omnino
356 3688 443 3743 actus
457 3679 634 3744 intellectivi
647 3705 657 3756 3
679 3680 849 3742 intantum
871 3678 953 3742 enim
972 3678 1102 3742 habetur
1123 3680 1269 3762 cognitio,
1285 3679 1318 3742 in

217 3801 367 3874 quantum
383 3791 541 3874 cognitum
556 3802 603 3853 est
618 3791 650 3852 in
669 3797 883 3872 cognoscente.
927 3789 1033 3852 Minor
1053 3811 1175 3873 quoque
1192 3799 1238 3852 est
1257 3790 1319 3852 evi-

217 3901 313 3979 dens3
337 3901 416 3964 nihil
430 3902 511 3964 enirn
529 3913 574 3964 est
591 3901 689 3984 inagis
704 3909 757 3964 aut
771 3901 858 3983 prius
873 3922 1006 3983 praesens
1023 3901 1123 3978 alicui,
1140 3922 1233 3986 quarn
1255 3901 1321 3984 ipse

218 4017 294 4081 sibi:
318 4026 425 4080 caetera
440 4017 522 4080 enim
538 4016 763 4080 accidentaliter
777 4017 859 4078 fiunt
873 4017 1043 4100 praesentia,
1060 4015 1133 4079 dum
1149 4027 1254 4080 contra
1274 4018 1321 4080 in·

215 4127 360 4211 telligens
376 4128 434 4191 sibi
451 4128 510 4211 ipsi
528 4149 662 4211 praesens
677 4138 723 4190 est
738 4127 869 4190 identice
884 4135 915 4190 et
930 4127 1140 4191 essentialiter.
1186 4127 1320 4192 Conclu-

217 4239 301 4302 ditur
316 4261 400 4322 ergo,
415 4249 527 4316 actum,
544 4261 605 4323 quo
619 4239 718 4323 primo
734 4237 909 4302 intellectus
923 4240 1122 4302 constituitur
1136 4239 1169 4300 in
1185 4262 1241 4303 suo
1256 4263 1320 4302 esse

220 4349 417 4428 intellectiva,
433 4373 497 4413 esse
516 4361 616 4414 actum
639 4373 699 4436 quo
722 4350 777 4413 scit
799 4373 831 4413 se
850 4350 951 4434 ipsum
969 4373 1055 4414 esse:
1077 4361 1107 4414 et
1126 4350 1176 4414 hic
1191 4362 1237 4414 cst
1253 4374 1321 4435 pcr-
