3200 4975
245 362 312 406 car.
332 344 369 427 1.]
550 368 592 409 os
609 368 808 409 suessanum
826 369 1025 411 seraranan.
1308 352 1347 411 13

244 527 393 592 diceretur
415 531 505 594 etiam
530 532 567 594 de
590 554 625 595 eo
648 533 770 596 vinculo
795 532 932 611 unitatis,
963 532 1047 617 quod
1076 532 1205 596 resultat
1234 556 1269 596 ex
1299 555 1348 597 co-

242 638 434 704 inexistentia
460 643 592 706 materiae
615 666 686 707 cum
710 644 818 722 forma,
841 643 902 707 nisi
926 643 1103 727 metaphora
1129 645 1222 708 nimis
1248 644 1347 708 audax

243 749 405 813 videretur.
707 741 712 754 ¹

286 861 475 942 Notandum,
492 865 573 949 quod
598 886 682 928 amor
706 866 923 949 appretiativus
949 876 995 929 θεῖ
1019 866 1093 930 boni
1113 867 1251 931 absolute
1273 890 1345 932 con-

243 973 374 1052 siderati,
391 977 558 1041 secundum
582 978 664 1062 quod
685 978 778 1042 habet
800 978 998 1041 intrinsecam
1018 964 1246 1061 perfectionem,
1262 1002 1347 1043 amor

241 1106 311 1147 vero
326 1085 480 1150 affectivus
502 1095 548 1151 est
563 1088 636 1152 boni
658 1089 781 1152 relative
798 1090 990 1168 considerati,
1007 1090 1176 1153 secundum
1197 1091 1280 1175 quod
1299 1101 1346 1156 θεῖ

240 1193 354 1259 bonum
370 1197 496 1261 habenti
511 1199 597 1264 illud.
642 1200 688 1264 Ex
703 1223 764 1284 quo
773 1201 886 1263 iterum
901 1209 996 1285 patet,
1011 1202 1178 1265 terminum
1194 1203 1344 1267 resultan-

240 1314 300 1369 tem
318 1331 469 1373 examore
492 1312 703 1395 cognoscentis
718 1311 758 1374 ad
779 1312 948 1395 cognitum,
964 1323 994 1376 et
1009 1312 1152 1391 vicissim,
1168 1336 1233 1377 esse
1251 1315 1343 1379 simul

240 1420 404 1484 terminum
421 1423 650 1506 appretiationis
665 1433 695 1486 ct
711 1423 898 1502 affectionis;
922 1424 975 1508 qui
991 1424 1073 1487 enim
1085 1425 1242 1508 cognoscit
1254 1448 1344 1490 suum

241 1551 315 1610 esse,
334 1553 392 1593 non
417 1533 514 1596 solnm
537 1534 603 1611 scit,
628 1535 710 1618 quod
726 1558 786 1599 esse
806 1545 852 1596 est
873 1534 904 1597 in
921 1557 953 1597 se
968 1534 1094 1614 bonum,
1111 1535 1163 1598 sed
1179 1537 1261 1621 quod
1285 1526 1347 1600 sibi

240 1640 298 1724 ipsi
315 1665 404 1705 suum
420 1646 614 1708 essebonum
631 1656 686 1709 est.
733 1646 825 1709 Unde
840 1645 893 1709 illa
908 1646 1136 1730 complacentia,
1149 1646 1196 1709 vel
1211 1648 1344 1713 amicitia

241 1754 287 1815 sui
314 1754 352 1816 ad
373 1756 517 1840 seipsum,
533 1758 689 1841 adaequate
707 1758 852 1820 terminat
876 1759 1059 1841 exigentiam
1080 1759 1291 1841 cognoscentis
1312 1769 1343 1823 θῖ

240 1867 355 1948 cogniti
377 1868 409 1929 in
431 1890 466 1932 eo
489 1868 702 1947 existentiaet
723 1871 880 1953 adaequate
902 1870 1034 1955 complet
1056 1869 1257 1933 substantiam
1280 1872 1342 1954 spi·

239 1978 377 2042 ritualem
395 1980 516 2044 inesse.

285 2092 335 2153 14.
360 2090 519 2166 Quaeritur
544 2093 716 2170 undecimo,
740 2102 839 2157 atrum
861 2095 1026 2156 substantia
1051 2095 1218 2175 spiritualis
1240 2097 1281 2157 sit
1304 2096 1345 2158 ad

239 2203 392 2285 inopinans
407 2205 510 2267 dininas
529 2206 694 2269 Trinitatis.

282 2314 463 2397 Respondeo
479 2316 675 2379 affirmative:
699 2324 728 2379 et
750 2324 836 2399 patet
858 2338 894 2378 cx
917 2315 1107 2398 supradictis.
1154 2316 1233 2379 Nam
1251 2316 1341 2381 unica

238 2423 410 2490 substantia
433 2426 600 2511 spiritualis
626 2427 682 2492 sub
708 2427 808 2492 tribus
830 2425 1066 2492 formalitatibus
1089 2427 1289 2513 inadaequatis
1309 2439 1340 2494 et

142 2565 154 2580 ·
237 2535 359 2601 relative
374 2539 521 2622 oppositis
542 2539 660 2624 concipi
676 2547 776 2623 potest
792 2561 862 2602 cum
884 2539 1086 2602 fundamento
1100 2539 1133 2600 in
1149 2561 1190 2602 re.
1236 2539 1340 2603 Primo

237 2650 407 2732 concipitur
418 2660 453 2712 ut
468 2650 650 2734 principium
663 2650 877 2714 intellectionis
887 2648 1079 2732 intelligibile
1095 2648 1162 2726 sibi,
1176 2658 1205 2710 et
1221 2671 1254 2712 se
1269 2658 1339 2713 actu

237 2760 432 2844 intelligens,
455 2783 508 2844 per
524 2762 605 2846 quod
621 2761 758 2824 imitatur
776 2783 937 2845 personam
953 2759 1062 2823 Patris.
1110 2759 1250 2822 Secundo
1265 2783 1338 2825 con·

236 2873 348 2956 cipitur
371 2883 406 2936 ut
428 2873 578 2937 terminus
604 2873 805 2956 intelligendo
827 2872 1003 2956 productus,
1022 2879 1052 2934 θῖ
1073 2870 1189 2934 babens
1213 2894 1277 2934 esse
1299 2873 1337 2935 ab

236 2984 436 3068 intelligente,
452 2986 484 3050 id
507 2995 553 3048 θεῖ
572 2971 674 3070 ipsum
689 3008 752 3048 esse
774 2984 975 3067 intelligentis
998 2983 1056 3047 sibi
1078 2984 1337 3047 communicatum

236 3096 382 3160 identice:
406 3119 459 3180 per
471 3096 554 3180 quod
567 3096 706 3160 imitatur
720 3119 879 3180 personam
898 3095 977 3173 Filii,
990 3118 1043 3157 seu
1055 3094 1147 3157 Verbi
1161 3121 1169 3172 3
1192 3103 1238 3159 est
1253 3095 1336 3158 enim

235 3207 358 3270 verbum
384 3217 528 3272 creaturae
551 3207 773 3271 intellectualis.
820 3207 921 3268 Tertio
944 3206 1113 3289 concipitur
1139 3215 1174 3268 ut
1204 3206 1337 3290 comple·

234 3328 373 3382 mentum
397 3342 450 3382 seu
470 3319 619 3383 terminus
641 3318 777 3382 formalis
804 3317 1035 3402 conspirationis
1057 3326 1173 3380 mutuae
1196 3317 1337 3403 principii

235 3430 411 3495 intellectivi
427 3441 457 3494 ct
478 3430 600 3494 termini
618 3430 818 3514 intelligendo
834 3429 992 3513 producti:
1016 3451 1069 3513 per
1093 3429 1175 3513 quod
1198 3429 1337 3494 imitatur

233 3565 392 3626 personam
411 3543 547 3626 Spiritus,
560 3543 675 3608 Sancti.

279 3655 353 3718 Haec
365 3663 466 3717 autem
482 3653 540 3717 tria
550 3663 622 3717 siant
637 3653 757 3717 realiter
769 3653 922 3730 distincta,
932 3653 1001 3716 licet
1018 3652 1079 3715 sint
1091 3650 1229 3735 absolute
1238 3675 1335 3716 unum

234 3788 288 3828 ens
313 3764 532 3829 substantiale:
564 3765 595 3828 id
620 3773 676 3842 est,
701 3764 817 3828 habent
846 3763 1075 3826 distinctionem
1105 3761 1215 3826 realem
1239 3774 1335 3828 mcta-

231 3877 399 3962 physicam,
424 3899 486 3939 non
510 3876 676 3962 physicam.
722 3875 805 3938 Nam
828 3875 868 3938 ad
893 3873 1064 3938 habendam
1092 3873 1200 3937 realem
1227 3874 1336 3939 distin·

232 3991 364 4053 ctionem
382 3987 619 4074 metaphysicam
641 3995 772 4065 tantum,
789 3986 899 4050 sufficit
915 3986 1025 4049 habere
1041 4009 1137 4049 unum
1159 3987 1237 4051 roale
1257 3988 1335 4075 phy.

233 4101 329 4164 sicum
360 4101 417 4163 sub
445 4099 570 4163 diversis
608 4097 804 4182 conceptibus
835 4097 1059 4183 metaphysicis,
1090 4121 1221 4181 quorum
1253 4122 1336 4163 unus

231 4212 350 4276 realiter
366 4211 487 4276 relative
508 4223 681 4295 opponatur
696 4209 791 4273 alteri.
840 4208 943 4284 Quum
962 4210 1042 4273 enim
1058 4209 1092 4272 bi
1107 4221 1273 4294 conceptus
1288 4211 1335 4274 in·

231 4311 380 4408 ad'aequati
397 4331 613 4408 repraesentent
633 4322 747 4407 aliquid
763 4343 823 4412 non
846 4322 952 4384 fictum
969 4345 985 4384 a
1006 4331 1118 4399 mente,
1136 4322 1188 4384 sed
1204 4322 1333 4398 realiter,
