3200 4975
239 359 308 404 cnr.
325 340 394 423 ιιι]
432 348 435 351 ’
633 360 676 402 nn
696 359 952 405 nccrnnurrnus.
1278 345 1340 407 391

237 531 374 587 naturam
388 532 519 603 mutent,
535 525 622 608 quasi
636 518 833 589 materialiter
846 546 956 609 corpus
979 522 1094 589 Christi
1108 525 1342 589 eucharisticum

237 642 389 698 constaret
403 642 450 698 tot
465 635 622 700 elementis
637 645 713 719 quot
727 636 852 700 fuerunt
866 635 900 699 iu
914 658 1003 720 pane,
1019 636 1103 720 quod
1120 636 1280 701 manifeste
1295 648 1341 701 est

235 743 404 808 absurdum
423 753 454 808 et
473 745 534 830 ipsi
554 746 698 831 mysterio
723 754 893 830 repugnat:
917 745 970 809 sed
992 746 1157 830 requiritur
1176 755 1208 812 et
1230 748 1341 812 sufficit

238 854 320 940 quod
348 856 550 920 transferatur
583 858 661 921 ratio
693 856 872 922 substantie
901 878 955 941 per
988 857 1046 923 hoc
1079 858 1162 942 quod
1197 857 1340 923 Christus

236 966 358 1031 realiter
370 989 504 1051 praesens
519 966 687 1032 secuudum
707 990 793 1031 suam
813 967 1014 1032 substantiam
1032 974 1182 1032 sustentet
1197 977 1338 1032 naturam

232 1077 335 1143 illam:
358 1086 432 1144 tunc
443 1078 535 1158 enim,
546 1100 583 1143 eo
594 1078 671 1163 ipro,
684 1077 769 1142 nulla
783 1078 843 1142 alia
853 1077 911 1141 erit
921 1078 955 1140 in
967 1087 1154 1143 sacmmcnto
1167 1076 1339 1143 substantia

235 1189 295 1253 nisi
318 1188 443 1270 Christi,
474 1212 572 1274 quum
597 1188 713 1273 reliqua
734 1187 848 1269 omnia,
871 1196 980 1272 utpote
1001 1196 1182 1267 sustentata,
1205 1188 1338 1253 habeant

233 1300 382 1365 rationem
396 1300 611 1365 accidentium.

277 1414 377 1478 Dices.
407 1412 442 1475 Si
463 1412 507 1475 ita
527 1420 617 1490 essct,
640 1431 751 1495 corpus
774 1408 890 1473 Christi
912 1418 992 1473 esset
1013 1408 1185 1475 subiectum
1214 1410 1337 1475 illorum

234 1523 455 1588 accidentium:
485 1524 541 1588 sed
564 1523 623 1587 hoc
648 1530 695 1587 est
717 1521 850 1587 falsum:
880 1529 912 1585 et
937 1542 1043 1585 omues
1067 1521 1204 1605 theologi
1229 1520 1337 1587 dicunt

234 1632 400 1699 accidentia
415 1656 537 1698 manere
551 1632 618 1697 sine
632 1632 779 1697 subiecto.

276 1744 458 1829 Respondeo
480 1747 549 1809 dist.
572 1746 623 1809 M.
647 1766 757 1828 corpus
780 1742 896 1809 Christi
918 1751 997 1809 esset
1019 1741 1190 1809 subiectum
1212 1742 1334 1809 illorum

231 1853 433 1919 accidentium
455 1855 544 1939 quasi
566 1855 768 1939 propriorum,
791 1854 876 1917 iuxta
898 1853 1085 1919 ordinarium
1109 1874 1232 1917 sensum
1248 1876 1334 1919 voee-

232 1966 298 2030 buli
317 1992 347 2031 o.
368 1970 430 2046 M„
449 1977 530 2032 esset
549 1969 722 2032 subiectum
741 1968 775 2031 in
796 1990 891 2033 sensu
912 1968 1004 2051 longe
1027 1968 1095 2046 alio,
1121 1968 1153 2031 id
1176 1976 1233 2047 est,
1255 1978 1334 2033 esset

232 2087 408 2144 sustentans
434 2080 664 2165 supernaturale
692 2080 896 2145 accidentium
921 2102 982 2145 non
1007 2102 1143 2157 snorum,
1168 2080 1221 2143 sed
1247 2080 1334 2163 panis

230 2213 256 2253 c.
268 2192 318 2253 M.
335 2199 366 2254 et
380 2193 550 2256 coomadiet.
571 2194 642 2256 mia.
661 2214 690 2255 a.
712 2214 789 2255 cons.
834 2191 946 2254 Verum
971 2200 1027 2270 cst,
1048 2212 1154 2255 omnes
1175 2191 1332 2274 theologos

145 2317 148 2323 ·
230 2304 366 2383 posuisse
385 2302 552 2367 accidentia
571 2303 637 2367 sine
658 2302 804 2380 subiecto,
824 2300 858 2366 id
877 2310 923 2365 est
938 2303 1001 2365 sine
1014 2302 1177 2366 substantia
1186 2304 1286 2385 panis,
1301 2311 1332 2365 et

228 2412 385 2498 negavisse
415 2413 573 2478 Christum
602 2437 667 2479 esse
697 2413 868 2480 subiectum
898 2414 1052 2499 ipsorum:
1076 2413 1129 2477 scd
1158 2434 1195 2477 ex
1216 2414 1332 2477 ratione

228 2548 321 2610 quam
335 2548 391 2610 pro
411 2526 468 2591 hec
491 2527 624 2591 secunda
644 2536 731 2612 parte
752 2526 922 2604 adducunt,
944 2535 1070 2611 apparet
1088 2547 1140 2590 eos
1160 2526 1260 2590 solum
1274 2526 1332 2588 hoc

228 2637 313 2714 velle,
329 2638 412 2721 quod
432 2624 598 2701 accidentia
617 2636 670 2700 illa
691 2658 754 2700 non
776 2637 839 2698 sint
861 2636 1027 2700 accidentia
1049 2635 1182 2719 corporis
1204 2635 1330 2714 Christi,

229 2746 282 2809 scd
301 2747 398 2831 panis.
444 2747 495 2810 Sic
511 2747 543 2810 S.
559 2746 692 2810 Thomas
710 2747 753 2831 (p.
769 2750 801 2811 3.
818 2770 849 2832 q.
866 2751 915 2813 77.
932 2769 960 2812 a.
978 2748 1009 2828 1)
1028 2746 1101 2812 dicit
1115 2769 1150 2810 ea
1165 2746 1331 2814 accidentia

229 2877 292 2920 non
307 2878 372 2920 esse
388 2855 419 2920 in
440 2857 611 2920 substantia
633 2858 765 2941 corporis
787 2856 902 2922 Christi
917 2866 952 2922 ut
968 2857 1000 2922 in
1016 2856 1161 2936 subiecto,
1178 2859 1247 2940 qnia
1261 2860 1327 2922 aab·

227 2969 339 3031 stantia
354 2970 473 3032 lamani
492 2970 621 3051 corporis
642 2969 826 3034 nolh'modo
842 2977 942 3052 potest
963 2970 1008 3032 leis
1021 2969 1215 3032 accidentibus
1230 2971 1329 3050 affici,-

227 3100 319 3160 oeque
332 3079 421 3141 etium
435 3087 478 3142 est
489 3079 636 3160 possibile,
657 3080 736 3161 quod
753 3101 857 3162 corpus
874 3079 986 3142 Chresti
1003 3081 1164 3162 phriosnm
1178 3087 1207 3142 ct
1221 3082 1327 3164 impos-

228 3189 311 3252 sibile
325 3193 452 3253 existens
468 3209 665 3254 inruemur
680 3211 725 3254 an
741 3209 980 3254 susorrrnnnss
1002 3209 1195 3258 uulusuonr
1210 3211 1327 3261 ouum·

227 3320 335 3364 rurus.
382 3301 458 3364 Haec
472 3299 561 3364 verba
575 3300 665 3384 plane
685 3301 836 3385 aperiunt,
857 3300 977 3365 excludi
991 3324 1009 3364 a
1024 3324 1148 3384 corpore
1162 3300 1278 3366 Christi
1292 3303 1325 3367 in

224 3419 306 3475 statu
322 3411 453 3476 naturali
470 3411 618 3476 existente
639 3412 787 3475 rationem
810 3411 949 3488 subiecti,
969 3411 1001 3474 iu
1018 3421 1166 3496 quantum
1183 3413 1235 3480 illa
1249 3416 1324 3478 acci-

225 3522 329 3587 dentia
350 3523 458 3587 fierent
479 3522 593 3606 ipsius:
617 3522 701 3606 quod
725 3530 807 3586 certe
835 3529 1005 3608 repugnat:
1029 3522 1083 3586 sed
1104 3523 1187 3607 quod
1216 3546 1326 3609 corpus

224 3633 340 3697 Christi
361 3635 414 3698 fiat
436 3642 613 3698 sustentans
634 3634 668 3697 in
690 3656 746 3696 suo
767 3642 850 3698 statu
880 3633 1088 3698 sacramentali
1113 3635 1158 3718 (in
1179 3657 1241 3718 quo
1263 3658 1325 3699 nou

225 3752 328 3807 manet
343 3745 400 3809 sub
416 3745 479 3809 suis
499 3744 704 3809 accidentibus
726 3744 868 3830 propriis)
891 3743 943 3808 illa
963 3744 1137 3824 accidentia,
1153 3745 1197 3808 ita
1210 3755 1246 3808 nt
1262 3768 1324 3810 non

224 3853 381 3933 afficiatur,
410 3877 466 3919 nec
494 3855 649 3935 alteretur,
679 3855 736 3920 hoc
765 3855 887 3922 nullum
916 3855 1008 3920 habet
1037 3856 1269 3922 inconveniens:
1292 3867 1324 3922 ct

223 3965 325 4048 quoad
352 3988 418 4029 rem
451 3965 566 4050 aliquid
599 3967 782 4051 equivalens
816 3965 923 4032 dicunt
958 3989 1083 4046 omnes3
1112 3991 1184 4030 nam
1218 3991 1325 4034 omnes

221 4077 357 4140 latentur
385 4075 552 4141 accidentia
572 4078 686 4143 virtute
715 4078 938 4162 supernaturali
967 4079 1078 4142 servari
1100 4079 1134 4141 in
1160 4101 1214 4143 suo
1240 4103 1322 4146 esse:

222 4187 299 4250 nihil
321 4197 421 4252 autem
446 4188 544 4272 magis
566 4197 612 4253 est
641 4189 775 4269 obvium,
805 4211 896 4274 quarn
924 4189 1057 4252 tribuere
1078 4189 1158 4254 hanc
1181 4190 1322 4256 virtutem

223 4298 281 4380 ipsi
295 4301 413 4384 corpori
429 4299 555 4380 Christi,
570 4299 652 4385 quod
668 4300 725 4364 sub
740 4301 777 4364 iis
792 4301 999 4366 accidentibus
1016 4301 1175 4385 reperitur.
