3200 4975
289 355 355 418 854
681 375 724 421 oe
739 372 992 419 rocrnnnrmus.
1236 354 1323 438 [cnr.
1340 375 1396 420 111.

289 540 377 605 realis
403 542 588 623 successivae,
602 551 730 628 cogetur
751 563 864 627 negare
887 542 1062 606 relationem
1087 562 1141 626 per
1167 540 1253 624 prius
1272 547 1303 604 et
1324 547 1395 624 post

289 674 356 718 esse
378 652 500 733 realem,
515 664 547 720 et
570 663 791 740 consequenter
805 654 929 720 debebit
943 654 1052 733 dicere,
1068 674 1135 717 eam
1151 674 1216 717 esse
1224 676 1333 737 peram
1348 675 1394 715 re-

289 764 427 828 lationem
449 767 584 830 rationis.
631 766 699 831 Hoc
722 766 866 830 ultimum
896 773 999 830 tamen
1029 787 1092 829 non
1118 764 1238 829 videtur
1265 772 1393 841 rectum,

290 877 453 962 quiaillud
476 880 590 962 qnando
612 879 697 963 quod
711 877 869 964 prseteriit,
884 900 946 942 non
970 886 1016 945 est
1038 899 1093 941 ens
1115 877 1252 955 rationis,
1269 878 1321 941 sed
1339 900 1394 941 eus

287 988 367 1053 reale
381 988 502 1053 realiter
517 990 696 1055 distinctum
712 989 750 1053 ab
765 990 826 1054 ulio
848 990 964 1074 qnando
987 987 1070 1075 quod
1091 1010 1176 1053 nunc
1197 997 1253 1053 est.
1301 988 1392 1052 Unde

288 1120 410 1163 neeesse
424 1108 471 1164 est
481 1100 529 1164 vel
543 1099 642 1165 dicere
657 1100 836 1165 relationem
851 1100 937 1165 illam
953 1122 1018 1165 esse
1033 1101 1198 1165 successive
1213 1100 1333 1177 realem,
1345 1099 1391 1163 vel

208 1192 216 1206 '
288 1209 405 1274 nullam
429 1211 496 1275 dari
520 1212 698 1277 relationem
722 1211 803 1277 iuter
823 1212 910 1297 prius
933 1221 963 1275 et
984 1219 1063 1296 post,
1079 1218 1111 1275 et
1128 1233 1234 1275 omnes
1253 1210 1392 1274 homines

288 1321 364 1386 falsa
378 1322 597 1408 imaginatione
612 1324 711 1409 decipi
726 1324 800 1389 dum
810 1332 933 1409 tempus
944 1324 1091 1408 cogitant.
1127 1323 1391 1401 Concludendum,

288 1434 321 1497 in
339 1434 536 1500 relationibus
559 1435 715 1514 duretivis,
732 1457 802 1521 quae
825 1458 857 1499 se
879 1435 1048 1499 extendunt
1064 1434 1103 1499 ad
1118 1457 1178 1499 esse
1193 1443 1223 1498 et
1239 1434 1277 1498 sd
1284 1435 1391 1518 scisse,

288 1570 354 1611 esse
368 1557 399 1612 et
414 1548 509 1613 fuisse
523 1548 697 1635 accipienda
711 1570 776 1613 esse
790 1556 949 1633 tamquam
964 1548 1088 1612 relative
1103 1548 1204 1612 realia.

331 1656 384 1723 56.
409 1658 565 1736 Quaeritur
577 1669 692 1737 octavo,
707 1661 781 1743 qaid
791 1661 833 1724 sit
846 1660 950 1724 relatio
962 1669 1073 1738 metae,
1089 1668 1118 1724 et
1132 1649 1190 1723 non
1204 1666 1313 1723 metae.

332 1771 525 1856 Respondes,
554 1771 715 1835 relationes
744 1792 763 1834 a
788 1768 981 1855 philosophis
1010 1769 1070 1834 diei
1100 1779 1223 1834 mutuas
1252 1769 1299 1833 vel
1328 1788 1391 1832 non

288 1890 421 1962 mutuas,
437 1892 530 1968 prout
544 1884 577 1947 in
591 1883 653 1947 illis
667 1880 905 1947 fundamentum
921 1882 973 1947 dat
988 1882 1036 1946 vel
1051 1881 1174 1967 utrique
1188 1890 1331 1958 extremo,
1344 1880 1391 1944 vel

287 1994 343 2057 uni
357 1994 516 2059 dumtaxat
530 2018 595 2059 esse
609 1994 730 2059 realiter
743 1994 915 2059 relativum.
945 1995 1049 2078 Atque
1062 1992 1096 2057 in
1110 1993 1217 2079 primis
1233 1993 1326 2078 quaeri
1340 1993 1391 2055 bie

286 2114 399 2189 posset,
412 2128 452 2169 an
467 2105 531 2170 haee
547 2106 703 2171 distinctio
718 2106 758 2169 sit
773 2106 973 2182 admittenda,
983 2124 1079 2190 quum
1089 2105 1227 2169 videatur
1241 2104 1389 2169 absurda:

287 2216 439 2299 quomodo
454 2217 536 2281 enim
550 2217 669 2302 concipi
679 2226 780 2301 potest
795 2217 884 2281 realis
899 2216 1015 2296 relatio,
1031 2217 1119 2281 cuins
1137 2238 1219 2281 unus
1241 2216 1390 2281 terminus

286 2348 350 2391 non
374 2328 415 2391 sit
439 2328 560 2393 realiter
582 2329 753 2393 relativnsl
797 2330 944 2393 Attamen
961 2330 994 2393 S.
1008 2328 1142 2393 Thomas
1169 2330 1260 2414 (p.1.
1285 2332 1392 2413 q.·13.‘

286 2462 314 2505 a.
331 2442 362 2524 7)
387 2440 466 2507 hunc
487 2464 551 2506 rem
567 2442 721 2507 subtiliter
735 2442 883 2528 explicare
899 2450 1027 2507 conatur
1040 2441 1090 2506 his
1106 2442 1225 2509 verbis:
1252 2444 1389 2518 Quando·

285 2575 341 2637 qae
354 2554 469 2634 relatio,
484 2554 596 2640 inquit,
611 2557 644 2618 in
657 2576 715 2618 eno
730 2564 924 2619 cetranorum
938 2562 981 2618 est
995 2575 1043 2618 res
1056 2562 1179 2632 natare,
1202 2563 1231 2619 et
1249 2557 1280 2618 in
1297 2556 1390 2620 altero

285 2673 329 2728 est
350 2687 397 2728 res
417 2667 542 2730 rationis
564 2674 699 2730 tantam:
722 2675 752 2731 ct
773 2667 827 2730 boc
849 2667 992 2750 continpit
1015 2667 1251 2750 quandocumque
1268 2668 1323 2732 deo
1338 2691 1389 2732 ea-

286 2785 378 2840 trema
392 2800 452 2840 non
465 2786 534 2842 sant
555 2781 641 2841 anias
659 2779 789 2842 ordinis:
812 2779 888 2842 sient
909 2797 1009 2842 sensas
1030 2786 1059 2842 et
1080 2779 1202 2842 scientia
1223 2779 1390 2862 rq‘eantnr

285 2890 326 2952 ad
341 2890 474 2953 sensibile
495 2900 525 2954 et
543 2891 662 2954 scibile:
685 2913 749 2973 qao
768 2890 892 2972 paidom,
908 2890 939 2951 in
962 2896 1104 2972 qnantum
1117 2897 1186 2953 snnt
1199 2912 1247 2953 res
1260 2891 1390 2973 qaedam

285 3003 316 3063 in
331 3022 391 3064 esse
404 3002 536 3065 natarali
549 3004 714 3079 enatantes,
729 3009 798 3064 sant
813 3009 899 3065 retra
913 3001 1042 3064 ordinem
1057 3023 1118 3064 esse
1131 3001 1275 3065 sensibilis
1294 3009 1323 3064 et
1342 3001 1389 3064 in-

283 3112 452 3198 tellipibilis.
497 3115 544 3178 Et
565 3116 629 3178 ideo
651 3117 683 3177 in
703 3116 826 3178 scientia
843 3114 957 3198 quidem
971 3122 1000 3178 et
1014 3133 1100 3178 sensa
1111 3113 1215 3178 relatio
1230 3123 1273 3179 est
1290 3115 1388 3192 realis,

281 3225 437 3287 vsecandam
453 3226 531 3308 qaod
543 3227 716 3289 ordinanter
730 3225 928 3288 adoriendam
938 3226 985 3288 ael
997 3225 1176 3290 sentiendam
1190 3247 1257 3298 res,·
1279 3227 1332 3290 sed
1343 3248 1390 3290 res

285 3337 354 3417 ipse
368 3337 400 3399 in
413 3359 444 3399 se
459 3337 645 3414 mnnderatae
662 3345 730 3400 ment
745 3345 831 3399 entra
850 3336 979 3400 ordinem
1001 3337 1164 3400 huiusmodi
1172 3361 1183 3409 ,·
1206 3337 1282 3400 ande
1299 3339 1331 3400 in
1348 3339 1389 3401 eis

284 3468 342 3509 non
364 3454 408 3510 est
427 3448 526 3530 aliqua
548 3448 652 3511 relatio
670 3448 759 3511 realis
774 3448 814 3511 cd
826 3448 977 3511 scientiam
992 3455 1021 3510 et
1034 3469 1157 3524 sensnm,
1172 3448 1225 3510 sed
1235 3449 1389 3513 secandam

283 3559 425 3621 rationem
440 3567 564 3637 tantam,
576 3562 607 3622 in
622 3568 762 3642 quantem
776 3559 939 3623 intellectas
954 3559 1144 3642 apprehendit
1155 3579 1189 3622 ea
1203 3566 1238 3622 nt
1253 3561 1389 3624 terminos

283 3672 458 3735 relationem
485 3674 612 3735 scientie
641 3680 670 3735 et
698 3690 807 3735 sennes.
872 3672 954 3735 Unde
982 3671 1178 3754 Philosophus
1207 3671 1278 3735 dicit
1307 3673 1339 3735 in
1368 3676 1387 3735 ὅ

285 3784 433 3866 Metaptl,
450 3784 530 3866 qnod
548 3805 607 3849 non
628 3784 765 3848 dicantar
785 3782 911 3846 relativa
933 3805 965 3846 ec
988 3783 1067 3865 qnod
1086 3784 1150 3864 ipssa
1167 3775 1336 3864 referantur
1350 3784 1391 3846 ad

283 3894 353 3972 alie,
368 3895 421 3956 sed
433 3895 503 3977 qaia
517 3894 579 3957 alia
593 3895 759 3978 reserentur
779 3895 820 3958 ad
831 3896 906 3978 ipssa
951 3887 997 3956 Et
1018 3893 1153 3957 similiter
1174 3893 1309 3956 dentrnm
1330 3916 1388 3957 non

283 4005 391 4068 dicitur
405 4005 441 4068 de
455 4006 598 4084 columna,
613 4007 672 4070 nisi
685 4007 717 4068 in
732 4013 874 4089 quantum
883 4007 1009 4088 ponitur
1023 4004 1145 4068 animali
1159 4005 1200 4067 ad
1212 4001 1361 4069 dexteram
1375 4033 1384 4068 :

282 4116 357 4178 ande
371 4117 535 4180 huiusmodi
548 4117 653 4180 relatio
667 4110 783 4181 nonest
793 4117 913 4181 realiter
927 4119 959 4180 in
973 4118 1115 4194 columna,
1128 4116 1179 4179 sed
1191 4117 1222 4178 in
1233 4117 1363 4181 animati.

326 4224 438 4289 Positis
454 4236 556 4291 autem
571 4227 620 4291 bis
635 4227 804 4312 principiis,
820 4227 954 4292 ostendit
972 4229 1003 4291 S.
1020 4228 1162 4306 Thomas,
1179 4226 1313 4292 divinam
1327 4227 1385 4291 im-

282 4337 519 4402 mutabilitatem
543 4341 654 4404 servari
675 4340 859 4407 incolumem
886 4363 949 4404 non
973 4339 1163 4404 obstantibus
1187 4339 1386 4404 relationibus
