3200 4975
256 357 318 419 162
705 376 747 418 nn
765 376 912 419 souma.
1232 357 1316 442 [car.
1333 376 1356 418 1.

254 541 411 606 executiva
433 548 521 605 aetus
543 539 709 624 spiritualis
731 542 919 606 transeuntis
941 541 974 604 in
997 541 1169 606 subiectum
1196 540 1359 606 materiale.

253 653 397 718 Vidimus
411 653 445 717 in
460 652 649 737 praecedente
663 643 795 716 tractatu
813 654 855 736 (n.
873 657 925 732 52,
942 656 996 736 53)
1013 653 1112 718 inesse
1127 652 1284 737 spiritibus
1298 653 1360 716 vim

256 765 401 828 motivam
425 783 597 847 corporum,
619 784 689 846 quae
711 785 774 827 nou
795 763 998 848 distinguitur
1012 786 1047 828 ex
1063 774 1148 848 parte
1164 763 1328 848 spirituum
1345 786 1363 826 a

256 876 491 942 viinformativa
505 897 677 958 corporum,
693 875 748 939 sed
762 885 885 939 tantum
897 899 932 940 ex
948 885 1034 960 parte
1049 877 1173 940 termini
1189 875 1362 940 materialis.

258 988 292 1052 Si
307 988 389 1052 enim
404 987 555 1050 terminus
570 986 735 1051 materialis
750 987 790 1050 sit
805 987 838 1050 iu
853 988 991 1072 potentia
1002 988 1095 1052 vitam
1110 988 1236 1066 habens,
1248 996 1279 1051 et
1294 987 1362 1050 ideo

257 1097 469 1176 informabilis,
482 1099 653 1162 substantia
667 1098 834 1181 spiritualis
849 1122 917 1183 quae
932 1099 1050 1164 adeum
1065 1099 1245 1164 naturaliter
1259 1100 1363 1162 termi-

258 1219 361 1289 natur,
376 1209 592 1275 terminabitur
607 1210 764 1296 adaequate
779 1220 815 1276 ut
830 1212 929 1275 forma
938 1210 977 1274 ad
989 1211 1146 1276 materiam
1155 1209 1363 1296 postulantem

257 1324 366 1402 vivere,
376 1330 407 1386 et
418 1330 543 1407 propter
554 1322 632 1386 hanc
641 1321 812 1386 naturalem
823 1321 1007 1406 exigentiam
1016 1322 1086 1386 vitae
1096 1322 1149 1386 fiet
1158 1344 1256 1385 unum
1265 1343 1319 1404 per
1332 1343 1363 1383 se

259 1433 560 1498 naturalitervivens.
606 1433 719 1498 sivero
729 1433 879 1498 terminus
889 1433 1050 1497 materialis
1060 1455 1122 1497 non
1133 1433 1214 1497 sitin
1228 1431 1366 1516 potentia

258 1545 352 1609 vitam
367 1545 494 1624 habeus,
510 1553 541 1609 et
555 1544 624 1608 ideo
640 1567 701 1609 non
718 1545 758 1608 sit
775 1545 986 1624 informabilis,
1008 1544 1179 1608 substantia
1199 1542 1364 1629 spiritualis

259 1679 322 1720 non
338 1656 418 1720 dicet
438 1656 571 1742 aliquem
591 1657 730 1726 ordinem
749 1657 920 1728 naturalem
936 1655 974 1720 ad
989 1655 1089 1736 illum,
1105 1666 1145 1735 et,
1160 1679 1257 1741 quum
1271 1654 1364 1718 libere

259 1768 299 1833 ad
314 1790 385 1832 eum
401 1768 546 1831 terminat
558 1767 698 1852 seipsam,
719 1790 782 1832 non
805 1759 1019 1832 terminabitur
1041 1767 1197 1853 adaequate
1218 1775 1252 1830 ut
1266 1767 1364 1855 forma

259 1879 337 1943 daus
359 1879 466 1957 vivere,
493 1879 547 1942 sed
570 1879 762 1963 inadaequate
786 1888 822 1943 ut
837 1880 933 1944 virtus
957 1880 1033 1943 dans
1057 1891 1186 1958 motum,
1211 1878 1250 1942 ad
1273 1900 1364 1962 quem

259 1991 359 2056 solum
375 1991 501 2055 materia
516 1990 569 2054 illa
583 1999 630 2054 est
645 1991 677 2054 in
694 1991 832 2075 potentia
840 2018 850 2071 ;
874 2001 904 2055 et
920 1992 962 2056 sic
983 2015 1044 2055 non
1062 1991 1180 2055 dicetur
1194 1990 1276 2074 quod
1292 1989 1363 2053 sub-

260 2106 374 2170 stantia
403 2103 569 2187 spiritualis
598 2112 645 2167 est
667 2103 766 2167 forma
795 2113 909 2182 motus,
936 2103 991 2166 sed
1019 2103 1102 2188 quod
1127 2104 1223 2167 virtus
1252 2103 1366 2166 motiva

260 2217 386 2303 spiritus
408 2224 511 2286 actuat
532 2224 651 2280 motum
674 2216 855 2294 efficientem
878 2216 951 2300 quia
971 2216 1103 2280 actuatio
1123 2224 1226 2280 motus
1240 2237 1302 2278 nou
1318 2222 1365 2278 est

258 2329 421 2413 adaequata
443 2335 474 2392 et
489 2326 644 2393 «naturalis
671 2326 846 2390 terminatio
875 2325 1057 2392 substantiae
1083 2325 1258 2411 spiritualia,
1285 2326 1365 2390 sicut

258 2438 447 2530 informatio,
478 2437 532 2503 sed
560 2437 736 2503 terminatio
765 2438 970 2519 accidentalis,
994 2448 1026 2503 et
1052 2439 1219 2505 secundum
1249 2436 1365 2522 aliquid

258 2560 393 2630 tantum,
419 2574 474 2635 per
503 2550 730 2636 quamaccipit
759 2572 875 2617 nomeu,
892 2551 1015 2616 virtutis
1045 2552 1197 2616 actuantis
1226 2550 1363 2615 acciden-

259 2662 363 2727 taliter
376 2671 513 2727 motum:
536 2671 568 2726 et
581 2669 706 2746 propter
726 2661 784 2725 hoc
797 2683 861 2725 non
875 2661 928 2725 fiet
943 2684 982 2725 ex
996 2662 1053 2727 hac
1068 2661 1181 2726 virtute
1195 2671 1226 2725 et
1241 2682 1365 2745 corpore

261 2783 344 2838 moto
358 2796 456 2838 unum
472 2795 527 2857 per
541 2796 584 2852 se,
600 2773 654 2838 sed
675 2795 773 2837 unum
788 2794 843 2857 per
858 2773 1006 2839 accidens.
1052 2772 1171 2858 Corpus
1186 2796 1256 2836 vero
1270 2772 1363 2835 infor·

260 2894 389 2965 matum,
406 2906 441 2949 eo
460 2885 528 2970 ipso
546 2884 630 2969 quod
649 2884 687 2948 ab
708 2884 810 2949 anima
833 2885 939 2970 recipit
955 2884 1057 2964 vitam,
1081 2907 1099 2948 a
1119 2884 1238 2949 fortiori
1259 2882 1366 2968 recipit

260 3006 391 3075 motum,
406 3004 442 3060 ut
456 3006 559 3081 patet:
583 2996 637 3061 sed
660 3007 773 3077 motus,
793 2997 848 3081 qui
867 2996 1014 3061 advitam
1034 3020 1098 3060 non
1113 2997 1319 3081 requiruntur,
1334 3003 1365 3059 et

260 3109 313 3193 qui
327 3109 422 3173 libere
436 3108 625 3193 imperantur
643 3132 661 3173 a
676 3109 843 3189 voluntate,
869 3117 942 3173 sunt
964 3110 1056 3181 etiam
1078 3109 1111 3172 in
1132 3131 1256 3193 corpore
1270 3108 1365 3171 infor-

259 3228 343 3284 mato
352 3220 564 3308 accidentalem
585 3220 745 3303 spontanei
756 3228 870 3298 autem,
885 3219 996 3303 quibus
1007 3228 1147 3285 movetur
1161 3220 1364 3305 organismus,

260 3339 334 3393 sunt
348 3330 471 3414 proprie
485 3330 650 3408 naturales.
697 3331 747 3394 Sic
762 3330 838 3395 dum
853 3330 939 3396 cibus
954 3332 1027 3396 satis
1043 3332 1181 3416 digestus
1196 3340 1242 3397 est
1257 3342 1287 3397 et
1303 3331 1364 3403 diss

258 3443 393 3506 tributus
415 3466 470 3528 per
492 3430 594 3539 debita
608 3443 731 3521 viscera,
752 3454 789 3507 ut
810 3444 850 3506 sit
872 3466 964 3529 capax
986 3445 1186 3510 concurrendi
1208 3444 1303 3509 active
1326 3422 1387 3507 ad·

258 3554 352 3617 vitam
367 3541 542 3618 sensitiva'tn
563 3554 733 3639 compositi,
755 3555 858 3618 statim
881 3555 1065 3623 informatur
1079 3556 1118 3621 ab
1133 3557 1244 3635 anima,
1260 3564 1295 3620 ut
1310 3557 1363 3620 fiat

259 3687 331 3750 pars
345 3664 503 3749 compositi
519 3673 590 3729 actu
604 3664 724 3730 vivens:
749 3665 803 3729 sed
817 3666 952 3749 operatio
967 3667 1115 3751 digestiva
1130 3676 1160 3731 et
1176 3668 1364 3753 subsequens

259 3776 434 3842 informatio
462 3797 526 3839 non
555 3776 691 3861 pendent
720 3775 758 3840 ab
788 3776 890 3861 aliqua
918 3778 949 3845 vi
978 3780 1132 3845 executiva
1163 3802 1231 3864 quae
1259 3788 1364 3863 pareat

259 3888 420 3956 voluntati.
453 3977 455 3983 y
1357 3957 1359 3961 .

253 4059 257 4066 .
302 4002 359 4067 Vis
379 4000 494 4065 motiva
517 4022 689 4085 corporum,
711 4008 804 4084 prout
827 4008 874 4068 est
895 4002 929 4065 in
952 4002 1120 4087 composito
1142 4025 1179 4066 ex
1201 4002 1312 4087 spiritu
1332 4013 1364 4067 et

254 4113 394 4193 materia,
427 4122 475 4178 est
510 4112 685 4198 dependens
719 4112 821 4208 quoad
856 4114 1034 4178 exercitium
1063 4114 1100 4179 ab
1133 4115 1207 4200 ipsis
1240 4114 1363 4199 organis

257 4225 419 4311 corporeis,
450 4222 563 4309 quibus
584 4224 631 4288 uti
654 4223 743 4288 debet
766 4224 806 4289 ad
829 4227 942 4310 quaevis
964 4249 1089 4311 corpora
1118 4224 1276 4292 movenda.
1321 4226 1362 4295 Et

255 4338 314 4412 hoc
336 4336 533 4422 consequitur
554 4336 677 4420 ⁴partim,
696 4358 733 4407 eu¹
755 4358 791 4401 eo
818 4338 967 4422 quodvis
997 4338 1111 4409 motiva
1135 4337 1175 4402 sit
1198 4338 1244 4403 vis
1267 4337 1361 4403 infor-
