3200 4975
246 338 312 403 296
648 359 691 401 os
708 358 963 402 accrnsurxsus.
1220 334 1309 418 [car.
1326 354 1349 397 1.

246 522 325 587 deut
336 522 415 588 actio
424 522 538 587 motiva
550 532 584 588 ut
594 533 716 609 recepta
727 523 839 588 dicitur
847 531 1019 588 mancatum
1030 523 1149 605 motas),
1161 530 1192 585 et
1203 521 1353 585 terminus

248 633 417 700 durationis
428 636 461 700 in
477 626 537 721 qua
548 636 583 699 fit
599 645 712 701 motus.
756 633 1080 699 llxistentibusautem
1096 633 1216 698 duabus
1228 632 1354 698 actioni·

247 744 306 811 bus
321 746 438 811 mutuis
453 746 486 811 in
502 745 622 811 diversa
640 747 785 811 distantia
799 730 969 831 agentium,
985 744 1089 809 atatim
1104 744 1235 810 habetur
1250 744 1354 809 relatio

248 856 328 922 inter
345 858 461 942 quondo
475 866 507 925 et
529 859 740 943 querelaque
761 858 921 923 constituit
943 856 1161 921 successionem
1186 855 1354 920 secundum

244 968 332 1053 prius
349 977 380 1033 et
394 977 485 1053 post3
508 991 605 1055 quum
628 968 689 1034 illae
706 969 775 1033 duae
792 967 928 1033 actiones
950 968 989 1032 ob
1008 968 1156 1033 diversam
1177 966 1354 1032 distantiam

249 1077 298 1142 cui
322 1079 508 1164 respondent
534 1088 692 1166 nequeant
715 1080 887 1145 coexistere.
936 1080 1098 1164 Succesaioq
1114 1078 1196 1142 enim
1223 1085 1269 1143 est
1292 1081 1354 1141 eci·

248 1192 358 1256 atentia
372 1214 479 1271 eoram,
496 1215 559 1276 qaae
572 1215 603 1256 ae
617 1193 782 1272 wchdant,
797 1202 834 1256 ut
849 1191 1021 1257 notavimus
1035 1190 1108 1255 alibi
1123 1196 1194 1271 cum
1207 1189 1339 1255 Balmes.

294 1304 345 1366 10.
370 1302 404 1367 Si
412 1316 482 1367 r'ero
493 1303 688 1368 attendamus
697 1303 858 1382 unitatem,
871 1310 995 1388 quaeest
1004 1302 1037 1365 in
1049 1301 1185 1387 quolibet
1194 1301 1353 1380 elemento,

250 1410 358 1499 positis
379 1414 500 1481 duobus
514 1424 568 1479 aut
588 1414 731 1501 pluribus
751 1414 910 1479 elementis
924 1414 957 1478 in
979 1416 1044 1479 suis
1058 1415 1108 1477 abi
1127 1422 1158 1477 et
1172 1415 1287 1498 wando
1302 1412 1355 1477 ab·

252 1525 360 1590 solutis
370 1534 401 1590 et
412 1526 595 1607 intrinsecis,
605 1528 640 1591 lit
655 1535 727 1619 actu
741 1525 909 1590 multitudo
920 1524 1099 1590 habentium
1113 1527 1164 1590 abi
1172 1523 1356 1589 accidentale

251 1645 282 1701 et
297 1636 457 1703 relativum
473 1646 504 1703 et
526 1639 641 1722 quando
656 1638 841 1703 accidentale
856 1637 1027 1717 relativum,
1041 1645 1077 1700 ut
1100 1612 1355 1721 supradiximus:

251 1747 285 1824 in
305 1772 366 1834 qua
381 1749 579 1814 multitudine
599 1751 715 1834 qacado
736 1748 923 1814 accidentale
938 1757 984 1813 est
1001 1770 1162 1813 commune
1180 1748 1263 1831 (nam
1284 1770 1356 1833 sup-

252 1869 412 1945 ponuntur
435 1861 617 1927 simultanee
642 1862 780 1946 existam)
809 1870 840 1927 et
865 1861 924 1949 sub
950 1861 1008 1926 hoc
1033 1870 1173 1946 respectu
1198 1860 1357 1945 coniungit

252 1971 483 2037 multitudinem
499 1974 714 2039 coniunctione
729 1974 893 2059 temporis:
917 1973 970 2038 sed
985 1994 1090 2037 eorum
1099 1974 1149 2037 ati
1163 1972 1357 2051 accidentale,

252 2084 337 2169 quod
348 2093 395 2148 est
410 2084 572 2162 diversum,
585 2085 749 2171 distinguit
761 2110 858 2151 unum
871 2086 1055 2150 elementum
1067 2083 1105 2149 ab
1115 2084 1185 2151 alio.
1217 2084 1358 2149 Habetur

252 2216 325 2280 ergo
349 2198 513 2262 coniunctio
536 2199 748 2276 distinctorum,
776 2207 845 2283 quac
870 2198 961 2261 efficit
985 2196 1235 2261 multitudinem:
1265 2205 1358 2282 atque

253 2306 326 2371 hinc
340 2308 477 2392 exsurgit
496 2309 652 2393 quantitas
665 2309 831 2388 numerica,
847 2332 915 2394 quae
937 2318 983 2374 est
997 2308 1164 2375 multitudo
1186 2321 1360 2394 comparata

253 2419 293 2484 ad
307 2442 416 2486 unum.
462 2420 524 2486 Sed
539 2420 600 2486 duo
614 2421 665 2486 hic
680 2430 754 2486 sunt
768 2421 922 2487 notanda:
947 2424 980 2484 1⁰
994 2420 1077 2507 quod
1092 2420 1275 2501 coniunctio,
1292 2441 1360 2506 quae

253 2533 289 2597 fit
304 2555 358 2617 per
372 2535 497 2618 quando,
510 2542 557 2598 est
571 2557 649 2620 pura
663 2534 768 2599 relatio
779 2534 967 2612 extrinseca3
989 2556 1061 2598 nam
1077 2533 1199 2618 singula
1209 2533 1359 2597 elementa

253 2642 368 2709 habent
383 2645 594 2730 quandeitates
614 2667 742 2709 numero
757 2645 927 2724 distinctae,
943 2667 1040 2731 quum
1060 2644 1238 2708 habeantet
1257 2652 1358 2708 actum

249 2756 375 2826 essendi
400 2757 592 2837 distinctum,
607 2766 638 2821 et
664 2757 797 2842 actiones
821 2756 1020 2821 accidentales
1046 2755 1085 2820 ad
1103 2756 1232 2821 invicem
1253 2757 1359 2821 saltem

254 2891 383 2938 numero
394 2868 571 2933 distinctas:
595 2890 688 2954 quare
703 2891 766 2933 non
781 2868 927 2947 dicuntur
939 2866 1049 2932 habere
1064 2869 1178 2952 wando
1188 2890 1360 2954 commune,

255 2979 315 3044 nisi
330 2981 512 3065 quiaunum
529 3002 591 3043 non
607 2979 740 3044 excludit
760 2979 900 3059 alterurn,
916 2979 949 3042 id
964 2988 1010 3043 est
1025 2978 1142 3043 ratione
1149 2980 1361 3056 „coexistentiae

256 3091 454 3169 simultaneae,
482 3115 550 3177 quae
573 3101 620 3156 est
650 3093 757 3156 relatio
782 3091 959 3156 extrinseca.
1018 3090 1059 3154 Et
1073 3151 1075 3155 ,
1088 3089 1157 3154 ideo
1187 3091 1361 3156 coniunctio

258 3203 471 3274 distinctorum
494 3225 547 3287 per
562 3206 676 3287 quondo
699 3225 861 3267 commune
883 3224 946 3266 non
961 3201 1034 3267 facit
1056 3202 1258 3287 quantitatem
1278 3203 1361 3267 illam

258 3315 445 3378 numericam
467 3314 631 3378 intrinsece
649 3315 852 3393 coniunctam,
869 3313 922 3377 sed
944 3312 1149 3378 mediantibus
1164 3313 1361 3379 relationibus

257 3427 441 3492 extrinsecis.
487 3430 532 3490 2⁰.
555 3426 785 3512 Consequenter
796 3425 952 3510 quantitas
966 3424 1096 3488 discreta
1111 3425 1168 3489 hoe
1183 3427 1275 3490 modo
1290 3449 1361 3492 con-

259 3538 389 3602 siderata
415 3560 477 3601 non
502 3537 576 3601 dicit
601 3537 749 3603 actualem
774 3537 1025 3622 compositionem
1050 3536 1184 3621 plurium
1208 3538 1241 3601 in
1264 3561 1362 3603 unum

249 3672 312 3734 :per
337 3649 471 3733 aliquam
490 3649 619 3713 formam
642 3650 852 3729 unificantem,
874 3647 927 3712 sed
950 3647 1148 3732 dicitaliqua
1168 3649 1362 3731 amicabilia,
1439 3724 1444 3733 Ι

259 3784 313 3826 seu
337 3760 568 3824 multitudinem
588 3761 765 3845 simpliciter
786 3769 818 3826 et
842 3758 1040 3824 materialiter
1065 3759 1255 3839 existentem,
1276 3769 1307 3825 et
1328 3762 1362 3825 in

259 3871 396 3958 potentia
410 3870 450 3936 ad
464 3871 657 3936 efficiendum
672 3894 769 3936 unum
782 3871 998 3956 compositum.
1029 3870 1149 3937 .Nexus
1164 3879 1266 3936 autem
1276 3873 1364 3938 realis

260 3985 450 4068 coniungens
461 3984 551 4048 ‘hanc
574 3985 804 4064 multitudinem
820 3985 851 4048 in
874 4007 983 4064 unum,
998 4007 1027 4049 v.
1043 4006 1088 4068 gr.
1105 3984 1138 4046 in
1154 4007 1247 4048 unam
1270 3986 1363 4050 mole-

260 4095 361 4160 culam
383 4117 479 4181 aqua,
498 4103 545 4160 est
569 4095 783 4160 determinatio
807 4095 902 4159 unius
922 4096 1097 4182 systematis
1120 4097 1241 4161 unicam
1264 4097 1364 4182 legem

261 4216 402 4273 motuum
427 4206 612 4271 continentis
638 4217 706 4271 orta
728 4230 764 4270 ex
791 4207 1017 4292 conspiratione
1046 4207 1223 4272 accidentali
1253 4209 1365 4293 princi-

250 4319 380 4405 piorum
396 4317 563 4382 activorum
573 4327 604 4382 et
618 4318 806 4404 passivorum
821 4319 855 4386 in
870 4319 935 4403 ipsa
945 4319 1151 4405 multitudine·
1161 4319 1365 4401 existentium,
