3200 4975
287 350 349 412 142
732 373 774 415 oa
792 372 938 415 nostrus.
1266 350 1350 436 [aar.
1368 373 1391 414 1.

284 555 373 619 posse
387 535 543 601 terminari
560 536 599 603 ad
622 533 767 603 distinata
786 537 1010 623 phantasmata,
1031 558 1162 622 quorum
1178 560 1276 601 unum
1292 538 1389 603 conti-

283 655 355 711 neat
369 646 486 734 aliquid
497 648 622 714 alterius
629 675 640 728 ;
663 671 718 735 per
732 648 815 735 quod
830 649 918 714 facile
932 650 964 713 in
977 650 1101 714 alterius
1116 649 1391 715 considerationem

283 756 416 823 ducitur.
461 760 618 825 Alortiori
632 783 705 845 ergo
719 760 832 845 poterit
853 761 934 825 inter
956 760 1137 825 alterutrum
1164 760 1391 845 quodammodo

283 869 399 949 sistere,
413 880 445 935 et
460 894 528 956 quae
542 871 664 956 utrique
683 870 859 935 communia
874 879 947 936 sunt
962 870 1163 950 considerare,
1178 880 1210 937 et
1225 871 1267 937 sic
1282 894 1390 957 appre-

282 980 416 1047 hendere
450 982 593 1047 sensitiva
626 982 725 1068 ipsam
760 981 994 1048 similitudinem
1030 981 1217 1047 eorumdem.
1263 982 1303 1047 In
1332 982 1391 1048 hoc

281 1100 384 1156 autem
407 1092 547 1157 consistit
568 1093 820 1177 phantasmatum
842 1092 1000 1158 associatio
1023 1115 1078 1159 seu
1099 1092 1270 1177 phantasia.

324 1206 376 1268 22.
400 1203 442 1267 Et
461 1203 526 1267 haec
547 1204 671 1288 quidem
693 1203 851 1269 evidenter
871 1204 980 1267 fierent
1002 1204 1094 1268 etiam
1108 1204 1142 1269 in
1157 1226 1193 1269 eo
1208 1206 1387 1289 composito,

280 1314 369 1379 cuius
382 1315 486 1379 anima
505 1324 584 1380 esset
606 1315 706 1380 solum
729 1316 908 1381 sensitiva*.
955 1316 1016 1380 sed
1030 1317 1063 1380 in
1079 1316 1259 1400 composito,
1275 1316 1313 1381 de
1327 1340 1389 1402 quo

280 1448 336 1490 nos
350 1426 514 1511 loquimur,
530 1426 611 1491 idem
631 1426 826 1512 principium,
849 1426 933 1511 quod
953 1436 999 1491 est
1015 1426 1206 1505 sensitivam,
1224 1435 1270 1491 ast
1285 1428 1388 1505 etiam,

279 1546 311 1602 et
321 1560 376 1623 per
390 1539 476 1623 prius
491 1538 728 1605 intellectivam:
751 1561 845 1625 quare
860 1547 891 1603 et
906 1539 952 1603 vis
967 1538 1197 1623 apprehensiva,
1210 1546 1240 1601 et
1251 1540 1390 1622 potentia

278 1652 436 1730 retentiva,
459 1660 490 1715 et
512 1651 557 1716 vis
579 1652 830 1736 phantasmatum
852 1650 1029 1715 associativa
1052 1648 1253 1714 elevabuntur
1274 1650 1308 1715 in
1330 1650 1388 1715 hoc

279 1764 447 1847 composito
462 1763 501 1828 ad
515 1763 666 1829 rationem
680 1763 801 1829 essendi
822 1762 1012 1827 nobiliorem.
1060 1762 1163 1831 Huius
1179 1762 1224 1827 rei
1238 1763 1316 1827 ratio
1330 1774 1388 1842 est,

278 1876 350 1960 quia
364 1898 455 1939 omne
470 1875 622 1940 obiectum
638 1875 695 1941 sub
710 1898 773 1940 una
787 1875 905 1940 ratione
920 1872 1070 1953 sensibile,
1087 1873 1144 1938 sub
1160 1872 1218 1937 alia
1233 1881 1279 1937 est
1295 1873 1386 1938 intel-

278 1986 412 2071 ligibile:
436 1997 468 2051 et
493 1995 725 2072 consequenter,
755 1986 782 2051 si
811 1985 940 2051 facultas
970 1984 1190 2069 apprehensiva
1220 1985 1386 2069 spiritualis

278 2097 387 2162 existat
410 2097 574 2162 terminata
599 2120 663 2162 non
687 2098 786 2162 solum
814 2097 945 2161 termino
971 2118 1027 2161 suo
1052 2097 1175 2181 proprio
1197 2098 1386 2161 substantiali

276 2208 426 2292 receptiva
449 2208 617 2293 specierum
638 2207 891 2293 intelligibilium,
915 2209 969 2292 qui
989 2216 1035 2272 est
1055 2208 1227 2273 intellectus
1250 2210 1381 2292 patiens,

276 2319 437 2384 sedetiam
451 2320 582 2384 termino
597 2320 656 2383 alio
670 2322 801 2384 natarali
820 2320 972 2405 receptiva
994 2319 1244 2403 phantasmatum
1259 2328 1290 2383 et
1308 2343 1380 2385 con-

308 2520 327 2559 *
344 2517 418 2572 Hinc
429 2517 516 2591 accipi
526 2523 616 2590 potest
625 2518 735 2590 aliquod
741 2519 835 2572 lumen
841 2517 912 2573 circa
924 2518 1102 2573 constitutiva
1113 2519 1211 2572 animae
1223 2518 1380 2574 bestiarum.

275 2603 368 2670 Quum
381 2605 454 2659 enim
465 2605 494 2659 in
506 2605 593 2660 brutis
605 2605 760 2660 inveniatvu
771 2612 799 2660 et
811 2607 988 2680 apprehensio
1001 2614 1029 2662 et
1040 2607 1246 2677 reminiscentia,
1260 2613 1288 2662 et
1300 2625 1382 2681 appe-

274 2692 341 2746 titus
352 2691 417 2747 boni
429 2692 480 2746 sibi
492 2693 686 2763 convenientis,
704 2711 813 2748 necesse
825 2699 867 2747 est
878 2711 976 2766 ponere
988 2694 1017 2747 in
1029 2694 1120 2747 anima
1131 2693 1206 2748 bruti
1219 2695 1383 2767 principium

273 2778 394 2833 activum
406 2780 549 2851 sentiendi,
565 2781 713 2836 terminum
728 2780 876 2853 passivum,
894 2779 923 2834 in
941 2797 994 2851 quo
1013 2779 1181 2851 recipiuntur
1192 2786 1220 2834 et
1231 2780 1383 2836 retinentur

272 2865 469 2937 phantasmata,
486 2872 515 2921 et
525 2867 750 2940 conspirationem
766 2866 907 2937 utriusque
922 2865 952 2920 iu
969 2884 1062 2934 unum,
1082 2884 1117 2920 ex
1133 2883 1187 2936 qua
1202 2867 1315 2922 resultet
1335 2867 1382 2922 ille

272 2969 348 3006 amor
358 2953 494 3008 sensibilis
504 2953 547 3007 sui
559 2953 659 3027 proprii
671 2971 729 3008 esse
741 2952 905 3008 sensibiliter
920 2953 1030 3024 cogniti,
1047 2951 1077 3005 in
1088 2969 1141 3023 quo
1153 2952 1283 3008 fundatam
1294 2955 1382 3010 omnis

270 3038 383 3093 ulterior
400 3041 543 3112 appetitus.
579 3041 642 3095 Hoc
659 3040 749 3112 ipsum
764 3039 869 3093 eruitur
888 3057 923 3092 ex
939 3058 970 3093 eo
991 3039 1063 3111 quod
1080 3040 1139 3093 vita
1156 3039 1287 3094 sensitiva
1313 3042 1380 3112 (non

271 3125 362 3180 minus
379 3143 462 3198 quam
478 3127 659 3198 intallectiva)
677 3126 797 3197 requirat
817 3127 985 3198 operationes
1004 3126 1198 3180 immanentes:
1225 3127 1269 3182 hae
1287 3133 1381 3183 autem

271 3213 386 3284 exigrmt
403 3214 481 3268 illam
502 3214 639 3286 duplicem
658 3213 852 3287 passivitatem,
874 3213 987 3268 alteram
1006 3231 1054 3286 pro
1075 3213 1230 3285 cognitione
1249 3214 1379 3286 sensibili,

270 3301 384 3354 alteram
395 3319 443 3373 pro
455 3301 623 3355 sensibilium
635 3301 809 3374 appetitione.
829 3301 932 3355 Verum
942 3301 1053 3372 quidem
1066 3306 1115 3371 est,
1129 3301 1201 3372 quod
1213 3300 1303 3355 anima
1315 3321 1380 3375 pure

270 3387 400 3442 sensitiva
409 3394 451 3442 est
458 3407 505 3442 ens
513 3389 546 3442 de
556 3407 584 3443 se
593 3388 788 3461 incompletum
797 3389 906 3460 (saltem
915 3388 945 3441 in
951 3389 1055 3443 ratione
1063 3387 1188 3461 principii
1197 3390 1341 3461 operativi)
1352 3396 1381 3444 et

268 3473 999 3547 completurnaturaliterperorganacorporea,adquae
1007 3475 1174 3529 terminatur.
1204 3473 1380 3531 Sedhocnon

268 3558 352 3629 tollit,
360 3559 433 3630 quod
442 3559 500 3632 ipsa
508 3560 605 3615 debeat
612 3560 711 3615 habere
720 3560 754 3615 de
762 3577 791 3613 se
799 3560 859 3632 ipsa
867 3560 944 3615 illam
951 3560 1087 3633 duplicem
1095 3561 1293 3633 passivitatem:
1306 3564 1379 3634 quia,

269 3663 355 3718 quum
370 3645 506 3700 obiectam
519 3647 661 3719 cognitum
678 3665 726 3720 per
742 3647 904 3719 phantasma
921 3653 1029 3701 moveat
1047 3647 1200 3720 appetitum
1216 3651 1377 3720 naturalem,

267 3750 376 3787 necesse
388 3738 437 3804 est,
450 3738 483 3786 ut
493 3738 522 3788 et
532 3734 693 3806 phantasma
704 3733 849 3806 recipiatur
861 3733 890 3787 in
903 3739 1080 3806 cognoscente
1095 3733 1203 3806 (utique
1218 3733 1247 3788 in
1263 3736 1379 3808 passivi-

268 3825 325 3874 tate
347 3820 405 3875 eius
424 3820 619 3892 cognoscitiva)
641 3826 670 3876 et
687 3825 805 3894 ponatur
827 3820 918 3890 aliqua
938 3820 1081 3893 passivitas
1098 3820 1231 3890 affectiva,
1250 3839 1311 3893 quae
1324 3841 1379 3878 non

267 3907 368 3964 directe
385 3907 420 3964 ab
438 3908 543 3964 obiecto
556 3914 588 3962 ut
605 3907 700 3964 existit
710 3908 740 3962 in
752 3925 790 3976 se,
809 3907 856 3962 sed
868 3906 901 3961 ab
914 3907 1019 3962 obiecto
1034 3913 1066 3961 ut
1081 3925 1129 3979 per
1143 3907 1305 3980 phantasma
1323 3911 1379 3964 iam

266 3997 432 4069 apprehenso
444 4001 591 4052 moveatur.
629 3995 701 4051 Sunt
719 4012 781 4067 ergo
798 3995 828 4048 in
845 3993 925 4050 bruto
938 3995 999 4050 duae
1016 3995 1071 4049 illae
1084 3995 1254 4068 passivitates
1267 3997 1377 4052 omnino

267 4084 413 4155 distincta,
431 4102 493 4156 quae
511 4083 659 4153 evidenter,
677 4100 763 4154 quum
780 4082 934 4154 compleant
951 4086 1043 4134 actum
1061 4098 1078 4134 a
1095 4099 1148 4152 quo
1169 4082 1260 4134 anima
1278 4082 1378 4136 dicitur

266 4171 403 4241 sensitiva,
415 4189 464 4245 per
474 4171 550 4245 prius
560 4170 697 4244 pertinent
709 4170 744 4223 ad
755 4169 843 4241 ipsam
855 4168 974 4242 animam
985 4168 1067 4239 bruti,
1079 4186 1131 4223 nec
1143 4174 1301 4240 competunt
1317 4187 1377 4224 cor·

265 4259 325 4331 pori
336 4259 420 4314 etiam
430 4264 464 4313 ut
474 4258 621 4327 vivificato,
634 4256 687 4311 nisi
703 4256 733 4310 in
749 4261 883 4326 quantum
895 4254 929 4308 ab
940 4253 999 4327 ipsa
1010 4255 1101 4309 anima
1112 4254 1234 4327 proxime
1247 4255 1337 4318 fluunt
1347 4257 1377 4310 in

265 4363 375 4418 corpus,
394 4362 478 4417 quum
490 4345 573 4399 etiam
585 4345 614 4398 in
626 4343 713 4397 brutis
725 4360 741 4396 a
752 4342 839 4398 forma
851 4342 936 4414 accipi
946 4341 1043 4396 debeat
1054 4341 1123 4396 ratio
1136 4341 1249 4396 essendi.
