3200 4975
211 383 282 428 cur.
298 362 354 447 ιι]
663 384 707 427 na
724 384 872 431 nourun.
1255 362 1320 426 239

212 547 317 632 quieta
344 532 386 610 iu¹
404 568 461 611 suo
490 555 563 611 actu
586 545 779 611 adlraesiouis.
824 545 909 630 Ilrgo
933 552 970 608 ut
993 542 1091 629 possit
1116 541 1258 607 voluutas
1280 542 1321 607 ad

213 658 307 723 alium
330 667 433 724 actum
463 659 634 743 procedere,
663 681 786 723 necesse
815 666 863 723 eat
885 665 922 722 ut
950 656 1125 721 intellectus
1154 665 1264 741 sponte
1288 664 1320 719 et

214 770 329 855 absque
343 770 472 856 imperio
482 770 650 835 voluntatis
664 769 792 856 incipiat
803 768 906 855 vagari
920 792 976 855 per
991 768 1093 853 aliqua
1106 767 1321 853 intelligibilia,

214 904 345 967 quorum
370 880 463 946 habet
486 881 627 967 speciem,
643 890 674 946 et
697 903 752 968 per
776 881 853 946 tales
875 889 961 945 actus
985 881 1094 945 excitet
1114 878 1320 963 passivitatem

214 992 392 1072 voluntatis,
402 1002 494 1077 atque
509 994 552 1058 sic
566 993 674 1057 offerat
684 992 837 1057 voluntati
848 992 1048 1057 sufficientem
1063 990 1219 1055 materiam
1235 1012 1321 1054 novas

215 1105 449 1169 consultationis
469 1112 501 1168 et
515 1104 682 1170 electionis.
728 1105 813 1169 Hinc
834 1111 971 1189 apparet,
987 1103 1071 1188 quod
1088 1102 1180 1167 etiam
1200 1102 1233 1165 in
1248 1124 1320 1167 con-

215 1214 382 1279 sultatione
396 1239 459 1281 non
475 1216 567 1280 datur
580 1216 706 1281 libertas
721 1217 787 1281 sine
802 1214 1060 1301 spontaneitate*.

259 1324 389 1391 Constat
410 1349 494 1411 ergo,
513 1327 703 1391 voluntatem
722 1350 758 1392 ex
779 1350 883 1391 amore
901 1326 1030 1391 alicuius
1048 1324 1120 1389 finis
1141 1346 1205 1389 nou
1222 1323 1321 1388 deter-

216 1436 326 1500 minari
334 1437 374 1501 ad
383 1438 545 1522 quaereuda
553 1437 926 1523 mediaperneceasariam
937 1434 1170 1502 consultationis
1180 1435 1320 1513 formam,

217 1549 271 1614 aed
281 1548 429 1614 beneficio
442 1549 659 1615 intellectualia
668 1549 853 1635 operationis
865 1548 993 1614 distrahi
1008 1547 1176 1633 perplures
1191 1546 1323 1611 rationes

216 1661 378 1727 obiectivas
392 1684 427 1727 ac
442 1661 634 1742 subiectivas,
649 1684 780 1748 quarum
794 1684 986 1747 unaquaque
1001 1682 1107 1725 ansam
1119 1658 1233 1744 praebet
1248 1680 1321 1751 conf

216 1772 390 1838 saltationis
419 1772 609 1838 inflectenda
631 1772 874 1858 independenter
899 1772 937 1837 ab
967 1771 1079 1837 affectu
1107 1771 1141 1835 in
1166 1769 1323 1835 voluntate

217 1884 374 1949 existente.

261 2000 314 2063 78.
337 1996 431 2073 Quod
444 1996 484 2061 ad
498 1994 667 2061 secundum
683 1996 804 2073 attinet,
816 1993 1049 2081 praenotandum
1064 2000 1121 2073 eat,
1132 1992 1322 2059 voluntatem

216 2108 332 2194 inipso
344 2108 576 2174 consultationis
591 2130 684 2174 cursu
698 2108 886 2195 complacere
897 2108 956 2173 sibi
970 2106 1138 2193 generatim
1153 2105 1255 2191 aliqua
1265 2104 1324 2168 levi

217 2230 249 2286 ct
262 2220 365 2305 fugaci
378 2220 599 2306 complacentia
621 2220 660 2285 de
673 2222 759 2285 omni
772 2221 902 2301 obiecto,
918 2220 1001 2307 quod
1018 2219 1078 2305 ipsi
1093 2218 1274 2304 proponitur
1287 2225 1323 2279 ut

217 2332 354 2397 medium
368 2332 444 2397 utile
458 2332 498 2397 ad
518 2334 612 2396 finem
626 2331 781 2398 intentum
790 2358 801 2411 3
823 2333 881 2397 hoc
896 2332 977 2397 euim
1000 2341 1047 2396 est
1062 2329 1180 2395 deeius
1194 2339 1322 2393 natura:

217 2444 272 2510 aad
292 2445 358 2510 hec
379 2443 608 2530 complacentia,
624 2452 660 2509 ut
681 2444 743 2509 iam
762 2443 880 2509 dictum
902 2451 959 2522 est,
975 2451 1022 2508 est
1044 2441 1157 2507 directa
1177 2449 1208 2507 et
1231 2462 1323 2526 spon-

217 2566 316 2637 tanea,
335 2567 365 2623 et
389 2555 575 2621 assimilatur
596 2555 726 2636 actibus,
742 2556 855 2641 quibus
877 2554 1054 2620 intellectus
1072 2553 1199 2638 attingit
1221 2553 1324 2638 aliquo

217 2669 317 2754 primo
345 2669 463 2734 intuitu
491 2667 606 2734 directo
634 2668 748 2747 omnia,
771 2690 841 2753 quac
869 2667 1052 2752 imprimunt
1081 2665 1222 2751 speciem,
1249 2664 1325 2749 quin

217 2778 362 2846 omnibus
373 2780 574 2845 attentionem
588 2779 732 2864 prebeat,
748 2788 803 2844 aut
817 2779 921 2844 omnia
936 2778 1079 2842 discutiat
1094 2776 1323 2842 considerando.

218 2889 401 2954 Notandum
425 2890 561 2975 insuper,
587 2889 657 2955 illas
685 2888 921 2974 complacentiaa
951 2869 1084 2954 directas¹
1104 2911 1170 2952 esse
1198 2909 1325 2973 propor-

219 3001 352 3066 tionatas
368 3001 481 3066 rationi
495 3001 642 3065 bonitatis
661 3023 730 3088 quae
744 3010 815 3066 actu
830 2999 994 3084 attingitur
1014 2999 1048 3062 in
1063 2998 1189 3063 obiectis
1197 3023 1207 3077 3
1230 3020 1324 3083 quare

219 3133 316 3198 quum
338 3113 511 3178 intellectus
532 3121 666 3198 nequeat
694 3135 758 3178 non
779 3110 941 3178 ostendere
965 3111 1059 3176 etiam
1080 3109 1325 3196 imperfectiones

219 3223 340 3303 obiecti,
356 3233 441 3289 actus
463 3225 690 3310 complacentia
704 3224 854 3290 naturalis
876 3232 967 3289 erunt
981 3222 1149 3288 necessario
1163 3222 1325 3307 temperati

218 3335 343 3402 virturdi
365 3336 497 3421 quodam
521 3346 609 3402 motu
634 3337 668 3400 in
691 3335 878 3401 contrarium
888 3359 900 3414 3
921 3344 953 3400 et
978 3335 1051 3400 hinc
1076 3334 1206 3399 habetur
1231 3333 1326 3400 altera

219 3449 354 3516 conditio
367 3449 528 3514 libertatis.
572 3448 723 3514 Voluntas
737 3449 831 3528 enim,
847 3470 945 3534 quum
964 3447 1132 3512 necessario
1147 3447 1219 3513 velit
1234 3469 1325 3512 omne

218 3561 333 3627 bonurn
350 3561 438 3626 cuius
457 3569 503 3625 est
518 3582 621 3645 capax,
635 3557 793 3645 proposito
815 3558 897 3625 bono
910 3557 1098 3644 imperfecto,
1114 3581 1177 3623 non
1192 3558 1325 3623 adheret

218 3673 265 3737 illi
279 3672 396 3754 reflexa,
412 3672 473 3736 nisi
486 3672 586 3738 videat
600 3671 679 3735 illud
692 3693 758 3735 ease
772 3671 872 3735 maius
886 3669 1013 3749 bonum,
1028 3659 1116 3735 cuius
1130 3669 1226 3736 hicet
1240 3691 1325 3736 nunc

220 3806 314 3871 capax
327 3793 385 3850 est.
428 3785 473 3849 At
487 3783 527 3848 ad
547 3783 606 3848 hoc
620 3781 786 3848 ridendum
808 3782 1011 3847 necessarium
1027 3791 1074 3846 est
1087 3781 1242 3867 quoddam
1257 3804 1326 3846 exae

220 3918 292 3962 men
311 3895 562 3982 comparativum.
607 3893 838 3979 consequenter
858 3895 923 3979 ipse
945 3915 1031 3958 amor
1052 3892 1126 3958 boni
1147 3893 1326 3958 universalia

220 4016 321 4073 movet
335 4007 376 4072 ad
389 4029 484 4072 novas
505 4003 648 4072 etruriae
666 4005 933 4085 considerationes,
949 4027 1003 4090 per
1025 4027 1101 4089 quaa
1115 4014 1326 4090 proponantur

255 4177 272 4214 ¹*
291 4175 447 4250 spontanea
454 4173 592 4247 divagatio
604 4174 690 4230 oritur
702 4188 736 4229 ex
744 4173 832 4230 limite
844 4173 909 4230 boni
921 4175 995 4248 quod
1006 4177 1071 4230 actu
1078 4173 1230 4248 possidetur
1236 4194 1244 4244 3
1262 4174 1327 4229 hinc

221 4264 294 4320 enim
312 4263 455 4319 tendentia
473 4267 578 4316 naturae
597 4262 633 4316 ad
652 4261 765 4316 ulterim
781 4261 885 4318 bonum
904 4267 998 4318 causat
1016 4261 1185 4318 tendentium
1204 4261 1239 4317 ad
1256 4275 1327 4318 nova

220 4350 424 4422 avenagium:
442 4349 505 4404 ideo
516 4349 600 4404 eatan
618 4348 727 4404 Vocots'o
738 4350 784 4416 dat
794 4349 955 4406 intellectum.
