3200 4975
268 293 288 351 8
577 310 619 352 on
636 310 840 355 suasrnnms
856 310 1060 354 assamonei.
1241 290 1329 373 [ear.
1346 312 1370 353 1.

267 476 417 540 stantialis
432 479 658 561 repraesentatio
673 479 789 563 proprii
804 500 879 554 esse,
890 501 944 542 seu
956 480 1132 542 conscientia
1141 479 1240 559 primo
1252 486 1372 542 actuata

267 588 299 649 ia
313 609 439 651 ocaeano
454 588 650 652 substantiali.

312 701 340 762 7.
365 696 522 774 Quaeritur
543 707 777 784 quammobrem
798 723 836 765 ac
859 703 1063 766 terminatione
1084 701 1275 765 substantiali
1288 709 1371 765 aetas

262 810 355 891 primi
369 809 539 874 intellecturi
557 813 598 875 ad
613 834 697 875 annm
720 816 875 876 terminum
895 814 1017 877 resultet
1032 813 1150 896 qnidam
1172 835 1254 875 amor
1275 834 1371 875 necea·

266 922 364 983 sarius
377 922 424 983 sai
433 925 551 1005 proprii
566 946 636 987 ease.

313 1032 493 1115 Respondeo
523 1035 706 1098 affirmative.
754 1036 805 1099 Ad
834 1034 918 1120 quod
953 1034 1167 1119 explicandum
1204 1032 1371 1098 necessario

268 1164 363 1226 pauca
383 1146 596 1228 praemittenda
620 1156 701 1211 sunt.
746 1146 788 1210 Ilt
807 1146 906 1231 primo
926 1155 1060 1224 notetur,
1077 1168 1139 1209 non
1162 1168 1250 1229 posse
1267 1145 1371 1208 haberi

268 1275 410 1333 amorem,
421 1256 481 1319 nisi
493 1268 747 1341 praesupponatur
761 1256 914 1320 obiectum
929 1255 1061 1320 amabile
1075 1256 1103 1319 ei
1117 1256 1151 1318 in
1165 1278 1227 1340 quo
1241 1256 1372 1318 habetur

268 1387 362 1442 amor,
377 1366 472 1429 immo
487 1377 598 1431 natura
613 1377 667 1431 aut
682 1367 789 1431 saltem
806 1367 921 1431 ratione
936 1368 1022 1452 prius
1037 1390 1103 1431 esse
1117 1366 1271 1430 obiectum
1289 1388 1370 1428 ama-

267 1475 337 1554 bile,
352 1498 445 1560 quam
460 1455 604 1542 amorem.
636 1478 777 1542 Secundo
792 1487 925 1557 notetur,
941 1478 1023 1562 quod
1039 1478 1158 1541 etiamsi
1173 1478 1236 1541 sint
1250 1476 1370 1539 infinita

267 1587 416 1667 amabilia,
429 1611 492 1652 non
507 1598 609 1652 tamen
621 1592 760 1674 sequitur
768 1588 821 1653 illa
832 1612 868 1652 eo
880 1592 947 1673 ipso
958 1590 1053 1653 amari
1065 1588 1103 1653 ab
1115 1598 1236 1653 amante
1248 1597 1348 1652 creato
1361 1614 1368 1651 :

267 1709 297 1762 et
321 1699 389 1762 ideo
413 1700 576 1783 quaerenda
602 1712 648 1764 est
675 1701 776 1785 aliqua
800 1702 879 1764 ratio
905 1709 1029 1785 propter
1055 1723 1149 1784 quam
1171 1720 1207 1764 ex
1228 1700 1371 1763 omnibus

266 1810 446 1875 amabilibus
471 1812 609 1895 quaedam
641 1822 712 1875 actu
740 1798 893 1891 amentur,
924 1823 955 1876 et
984 1814 1124 1897 quaedam
1150 1834 1224 1875 non.
1268 1812 1370 1875 Tertio

267 1932 399 2001 notetur,
416 1924 499 2007 quod
523 1923 586 1987 haec
608 1924 685 1987 ratio
707 1924 895 1987 desumenda
908 1932 955 1988 est
970 1947 1005 1988 ex
1021 1923 1223 2007 applicatione
1238 1922 1369 2006 quadam

265 2034 405 2098 amabilis
420 2034 458 2098 ad
474 2035 636 2099 habentem
653 2036 822 2119 potentiam
839 2036 972 2113 amandi,
988 2045 1019 2098 ει
1041 2036 1107 2098 eiua
1130 2036 1184 2118 qui
1205 2034 1298 2097 habet
1315 2055 1369 2116 po·

265 2147 393 2210 tentiam
419 2149 542 2211 amandi
566 2148 605 2211 ad
635 2147 781 2211 amabile:
813 2157 936 2231 propter
960 2170 1051 2231 quam
1080 2145 1313 2229 applicationem
1339 2153 1370 2207 et

264 2257 413 2322 habeatur
428 2259 556 2323 amabile
572 2282 627 2324 suo
642 2260 733 2323 modo
746 2282 878 2344 praesens
888 2260 1032 2343 potentiae
1047 2258 1180 2336 amandi,
1191 2268 1222 2321 et
1232 2257 1370 2340 potentia

265 2369 389 2432 amandi
414 2371 596 2434 terminetur
620 2371 659 2434 ad
683 2371 835 2434 obiectum
856 2369 994 2433 amabile.
1042 2370 1116 2433 Haec
1134 2370 1194 2432 tria
1215 2369 1369 2432 evidenter

266 2480 433 2544 necessaria
449 2492 521 2544 sunt
537 2505 666 2566 semper,
683 2492 718 2545 ut
734 2480 882 2545 habeatur
896 2504 991 2560 amor,
1007 2480 1061 2565 qui
1076 2489 1235 2564 propterea
1250 2478 1369 2543 deliniri

266 2601 365 2674 potest
388 2602 471 2656 aetas
493 2597 668 2657 terminatas
690 2594 730 2657 od
751 2594 875 2656 amabile
897 2602 931 2656 at
952 2594 1047 2656 debite
1063 2615 1194 2675 presseras
1215 2593 1369 2656 semotam

265 2725 348 2766 soom
367 2705 578 2768 amabilitatem
598 2708 657 2788 ipsi
674 2707 796 2768 amanti.
843 2705 884 2766 Et
907 2704 971 2767 haec
994 2703 1130 2766 definitio
1152 2703 1294 2767 convenit
1308 2703 1369 2767 evi·

265 2814 373 2878 denter
394 2837 457 2878 non
480 2816 578 2879 solum
606 2818 687 2878 actui
705 2816 816 2885 amoris
831 2813 1019 2892 accidentali,
1036 2814 1090 2878 sed
1104 2815 1164 2898 ipsi
1178 2815 1271 2877 etiam
1287 2814 1369 2878 actui

265 2926 464 2988 constituenti
483 2933 637 2988 amantem
662 2927 694 2987 in
721 2948 776 2988 suo
803 2925 902 3008 primo
926 2947 991 2988 esse
1018 2924 1222 3001 substantiali,
1248 2924 1274 2987 si
1300 2925 1369 3009 quis

264 3038 469 3100 constituatur
489 3036 727 3101 substantialiter
749 3059 872 3100 amans:
897 3059 968 3099 nam
990 3035 1094 3099 nullus
1109 3036 1235 3099 omnino
1250 3037 1369 3120 concipi
1397 3017 1402 3024 Ι

264 3157 365 3232 potest
380 3169 465 3211 amor
481 3146 545 3210 sine
560 3147 619 3210 illis
635 3148 734 3211 tribua
750 3148 911 3232 praedietis.

308 3259 376 3321 Iam
392 3281 460 3322 vero
483 3259 644 3343 applicatio
662 3260 715 3323 illa
738 3259 848 3322 obiecti
867 3259 1006 3322 amabilis
1025 3260 1063 3322 ad
1081 3259 1244 3322 habentem
1260 3267 1367 3343 poten·

265 3370 339 3433 tiam
363 3371 485 3434 amandi
508 3373 542 3433 lit
564 3394 619 3455 per
639 3370 830 3434 intellectum
854 3378 1119 3454 repraesentantem
1150 3370 1368 3434 amabilitatem

265 3481 374 3545 obiecti
389 3482 448 3565 ipsi
459 3482 662 3564 intelligenti:
686 3483 768 3546 unde
778 3484 916 3567 sequitur
927 3483 1011 3566 quod
1021 3483 1234 3566 primusactus
1245 3483 1367 3544 amandi

265 3591 432 3656 necessario
454 3593 635 3657 terminetur
658 3594 696 3656 ad
720 3593 853 3677 primum
876 3593 1029 3657 obiectum
1051 3592 1181 3656 amabile
1203 3614 1367 3676 repraesen-
1464 3580 1465 3583 ¹

265 3715 363 3770 tatum
379 3705 411 3768 in
426 3705 583 3769 intellectu
598 3705 808 3788 intelligentis.
854 3704 951 3788 Atqui
965 3704 1100 3787 primum
1115 3702 1244 3766 amabile
1259 3727 1367 3787 reprae-

264 3827 416 3882 sentatum
437 3819 470 3880 in
492 3817 649 3880 intellectu
671 3816 872 3899 intelligentis
894 3825 940 3879 est
963 3816 1096 3900 primum
1112 3814 1305 3898 intelligibile
1320 3815 1366 3877 in-

262 3930 429 4008 tellectum,
453 3929 485 3991 id
511 3941 557 3992 est
583 3950 673 3991 suum
704 3928 862 4013 proprium
884 3949 952 3990 esse
975 3925 1186 4008 intelligentis,
1214 3935 1250 3988 ut
1275 3948 1367 4010 supra

262 4042 461 4118 ostendimus,
477 4041 560 4125 quod
575 4040 667 4103 habet
681 4039 831 4102 rationem
843 4038 981 4102 amabilis
995 4059 1057 4100 non
1070 4037 1170 4129 solum
1182 4036 1365 4115 absolutam,

262 4153 460 4237 inquantum
477 4165 523 4214 est
539 4173 602 4228 ens,
620 4151 717 4228 sedet
734 4149 889 4212 relativam
905 4149 944 4212 ad
964 4150 1065 4232 ipsum
1083 4148 1317 4230 intelligentem,
1333 4149 1365 4211 in

262 4275 412 4347 qnantum
433 4277 478 4326 est
498 4263 598 4346 ipsum
623 4285 713 4325 suum
729 4284 804 4337 esse,
820 4258 902 4343 quod
918 4261 975 4323 sibi
991 4259 1158 4323 necessario
1175 4258 1290 4321 bonum
1309 4267 1365 4337 est,
