3200 4975
280 343 342 404 128
729 364 773 407 ns
789 364 936 407 nomme.
1256 342 1339 427 [ese.
1358 363 1381 404 1.
1571 35 1578 393 l

277 523 429 590 habentis.
475 523 581 603 Quum
595 548 666 591 vero
687 535 774 591 setus
790 527 830 593 sit
846 528 943 593 forma
958 528 1023 593 eius
1038 527 1122 613 quod
1144 536 1294 606 aetuatur,
1309 527 1381 591 hine

276 636 380 701 anima
405 646 486 703 reete
508 637 620 703 dieitur
639 638 738 704 forma
759 640 906 725 eorporis,
926 648 957 705 et
983 640 1152 704 informans
1175 662 1297 726 corpus.
1341 640 1382 703 Et

276 747 342 813 haee
363 748 509 833 loquendi
526 750 605 813 ratio
627 749 705 835 ualet
725 772 788 814 non
807 750 907 816 solum
922 774 978 837 pro
1001 751 1125 815 homine
1145 751 1198 815 sed
1220 752 1312 816 etiam
1327 774 1382 836 pro

277 859 387 940 brutis,
401 861 473 925 lieet
487 883 594 925 eorum
608 861 710 926 anima
724 884 787 926 non
803 862 843 927 sit
859 863 1032 927 substantia
1046 862 1222 948 spiritualis.

322 976 372 1037 11.
397 970 552 1050 Quaeritur
567 972 711 1054 seeundo,
725 983 825 1039 utrum
844 977 997 1040 animarit
1012 978 1129 1060 primus
1148 985 1231 1041 aetus
1253 977 1383 1059 eorporis

277 1086 453 1168 inpotentia
466 1088 558 1150 uitam
572 1087 715 1151 babentia.

320 1195 502 1282 Respondes
516 1197 700 1262 affirmative.
749 1198 832 1261 laad
844 1200 929 1277 enine,
941 1198 984 1263 ait
1001 1199 1033 1262 S.
1046 1197 1179 1263 Thomas
1191 1201 1231 1282 (p.
1247 1201 1276 1262 1.
1288 1220 1317 1282 q.
1329 1198 1382 1263 76.

277 1330 304 1371 a.
328 1309 372 1391 1),
388 1331 446 1391 quo
463 1311 562 1393 prium
588 1310 702 1393 aliquid
724 1318 872 1393 operatur,
897 1319 942 1375 ιιι
959 1310 1062 1394 sarum
1085 1313 1156 1389 eius,
1181 1312 1228 1375 aui
1253 1312 1383 1394 operatio

276 1421 459 1499 attribuitur,
479 1422 555 1486 aaut
577 1444 634 1504 quo
653 1423 752 1505 primo
774 1431 898 1487 sanatur
923 1444 1037 1507 carpus,
1058 1431 1102 1487 eet
1126 1424 1249 1501 sanitas,
1272 1430 1301 1485 et
1324 1444 1381 1505 quo

271 1535 369 1617 priora
384 1535 441 1597 seit
455 1535 563 1613 anima,
578 1542 622 1597 est
636 1535 780 1598 seientia:
804 1534 880 1598 unde
893 1536 1007 1599 sanitas
1021 1542 1064 1598 eet
1080 1534 1182 1618 forma
1198 1536 1336 1617 eorporis,
1352 1542 1382 1597 et

275 1646 397 1709 seientia
412 1653 456 1708 est
468 1644 574 1728 forma
589 1645 795 1728 quodammodo
818 1647 931 1709 anima.
976 1646 1022 1709 Et
1036 1646 1123 1709 huius
1143 1648 1221 1710 ratio
1241 1653 1294 1722 est,
1310 1647 1381 1727 quia

276 1757 353 1820 nihil
371 1759 444 1841 uait,
459 1759 518 1821 nisi
538 1757 691 1821 secundeum
713 1758 792 1840 quod
811 1766 854 1821 est
873 1758 904 1820 in
923 1766 1010 1821 artu:
1033 1758 1108 1821 unde
1122 1779 1179 1841 quo
1202 1757 1316 1840 aliquid
1338 1766 1382 1819 est

277 1877 355 1946 aeta,
370 1890 402 1932 ea
422 1871 493 1953 opit.
541 1868 738 1952 Mamsestaun
762 1877 808 1933 est
829 1877 937 1947 autem,
953 1870 1032 1952 quod
1047 1870 1177 1953 primum
1199 1892 1255 1951 quo
1278 1890 1382 1951 corpus

277 1981 359 2057 vivit,
374 1988 418 2044 est
440 1982 548 2045 anima.
593 1981 638 2045 Et
661 2003 749 2065 quum
768 1982 830 2045 vita
854 1981 1058 2065 manifestetur
1079 1981 1233 2045 seeundum
1255 1981 1382 2044 diuersae

276 2092 457 2175 operationes
470 2092 503 2153 in
516 2092 636 2155 ιιιιινιιι
653 2092 795 2176 maribus
808 2092 974 2169 uiuentium,
990 2091 1092 2173 idque
1109 2093 1207 2174 pumo
1222 2098 1380 2173 operantur

275 2204 497 2287 umemquadque
518 2204 620 2267 borum
642 2226 762 2286 operum
784 2205 861 2281 vita,
884 2211 927 2266 est
949 2205 1056 2267 anima.
1101 2204 1212 2265 Anima
1237 2204 1313 2265 enirn
1338 2211 1381 2264 est

269 2317 409 2399 punam,
425 2337 482 2398 qua
504 2316 659 2393 nutrimur,
675 2322 705 2377 et
726 2315 875 2392 sentimus,
891 2323 920 2378 et
941 2336 1086 2377 movemur
1104 2314 1258 2377 seeundum
1278 2314 1379 2389 boum,

276 2436 305 2493 ιι
319 2426 518 2511 similiterque
528 2428 626 2511 primo
642 2426 839 2511 intellipimus.
887 2426 962 2490 Haec
976 2434 1080 2490 tamen
1096 2425 1128 2490 S.
1138 2425 1281 2490 Doetmis
1290 2424 1381 2489 verba

276 2539 419 2604 videntur
444 2539 625 2604 coarctanda
650 2539 736 2603 iuxta
762 2560 886 2602 sensum
916 2539 1100 2622 explicatum
1125 2538 1156 2601 in
1184 2546 1317 2601 tractatu
1338 2537 1380 2630 'de
1428 2542 1441 2565 '

276 2651 434 2736 principiis
456 2673 557 2716 rerum
580 2649 766 2715 naturalium
790 2673 822 2712 u.
840 2651 892 2729 63,
909 2649 1010 2734 quoad
1031 2651 1229 2724 nutritionem,
1245 2671 1315 2735 qnae
1335 2658 1381 2714 est

276 2763 410 2848 operatio
424 2763 611 2848 vegetativa:
635 2785 706 2826 nam
726 2761 856 2826 nutritio
871 2761 978 2845 incipit
1000 2761 1064 2826 fieri
1079 2761 1112 2824 in
1126 2761 1206 2826 foetu
1221 2784 1276 2846 per
1297 2761 1375 2826 solas

277 2874 355 2940 vires
369 2876 513 2954 materia,
529 2884 693 2959 antequam
709 2895 818 2959 eorpus
834 2873 921 2936 sitin
939 2873 1076 2958 potentia
1090 2872 1129 2937 ad
1143 2873 1248 2953 vitam,
1263 2880 1294 2938 et
1310 2895 1380 2938 eon-

277 2994 437 3071 sequenter
451 2987 517 3050 sine
532 3009 682 3052 eoneursu
696 2985 816 3063 animae,
833 2992 867 3049 ut
882 2984 1060 3048 ostendetur
1075 2984 1212 3049 inferius.

322 3101 372 3164 12.
397 3097 552 3174 Quaeritur
573 3096 674 3175 tertio,
689 3119 729 3161 au
750 3099 782 3160 in
803 3104 912 3160 natura
935 3098 1103 3180 composito,
1120 3097 1154 3160 de
1176 3119 1234 3179 qua
1256 3099 1381 3180 opimus,

276 3210 375 3273 anima
388 3209 538 3293 sitsorma
552 3208 753 3273 substantiatis
767 3209 906 3291 eorporis.
1231 3198 1233 3202 Α

321 3319 513 3404 Respondeo,
540 3341 652 3382 nomen
678 3317 783 3382 lormae
813 3317 1021 3381 substantialis
1050 3316 1161 3382 habere
1190 3317 1273 3401 apud
1302 3317 1381 3402 peri·

277 3431 424 3516 patetieos
451 3430 702 3514 significationem
733 3430 928 3514 aequivocam,
955 3429 1034 3494 sieut
1064 3429 1247 3494 declaratum
1274 3440 1322 3493 est
1347 3430 1379 3493 in
1404 3421 1406 3424 ⁵

277 3549 409 3606 tractatu
432 3541 470 3605 de
484 3542 592 3626 primis
606 3541 764 3625 principiis
786 3565 816 3604 n.
834 3543 878 3604 40
893 3551 923 3605 et
944 3564 1038 3626 seqq,
1054 3551 1084 3605 et
1099 3541 1167 3605 ideo
1182 3564 1247 3605 esse
1270 3541 1380 3605 distin·

278 3652 447 3737 guendum.
493 3652 527 3716 Si
546 3654 629 3717 enim
652 3653 893 3732 dieas,anima1n
914 3675 979 3717 esse
1000 3653 1130 3716 formam
1149 3651 1379 3716 substantialem

277 3765 310 3828 in
325 3765 383 3829 hoe
398 3787 500 3844 sensu,
513 3764 596 3850 quod
610 3764 663 3828 illa
677 3764 774 3828 forma
785 3772 833 3828 est
848 3763 987 3849 quaedem
999 3763 1180 3843 substantia,
1190 3773 1271 3828 recte
1287 3763 1379 3828 dieis:

279 3877 305 3941 si
320 3875 412 3956 dieas,
427 3898 494 3941 esse
511 3876 641 3940 formam
663 3875 894 3940 substantialem
909 3875 942 3938 in
956 3875 1014 3939 hoc
1034 3897 1136 3954 sensu,
1152 3875 1235 3960 quod
1254 3876 1294 3940 ad
1308 3870 1381 3939 sub-

278 3990 423 4055 stantiam
447 3988 551 4073 (idest
572 3988 611 4052 ad
633 3987 808 4071 essentiam)
826 3986 953 4052 viventis
975 3987 1149 4073 requiritur,
1166 3987 1277 4052 iterum
1299 3980 1380 4074 reete

277 4103 427 4188 loqueris:
453 4102 480 4166 si
495 4101 587 4179 dieas,
597 4123 662 4164 esse
676 4100 805 4163 sormam
818 4097 1047 4163 substantialem
1063 4100 1095 4163 in
1111 4099 1169 4163 hoe
1185 4123 1285 4180 sensu,
1298 4077 1381 4186 qubd

278 4215 331 4279 dat
355 4215 488 4298 primum
512 4234 578 4277 esse
600 4211 722 4290 viventi,
746 4210 844 4274 idest
867 4211 1045 4295 composito,
1067 4220 1141 4275 tune
1164 4212 1211 4276 vel
1234 4213 1381 4297 intelligis

277 4326 409 4390 animam
426 4324 497 4389 dare
519 4323 637 4408 corpori
650 4325 780 4407 ρνιινιιιιη
794 4345 855 4386 esse
876 4325 1007 4401 uiuentis,
1023 4322 1069 4387 vel
1085 4322 1232 4407 intelligis
1248 4324 1379 4388 animam
