3200 4975
220 342 288 385 oar.
306 324 377 407 111.]
666 350 708 391 nn
725 349 872 395 nonina.
1256 337 1320 401 273

219 510 320 574 solum
334 511 483 590 idearum,
495 512 549 576 sed
564 520 594 577 et
609 514 826 579 vocabulorum
842 517 1060 603 supellectilem
1075 520 1243 605 acquisivit,
1259 544 1320 606 qua

218 622 314 706 possit
340 622 423 687 ideas
449 646 551 688 rerum
576 635 796 706 concretarum,
820 628 853 692 in
879 629 991 714 quibus
1017 630 1079 695 fere
1104 640 1241 697 versatur
1264 654 1330 717 pro*

217 732 370 817 prioribus
399 736 497 814 annis,
528 746 668 821 prompte
697 746 728 802 et
757 740 972 805 convenienter
1001 742 1166 827 exprimere
1190 752 1220 807 et
1249 750 1320 828 apte

219 844 416 929 distinguere,
430 846 532 911 statim
549 857 595 910 cst
605 870 675 911 cum
690 858 841 933 potestate
852 852 986 936 proxime
997 863 1102 938 parata
1117 855 1155 919 ad
1170 855 1320 919 utendum

216 956 342 1022 ratione.

592 1133 777 1176 Alamannus
793 1134 942 1178 annulae.

510 1282 559 1344 De
573 1283 704 1346 humana
718 1292 830 1347 natura
844 1283 1028 1347 resolutione.

264 1419 337 1480 110.
362 1416 534 1502 Supersunt
561 1417 700 1503 quaedam
730 1417 859 1482 dicenda
882 1418 920 1482 dc
951 1419 1083 1483 hominis
1113 1420 1239 1485 interitu
1250 1448 1260 1501 ,·
1291 1429 1322 1485 et

217 1528 316 1613 primo
331 1529 487 1614 quaeritur,
503 1552 634 1613 quartam
648 1533 689 1594 sit
703 1553 792 1594 causa
807 1533 918 1595 mortis.

262 1640 454 1725 Respondeo,
477 1648 617 1719 mortem,
639 1663 693 1704 sea
713 1640 912 1704 cessationem
935 1642 1004 1705 vitae
1028 1650 1081 1705 aut
1102 1644 1321 1727 separationem

219 1752 328 1816 animae
342 1775 361 1816 a
380 1774 513 1837 corpore,
528 1751 633 1816 haberi
652 1761 777 1837 propter
790 1752 849 1816 hoc
869 1752 952 1837 quod
967 1774 1077 1838 corpus
1092 1761 1187 1817 cesset
1209 1775 1274 1817 esse
1289 1754 1322 1817 in

220 1862 445 1928 conditionibus
464 1862 619 1948 requisitis
643 1862 682 1927 ad
706 1864 800 1926 vitam
826 1864 1019 1928 sensitivam:
1043 1873 1074 1927 et
1091 1863 1160 1927 ideo
1185 1864 1224 1929 ad
1246 1887 1321 1949 prae-

220 1975 400 2040 veniendam
426 1984 555 2039 mortem
585 1974 747 2038 adhibetur
780 1973 866 2039 cibus
900 1973 1072 2054 materialis,
1102 1974 1323 2040 medicamenta

220 2086 396 2166 materialia,
422 2096 479 2151 etc.
504 2110 573 2172 quae
596 2108 706 2171 corpus
730 2086 890 2170 attingunt
914 2095 945 2149 et
970 2086 1167 2150 modificant:
1190 2086 1274 2171 quod
1298 2087 1323 2149 si

219 2197 404 2262 adhibentur
417 2198 600 2283 quandoque
622 2196 755 2261 remedia
770 2196 905 2274 moralia,
922 2196 990 2260 ideo
1006 2197 1105 2260 solum
1129 2196 1322 2277 adhibentur,

219 2311 291 2394 qaia
315 2309 393 2374 aetio
417 2310 526 2374 animae
549 2332 629 2394 saepe
651 2308 685 2373 in
707 2331 817 2394 corpus
840 2308 952 2389 refluit,
971 2318 1001 2373 et
1024 2332 1201 2373 concurrere
1222 2318 1323 2395 potest

219 2445 288 2487 cum
305 2422 395 2486 rebus
414 2421 622 2487 materialibus
637 2420 677 2484 ad
699 2420 765 2486 eius
779 2420 1033 2484 immutationem.
1082 2419 1197 2486 Contra
1216 2422 1324 2506 nequit

218 2535 320 2599 anima
345 2535 554 2620 derelinquere
582 2556 703 2617 corpus,
728 2533 826 2597 donee
855 2533 912 2596 hoc
942 2541 988 2597 est
1018 2541 1125 2616 aptum
1156 2533 1194 2598 ad
1217 2533 1322 2598 vitam.

219 2645 310 2708 Ratio
332 2654 388 2724 est,
407 2647 478 2730 quia
500 2646 602 2710 anima
627 2667 690 2708 non
712 2644 857 2708 informat
880 2666 990 2728 corpus
1012 2666 1067 2728 per
1091 2652 1194 2708 actum
1216 2645 1323 2709 volun·

219 2756 342 2834 tarium,
359 2756 411 2819 sed
433 2779 488 2841 per
507 2765 609 2820 actum
625 2757 817 2820 naturalem:
842 2778 904 2820 non
920 2756 1137 2840 peractionem
1159 2779 1254 2836 suam,
1271 2756 1325 2820 sed

220 2889 275 2950 per
289 2867 472 2931 infusionem
491 2890 508 2931 a
522 2867 590 2932 Deo
605 2867 736 2931 factam:
759 2877 790 2931 et
806 2867 849 2931 sic
863 2889 963 2951 neque
979 2867 1035 2930 seit
1046 2865 1204 2951 ¹quomodo
1219 2867 1325 2932 vincu-

220 2976 285 3040 lum
307 3000 398 3041 suum
421 3001 492 3042 cum
513 3001 637 3062 corpore
662 2975 770 3061 frangi
789 2979 895 3062 possit,
911 2987 1054 3044 manente
1077 3001 1201 3064 corpore
1224 2979 1324 3044 debite

221 3088 370 3169 ordinato,
396 3112 495 3174 neque
520 3100 622 3173 potest
646 3112 701 3175 per
727 3089 821 3153 ullam
847 3113 933 3154 suam
960 3090 1110 3154 actionem
1136 3114 1168 3154 sc
1197 3090 1235 3156 ab
1258 3092 1325 3177 ipso

223 3200 346 3279 solvere,
362 3201 458 3265 donec
472 3209 517 3265 est
533 3209 639 3287 aptum
656 3201 695 3266 ad
710 3202 813 3264 vitam.

265 3315 337 3376 111.
361 3311 518 3389 Quaeritur
532 3312 677 3392 secundo,
692 3314 791 3377 atrum
809 3315 949 3378 moriente
963 3315 1085 3392 lamine,
1102 3317 1200 3379 anima
1215 3338 1247 3379 ea
1262 3317 1325 3399 ipso

219 3427 396 3490 naturaliter
404 3435 520 3510 pereat.

263 3537 446 3622 Respondeo
468 3537 618 3621 negative.
663 3536 745 3600 Nam
768 3535 870 3599 anima
892 3544 937 3598 est
956 3534 1126 3600 substantia
1149 3536 1324 3623 spiritualis,

220 3647 335 3712 habens
361 3649 394 3712 in
417 3672 448 3712 se
471 3647 712 3733 independenter
734 3671 752 3710 a
779 3668 903 3731 corpore
924 3646 1074 3732 quidquid
1095 3649 1260 3733 requiritur
1287 3649 1325 3713 ad

220 3760 408 3843 operationes
423 3760 492 3823 vitae
507 3759 683 3845 spiritualis,
698 3768 734 3822 ut
754 3781 848 3843 supra
862 3767 1021 3822 ostensum
1039 3767 1093 3823 est.
1140 3760 1223 3844 Ergo
1239 3761 1325 3824 inde-

220 3871 389 3955 pendenter
403 3894 420 3934 a
435 3893 559 3956 corpore
582 3870 747 3935 subsistere
761 3879 864 3954 potest
873 3896 883 3949 3
905 3870 995 3934 etsie
1016 3871 1170 3956 corruptio
1192 3872 1326 3957 corporis

221 4005 283 4045 non
298 3981 444 4066 importat
456 3982 565 4045 animae
578 3982 722 4046 humanae
733 3980 982 4044 destructionem.
1029 3981 1097 4044 Hoc
1109 3992 1327 4065 argumentum

221 4093 263 4156 sic
297 4093 422 4177 exponit
456 4093 487 4156 S.
508 4093 641 4156 Thomas
668 4095 710 4176 (p.
728 4096 757 4155 1.
774 4114 804 4176 q.
823 4095 874 4157 75.
891 4114 917 4154 a.
935 4092 988 4172 6):
1019 4093 1187 4175 Dupliciter
1216 4094 1331 4177 aliquid

222 4207 417 4288 corrumpitur
430 4233 439 4267 .·
463 4207 618 4269 anamodo
634 4228 692 4288 per
705 4227 745 4282 se,
762 4205 918 4267 ullomodo
931 4227 988 4286 per
1003 4206 1143 4268 aeddan.
1188 4206 1327 4289 Impossi-

224 4317 279 4379 bile
288 4325 384 4380 autem
399 4326 452 4396 est,
466 4318 581 4400 aliquid
588 4318 745 4380 subsistens
756 4317 893 4396 uenerari
902 4324 954 4380 aut
967 4318 1112 4399 eorrumpi
1120 4340 1177 4400 per
1187 4319 1327 4396 accidas,

268 4449 342 4492 vox..
360 4449 402 4493 11.
1135 4449 1153 4490 r
