3200 4975
289 376 355 441 356
683 398 726 442 or
742 395 1001 455 scornaxmaus.
1236 370 1321 456 [aar.
1339 390 1395 434 ιιι.

292 561 388 645 possit
406 561 511 627 haberi
528 561 654 627 effectus
676 561 765 627 realis
786 584 823 626 ex
838 568 924 646 parte
939 556 1072 637 termini,
1088 556 1194 622 relatio
1208 556 1275 641 ipsa
1288 563 1335 620 est
1350 573 1398 619 re·

292 671 348 736 alis
371 680 436 737 tam
459 695 497 738 ex
520 682 606 758 perte
632 672 773 752 creantis,
798 694 890 757 quam
920 693 956 735 ex
985 677 1072 755 purte
1100 666 1234 733 termini.
1279 664 1399 743 Quarto

292 784 528 849 fundamentum
558 784 766 870 explicationis
796 783 828 848 S.
852 783 979 847 'l'bomae
1022 803 1085 845 non
1114 780 1235 844 videtur
1263 780 1398 843 firmum.

294 896 369 960 Ideo
384 896 465 959 enim
481 897 586 961 relatio
596 897 707 961 scibilia
725 897 767 959 ad
783 896 936 959 erientiam
953 915 1017 958 non
1037 900 1085 957 est
1102 892 1200 971 realis,
1216 890 1288 977 quia
1307 890 1398 955 etiam

293 1008 398 1071 relatio
418 1010 546 1072 seientia
567 1010 608 1072 ad
626 1008 725 1072 scibile
746 1030 810 1071 non
833 1015 879 1071 est
901 1004 1001 1070 realis.
1046 1002 1129 1069 Nam
1155 1006 1278 1068 seientia
1306 1002 1398 1065 habet

293 1118 406 1183 realem
420 1118 596 1185 relationem
612 1120 652 1185 ad
665 1122 779 1200 emtam,
794 1138 858 1183 non
878 1117 918 1182 ad
939 1116 1044 1181 scibile
1053 1141 1062 1196 3
1085 1115 1202 1180 adhoc
1223 1116 1304 1179 enim
1325 1114 1399 1178 dicit

294 1230 507 1296 habitudinem
515 1234 652 1316 patentia
665 1233 783 1311 aderadi,
798 1252 862 1294 non
877 1228 1011 1293 scientia.
1038 1227 1157 1291 Scitum
1172 1249 1293 1312 quoque
1307 1226 1399 1289 habet

296 1343 406 1408 realem
427 1344 606 1408 relationem
626 1344 665 1407 ad
687 1342 845 1408 seientiam
861 1341 899 1405 de
913 1341 990 1426 ipso,
1006 1339 1077 1425 quia
1092 1341 1170 1404 actio
1184 1340 1274 1403 realis
1288 1338 1400 1402 scibilia

295 1456 329 1519 in
350 1455 520 1540 potentiam
543 1456 693 1540 passivam
715 1454 889 1518 intellectus
911 1461 958 1516 est
980 1474 1079 1527 causa,
1095 1472 1150 1514 cur
1170 1460 1202 1513 et
1225 1450 1328 1515 scibile
1347 1450 1400 1513 fiat

296 1567 417 1633 realiter
432 1568 553 1647 scitum,
569 1576 600 1632 et
614 1567 752 1653 potentia
766 1564 883 1630 sciendi
905 1565 958 1627 fiat
979 1562 1105 1627 actualis
1125 1562 1245 1626 realiter
1265 1562 1400 1626 seientia.

299 1680 401 1758 Quare
414 1681 496 1746 inter
509 1680 614 1745 scibile
629 1689 660 1745 et
675 1679 845 1765 potentiam
860 1677 975 1742 sciendi
991 1677 1081 1741 datur
1095 1675 1211 1757 relatio,
1225 1698 1293 1761 quae
1307 1678 1401 1739 utria·

297 1800 354 1875 que
368 1800 415 1855 est
429 1790 642 1876 aptitudinalis
657 1800 688 1855 et
702 1790 839 1868 rationis,
856 1788 909 1853 sed
923 1786 1004 1852 inter
1019 1787 1128 1851 scitum
1145 1795 1176 1852 et
1191 1786 1349 1851 seientiam
1364 1786 1401 1849 de

297 1926 335 1967 eo
360 1903 451 1967 datur
473 1902 590 1982 relatio,
617 1924 685 1988 quae
710 1905 848 1986 mriaqae
873 1908 919 1965 est
945 1900 1042 1979 realis,
1068 1898 1147 1963 sieut
1172 1900 1272 1963 omnis
1295 1898 1402 1961 relatio

296 2012 427 2077 fundata
449 2014 481 2076 in
505 2013 579 2077 reali
605 2013 723 2078 actione
746 2022 777 2076 et
802 2012 951 2097 passione.
996 2009 1127 2073 Videtur
1153 2031 1226 2093 ergo
1247 2031 1307 2073 non
1330 2008 1402 2073 sub-

217 2155 220 2161 ·
299 2123 404 2187 sistere
433 2122 511 2187 ratio
540 2123 692 2208 praedictae
721 2122 940 2208 explicationis.
1001 2120 1093 2198 Quod
1129 2129 1233 2185 autern
1263 2120 1402 2185 dextrum

299 2236 418 2300 dicatur
439 2236 476 2300 de
498 2236 650 2315 columna,
666 2259 734 2321 quae
750 2258 814 2300 non
836 2234 929 2299 babet
950 2234 1081 2319 aliquam
1099 2233 1246 2312 dextram,
1262 2255 1324 2297 non
1340 2233 1403 2296 suf-

298 2347 363 2411 fieit
377 2346 417 2410 ad
432 2346 676 2411 concludendum
691 2349 861 2411 relationem
876 2368 935 2409 aaa
949 2368 1010 2409 esee
1023 2344 1143 2409 realiter
1160 2346 1192 2407 ia
1201 2344 1344 2423 columna,
1353 2345 1406 2407 sed

299 2462 331 2524 ia
346 2460 476 2540 cumali,
492 2458 552 2523 nisi
567 2458 637 2544 quis
652 2466 868 2544 praesupponat
889 2455 1067 2522 relationem
1087 2478 1153 2520 esse
1175 2456 1290 2540 aliquid
1306 2457 1338 2519 ia
1354 2478 1405 2535 rer

300 2583 375 2637 tuno
397 2573 479 2636 enim
502 2571 644 2636 columna
665 2594 728 2635 non
750 2569 875 2635 habebit
890 2572 921 2632 ia
935 2591 966 2632 ee
980 2569 1038 2633 hoc
1056 2568 1181 2653 aliquid,
1197 2567 1281 2653 quod
1296 2567 1406 2632 dieitur

216 2717 220 2724 ·
302 2684 471 2750 dexterum.
517 2683 579 2749 Sed
593 2683 619 2748 si
634 2684 740 2748 relatio
755 2683 795 2746 sit
816 2683 932 2767 aliqairl
951 2683 992 2745 ad
1010 2682 1093 2766 aliud
1112 2704 1176 2745 non
1191 2704 1261 2745 vero
1283 2683 1315 2744 ia
1336 2681 1405 2762 alio,

300 2805 337 2862 ut
357 2820 393 2861 ex
415 2796 572 2860 communi
594 2795 772 2860 definitione
788 2795 958 2859 tenendum
979 2802 1035 2874 est,
1059 2803 1134 2858 tunc
1153 2793 1296 2858 facillime
1316 2793 1407 2857 intel·-

237 2917 240 2920 ’
300 2908 408 2992 ligitur
416 2930 479 2971 non
495 2907 594 2972 solum
609 2907 762 2992 quomodo
777 2906 890 2970 animal
901 2906 1056 2970 secuudum
1071 2927 1154 2968 saara
1168 2905 1301 2970 deatrara
1309 2907 1408 2989 possit

301 3022 442 3104 respicere
464 3021 635 3096 colamnam,
659 3017 711 3082 sed
733 3018 826 3080 etiam
850 3016 1004 3101 quomodo
1026 3016 1170 3096 calamae,
1192 3015 1263 3080 licet
1289 3016 1407 3080 nullam

301 3131 413 3196 habeat
435 3130 572 3194 dextram
595 3152 691 3210 suam,
709 3131 807 3213 poerit
829 3131 969 3212 respicere
990 3129 1125 3192 deatram
1147 3128 1292 3191 animalis.
1338 3126 1409 3191 Nisi

185 3247 191 3259 '
302 3251 406 3306 autem
421 3241 564 3306 columna
579 3240 739 3324 respiceret
754 3241 875 3305 realiter
890 3239 1026 3303 dextram
1040 3238 1190 3320 animalis,
1202 3238 1313 3303 falsum
1328 3248 1408 3303 esset

304 3353 490 3438 simpliciter,
512 3351 595 3437 quod
615 3351 720 3416 dextra
740 3350 880 3415 animalis
898 3350 1061 3435 respiceret
1081 3359 1152 3414 actu
1174 3350 1357 3429 columnam,
1372 3359 1409 3414 ut

304 3463 427 3529 evidens
442 3471 498 3527 est.
566 3480 571 3488 ·

349 3574 549 3654 Concludam,
561 3575 645 3659 qnod
661 3579 694 3638 1⁰
708 3573 793 3638 nulla
808 3583 855 3638 est
870 3574 1033 3639 necessitas
1048 3574 1231 3639 admittendi
1246 3575 1408 3639 relationes

305 3695 507 3769 non-mutuas
521 3686 554 3749 in
570 3709 662 3750 sensu
677 3685 869 3772 supradicto:
892 3689 928 3750 2⁰
942 3687 1026 3772 quod
1040 3685 1115 3751 tales
1129 3687 1293 3751 relationes
1304 3686 1409 3752 videu-

180 3835 183 3841 ·
304 3806 357 3862 tur
370 3796 603 3882 inexplicabiles
649 3797 691 3861 Et
705 3804 831 3882 propter
845 3796 904 3860 hoc
918 3820 975 3882 ego
991 3797 1071 3862 malo
1086 3798 1195 3877 dicere,
1210 3821 1317 3863 omnes
1332 3798 1408 3863 rela-

304 3911 404 3998 tiones
427 3932 493 3973 esse
518 3931 637 3994 semper
657 3918 790 3989 mutuas,
806 3908 850 3973 ita
873 3917 909 3974 ut
928 3932 968 3974 ex
988 3910 1094 3974 eodem
1115 3909 1316 3975 fundamento
1336 3910 1411 3974 reali

306 4032 435 4108 uterque
456 4021 607 4085 terminus
628 4020 784 4085 relationis
808 4019 935 4106 accipiat
958 4021 1236 4086 denominationem
1255 4023 1410 4087 relativam

306 4134 454 4198 realem*.
501 4133 534 4196 Si
549 4155 618 4196 vero
638 4143 782 4198 mutuum
802 4141 833 4198 et
855 4156 918 4198 non
936 4143 1082 4199 mutuum
1100 4134 1287 4220 accipiantur
1302 4156 1359 4220 pro
1376 4156 1412 4198 eo

340 4296 359 4333 ὓ
375 4292 490 4364 Propter
509 4293 636 4346 timorem
655 4293 819 4348 admittendi
841 4293 1022 4364 mutationem
1042 4294 1072 4348 in
1093 4293 1160 4363 Deo,
1182 4294 1270 4348 solent
1290 4297 1413 4349 auctores

306 4379 403 4446 dicere,
415 4379 648 4434 denominationes
660 4379 803 4450 creatoris,
817 4379 1028 4450 conservatoris,
1041 4385 1095 4437 etc.
1109 4398 1167 4436 esse
1178 4380 1238 4435 Deo
1251 4381 1413 4436 matriacus.
