3200 4975
547 1191 979 1299 Psmssrlo

610 1571 925 1586 ΜΛΜΛΛΜΜΛΛΛΑΛΜΛ

214 1892 275 1963 An
300 1892 556 1964 absolvendam
592 1915 684 1977 eam,
712 1914 822 1984 quam
857 1891 1116 1980 inchoasimus,
1143 1895 1189 1965 de
1213 1896 1318 1967 reali-

214 2016 351 2087 tatibus
376 2014 506 2087 creatis
531 2015 858 2110 investigationem,
885 2023 1062 2087 tractatus
1088 2024 1162 2089 tres
1187 2018 1225 2090 in
1249 2018 1319 2091 hoc

213 2140 410 2226 volumine,
437 2140 532 2211 sicut
557 2139 597 2210 in
622 2139 753 2235 priore,
786 2140 970 2210 coniunxi.
1024 2140 1170 2213 Primus
1194 2151 1249 2214 est
1275 2144 1318 2215 dc

213 2264 400 2360 spirituali
433 2263 644 2349 substantio,
674 2265 720 2335 de
748 2287 822 2356 qua
850 2271 1013 2357 separate
1047 2288 1164 2360 agere,
1194 2291 1319 2359 quam·

214 2412 324 2480 quam
342 2412 417 2459 non
434 2395 489 2459 est
506 2412 585 2460 mos
607 2388 849 2483 philosophis,
877 2388 1030 2484 dignum
1057 2397 1180 2461 tamen
1207 2400 1318 2486 atque

214 2513 306 2586 utile
332 2514 372 2584 in
397 2513 523 2609 primis
540 2513 657 2585 visum
685 2521 758 2584 est:
789 2515 968 2584 secundus
994 2514 1072 2609 agit
1094 2515 1136 2587 de
1158 2516 1315 2590 hoscine:

214 2637 345 2709 tertius
363 2637 406 2710 dc
423 2637 663 2710 occidentibus
686 2637 899 2709 substantiae
922 2638 995 2709 sive
1016 2639 1225 2727 materialis,
1244 2643 1317 2713 sive

214 2760 424 2856 spiritualis,
452 2761 526 2832 sive
551 2761 771 2854 compositae.
825 2759 984 2832 Coactus
1006 2784 1086 2831 sum
1110 2769 1245 2848 autem,
1270 2789 1317 2835 ne

214 2886 328 2957 moles
344 2885 539 2957 voluminis
557 2885 655 2956 ultra
672 2886 822 2955 modum
848 2892 1080 2970 excresceret,
1100 2886 1316 2977 quaestioncs

215 3010 260 3080 de
287 3009 525 3105 passionibus,
555 3010 600 3079 de
630 3008 829 3093 habitibus,
857 3010 902 3079 de
933 3009 1135 3080 oeconomia
1168 3011 1317 3084 animali

214 3136 373 3207 hominis
389 3137 486 3208 inter
508 3142 638 3213 caetera
659 3133 845 3204 omittere:
874 3143 1068 3228 systemata
1091 3137 1203 3208 etiam
1220 3139 1318 3210 ideo·

214 3261 342 3357 logica,
370 3260 575 3353 dequibus
602 3282 710 3329 nemo
741 3265 860 3330 tacere
891 3257 993 3344 solet,
1020 3261 1246 3357 praetermisi,
1274 3287 1318 3334 eo

215 3388 313 3479 quod
330 3409 406 3456 non
423 3384 626 3481 putaverim
643 3397 711 3456 'me
737 3406 843 3478 posse
870 3383 1015 3478 singula
1031 3385 1189 3458 breviter
1206 3411 1316 3483 expo·

214 3535 301 3582 nere
319 3520 429 3602 atque
446 3509 645 3581 discutere:
673 3531 894 3599 quamquam
913 3507 1040 3594 solida,
1052 3510 1193 3604 opinor,
1217 3512 1317 3585 ideo-

214 3635 322 3731 logiae
347 3633 527 3730 principia
553 3632 736 3717 constitui,
768 3633 815 3702 ad
843 3632 1018 3727 pleraque
1046 3656 1172 3704 eorum
1209 3647 1319 3730 syste-

215 3769 355 3830 matum
373 3757 583 3832 refellenda.

270 3883 333 3954 De.
345 3883 472 3956 ordine
489 3905 599 3973 quem
615 3880 654 3950 in
665 3880 818 3976 singulis
835 3879 1049 3952 tractatibus
1066 3905 1132 3974 pro
1146 3893 1319 3977 opportu-

214 4008 331 4079 nitate
357 4013 502 4078 secutus
525 4028 617 4089 sum,
640 4002 734 4074 nihil
758 4003 888 4088 dicam,
916 4027 1031 4095 quum
1057 4027 1103 4074 ex
1126 4004 1245 4079 indice
1272 4011 1317 4080 ad

215 4132 350 4204 calcem
366 4129 562 4201 voluminis
579 4127 697 4222 posito
716 4127 965 4218 unusquisque
985 4127 1099 4222 possit
1116 4127 1194 4200 eius
1210 4132 1318 4203 ratio-

215 4281 299 4329 nem
326 4276 561 4350 cognoscere:
589 4254 651 4323 sed
674 4251 755 4322 volo
781 4251 954 4323 lectorem
983 4251 1105 4323 statim
1136 4256 1317 4328 monitum

591 4647 910 4770 u368312
