3200 4975
205 362 277 411 ιιι.
294 342 349 429 11.]
516 364 558 409 ne
575 364 775 411 suesmvrm
790 364 994 409 seraranan.
1268 343 1313 404 59

206 531 297 593 lectu.
342 528 384 593 llt
399 527 441 595 sio
462 528 587 615 spiritus
609 553 664 615 per
685 530 764 595 hano
786 531 887 595 lucem
909 529 1151 609 substantialem,
1166 530 1215 596 vel
1236 530 1313 594 acci-

207 640 368 721 dentalem,
403 664 464 727 qua
500 642 626 721 fruitur,
660 664 779 707 movere
814 652 916 728 potest
951 642 1142 707 intellectum
1177 642 1314 709 alteriue,

207 753 432 839 quodammodo
454 754 487 819 in
509 776 581 820 eum
602 754 785 821 reflectendo
807 754 1091 839 intelligibilitatem
1112 753 1223 818 obiecti
1243 776 1263 817 a
1281 774 1315 816 se

207 862 365 944 intellecti,
389 865 559 932 secundum
580 889 647 931 eam
670 888 847 939 mensuram
867 867 1004 947 luminis,
1029 866 1199 931 secuudum
1221 887 1313 950 quam

209 962 443 1062 intelligibilitas
457 977 567 1044 obiecti
582 966 705 1063 recepta
718 979 777 1043 fuit
791 979 826 1043 in
840 979 907 1065 ipso
921 979 1124 1063 intelligente.

252 1093 304 1154 46.
330 1089 485 1166 Quaeritur
493 1089 684 1170 duodecimo,
695 1100 794 1156 atrum
802 1094 897 1156 virtus
906 1090 1315 1157 dluminatieaeubordinetur

209 1202 354 1268 voluntati
369 1202 574 1267 illuminantia.

254 1312 447 1398 Respondes,
460 1311 653 1377 subordinari
670 1312 772 1397 quoad
791 1314 980 1392 exercitium,
994 1335 1057 1377 nou
1071 1334 1143 1377 vero
1157 1310 1257 1397 quoad
1272 1332 1314 1389 se,

210 1425 271 1493 nisi
285 1448 340 1509 per
353 1424 503 1489 accidens.
548 1424 651 1489 Prima
670 1447 742 1509 pars
755 1433 841 1510 patet
855 1448 893 1489 ex
906 1448 952 1505 eo,
969 1424 1053 1511 quod
1067 1446 1160 1509 supra
1173 1424 1315 1499 diximus,

211 1559 322 1620 nempe
335 1536 523 1601 voluntatem
538 1558 604 1599 esse
624 1535 779 1601 &minam
802 1560 927 1601 suorum
946 1548 1089 1601 actuum:
1112 1546 1200 1601 actus
1213 1543 1316 1600 autem

211 1647 415 1727 illuminandi,
431 1670 487 1715 seu
503 1647 718 1713 manifestandi
733 1649 818 1733 quod
832 1659 878 1713 est
893 1649 927 1713 in
940 1649 1064 1734 proprio
1083 1647 1229 1725 subiecto,
1244 1668 1316 1711 con-

212 1760 349 1845 sequitur
360 1758 568 1836 voluntatem
590 1760 675 1844 prius
690 1760 773 1823 enim
784 1770 832 1824 est
842 1760 992 1840 voluntas,
1002 1783 1064 1845 quo
1077 1782 1134 1824 ens
1147 1757 1318 1842 completur

213 1873 247 1935 in
261 1894 320 1937 suo
332 1894 407 1952 esse,
423 1894 516 1956 quam
536 1881 707 1957 actusque
728 1894 786 1936 ens
803 1873 868 1956 agit
883 1883 967 1937 extra
982 1896 1014 1937 se
1022 1899 1033 1951 3
1055 1881 1087 1936 et
1101 1872 1144 1936 sio
1158 1872 1217 1935 iste
1231 1878 1318 1933 actus

213 1983 434 2048 illuminativus
451 1992 498 2047 est
518 1982 575 2046 sub
596 1983 734 2049 dominio
747 1984 923 2049 voluntatis.
967 1986 1068 2049 Immo
1083 1984 1212 2061 videtur,
1234 1982 1319 2068 quod

214 2118 296 2159 unus
318 2094 445 2179 spiritus
465 2094 562 2179 possit
584 2094 671 2159 alteri
694 2096 816 2180 spiritui
837 2098 944 2176 celare,
966 2097 1089 2176 sivelit,
1109 2097 1212 2181 ipsum
1227 2117 1318 2157 suum

216 2230 281 2272 esse
295 2206 514 2273 substantiale:
536 2207 583 2271 vel
599 2207 707 2271 saltem
728 2231 792 2273 non
814 2219 939 2295 apparet
960 2210 1037 2273 ratio
1056 2209 1185 2274 certain
1200 2216 1319 2271 eontra-

215 2321 305 2387 rium.
352 2319 457 2396 Quum
471 2320 553 2384 enim
568 2319 644 2384 alter
659 2321 784 2405 spiritus
807 2331 939 2408 nequeat
957 2323 1138 2407 intelligere,
1158 2321 1219 2385 nisi
1232 2319 1319 2405 prius

216 2439 372 2501 moveatur
387 2430 424 2496 ab
439 2430 635 2516 intelligibili,
651 2442 682 2500 et
697 2456 762 2499 esse
777 2434 977 2500 substantiale
992 2434 1101 2520 prioris
1115 2434 1241 2520 spiritus
1255 2454 1319 2496 non

215 2544 496 2628 indigeat-movere
525 2543 620 2608 alium
651 2545 793 2630 spiritum
823 2569 878 2632 per
909 2570 996 2612 suam
1028 2546 1318 2631 intelligibilitatem,

216 2655 336 2724 videtur
365 2654 490 2720 omnino
520 2654 693 2735 dicendum,
718 2659 801 2743 quod
822 2681 905 2723 unus
926 2659 1054 2743 spiritus
1074 2658 1170 2743 possit
1192 2678 1225 2720 se
1246 2655 1320 2718 sub-

216 2767 336 2832 trahere
351 2788 368 2830 ι
382 2775 547 2849 conspectu
561 2766 696 2832 alterius.

261 2876 400 2942 Secunda
411 2899 481 2960 pars
492 2877 666 2942 assertionis
678 2888 724 2943 est
736 2879 837 2958 clara,
857 2880 931 2964 quia
941 2903 1003 2943 non
1014 2879 1127 2964 pendet
1138 2878 1320 2943 avoluntate

217 2989 335 3053 efficere
348 2995 383 3052 ut
397 2987 590 3072 intelligibile
601 2989 640 3056 sit
655 2990 860 3074 intelligibile.
904 2992 1003 3076 Atqui
1011 2993 1109 3056 virtus
1119 2988 1323 3055 illuminativa

217 3109 263 3166 est
284 3100 352 3185 ipsa
372 3101 606 3185 intelligibilitas
634 3110 703 3166 tum
733 3102 862 3166 subiecti
883 3103 921 3168 de
942 3127 1005 3189 quo
1032 3104 1225 3189 praedicatur,
1253 3111 1321 3166 tum

217 3212 411 3278 affectionum
426 3235 494 3297 quae
508 3213 541 3278 in
556 3235 594 3278 eo
607 3222 680 3277 sunt
688 3239 700 3292 ;
722 3236 796 3298 ergo
811 3237 874 3278 non
894 3216 1008 3300 pendet
1027 3217 1092 3280 lraee
1105 3217 1202 3280 virtus
1222 3213 1323 3300 quoad

219 3347 251 3388 se
272 3347 291 3388 a
312 3323 478 3404 voluntate,
501 3323 609 3388 saltem
631 3347 685 3408 per
712 3348 743 3389 se
766 3335 797 3390 et
821 3326 943 3393 directe.
998 3328 1114 3393 Pendet
1143 3337 1247 3392 tamen
1268 3349 1323 3411 per

218 3435 356 3502 accidens
371 3444 402 3499 et
416 3444 550 3514 remote,
574 3435 645 3521 quia
659 3437 755 3501 virtus
775 3437 988 3519 illuminativa,
1005 3440 1204 3526 inquantum
1223 3439 1322 3504 mani-

220 3547 361 3612 festativa
381 3547 577 3612 affectionum
600 3547 844 3630 accidentalium,
856 3573 924 3636 qnae
943 3553 1064 3616 suntin
1079 3553 1225 3632 subiecto,
1240 3575 1324 3616 com-

218 3659 321 3743 pletur
349 3659 574 3724 accidentaliter
597 3661 754 3744 parietas
778 3663 969 3728 affectiones:
996 3674 1027 3730 et
1052 3666 1125 3751 quia
1149 3665 1323 3730 affectiones

219 3771 328 3857 aliquae
350 3780 520 3856 sequuntur
534 3771 713 3836 electionem
729 3773 905 3854 voluntatis,
920 3776 988 3861 ipsa
1000 3778 1099 3842 virtus
1112 3777 1322 3854 illuminativa,

219 3883 319 3968 quoad
352 3882 565 3968 complectitur
599 3883 655 3950 has
692 3884 875 3966 affectiones,
914 3910 933 3952 a
965 3889 1122 3954 voluntate
1160 3888 1322 3973 dependet.

218 3996 326 4062 Virtus
341 4008 443 4062 autem
465 3996 529 4060 bec
552 3995 776 4061 accidentaliter
797 3998 950 4083 completa
971 4001 1138 4086 comparari
1159 4010 1261 4086 potest
1282 3999 1324 4064 ad

220 4107 351 4192 seipsam
374 4115 408 4170 ut
430 4105 529 4190 primo
551 4107 733 4192 completam
763 4109 1012 4193 substantialiter,
1042 4113 1122 4178 sieut
1150 4112 1323 4177 intellectus

220 4218 446 4286 accidentaliter
460 4218 629 4303 completus
644 4242 701 4304 per
714 4219 871 4286 scientiam
890 4225 1069 4310 acquisitam
1084 4225 1124 4290 ad
1137 4225 1272 4310 seipsum
1286 4234 1323 4288 ut

221 4328 461 4396 substantialiter
475 4340 506 4392 et
521 4330 620 4412 primo
636 4331 823 4414 completum
838 4356 893 4418 per
906 4335 1110 4419 cognitionem
1126 4336 1173 4399 sui
1187 4358 1262 4413 esse,
1274 4334 1323 4398 vel
