3200 4975
304 364 370 428 374
552 397 556 405 ·
693 380 736 425 na
750 380 1004 425 aocrnanmans.
1244 358 1332 443 [cas.
1350 376 1406 418 ιιι.

303 547 425 611 realitas
439 552 571 623 ειὶειιεε,
581 566 650 629 quae
663 544 702 608 sit
717 552 821 608 motus
835 552 888 607 aut
903 551 1034 628 tempus,
1045 540 1098 605 sed
1113 561 1231 625 semper
1241 548 1288 603 est
1301 539 1405 623 ipsum

303 658 369 723 fierl
383 657 568 723 extensionis
582 663 683 720 motus
698 663 729 719 et
743 654 899 739 temporis,
915 664 951 718 ut
965 653 1038 717 alibi
1052 651 1238 717 declaratum
1253 658 1309 714 est.

349 772 402 835 71.
425 768 583 845 Quaeritur
606 766 725 853 quinto,
740 766 821 849 quad
839 767 880 829 ait
900 765 1053 829 essentiale
1074 763 1291 829 amastitatioam
1313 782 1408 845 qaan-

305 882 411 945 litatis.

350 989 542 1075 Respondes,
566 988 726 1053 essentiale
754 988 986 1053 constitutivum
1010 984 1192 1072 quantitatis
1213 1006 1279 1049 esse
1301 984 1408 1048 labere

301 1108 406 1186 parter
420 1102 468 1166 rel
478 1100 625 1184 formales
638 1101 685 1164 rel
703 1100 852 1179 virtuales,
867 1098 901 1163 in
916 1120 991 1183 quas
1013 1096 1108 1163 dividi
1128 1095 1242 1181 possit:
1265 1093 1408 1159 formales

306 1212 340 1277 in
354 1211 526 1300 quantitate
545 1210 683 1290 discreta,
698 1210 842 1275 virtuales
863 1209 897 1274 in
911 1208 1066 1274 continua.
1111 1208 1286 1292 Utrumque
1299 1214 1407 1291 patet3

306 1345 379 1387 nam
408 1322 448 1387 ad
480 1321 652 1387 habendam
683 1344 777 1387 uuam
812 1320 1043 1386 multitudinem
1084 1318 1282 1405 reqrriumtur
1317 1316 1408 1401 plura

306 1432 452 1497 habentia
471 1432 619 1498 radonem
630 1432 774 1517 ‘partium
797 1432 890 1497 relate
910 1430 949 1497 ad
969 1439 1069 1496 totum
1087 1430 1170 1516 quod
1192 1428 1405 1515 componitur:

307 1553 338 1609 et
355 1542 395 1608 ud
413 1543 585 1609 habendam
604 1566 699 1608 unam
718 1543 925 1609 extensionem
943 1542 1064 1626 (melius
1084 1541 1234 1606 diceretur
1250 1540 1407 1605 estamini-

306 1655 408 1739 tatcm)
421 1654 531 1719 realem
542 1654 708 1739 requiritur
721 1654 905 1739 possibilitas
916 1662 1019 1718 motus
1034 1652 1172 1717 continui
1182 1652 1265 1717 inter
1273 1659 1408 1715 extreom

306 1764 398 1829 realia
406 1789 418 1843 ;
439 1786 535 1851 quum
555 1772 656 1828 autem
672 1761 858 1848 possibilitas
876 1764 1117 1849 uniuscuiusque
1131 1772 1234 1828 motus
1247 1761 1349 1827 totalis
1365 1761 1407 1825 sit

307 1876 490 1963 possibilitas
504 1875 639 1961 plurium
655 1883 795 1940 motuum
810 1875 995 1962 partialium,
1011 1898 1047 1940 ex
1061 1874 1174 1960 quibus
1188 1882 1290 1938 motus
1303 1873 1409 1938 totalis

305 1986 442 2065 resultat,
462 1992 556 2070 patet,
571 2007 635 2051 non
649 2008 738 2071 posse
759 1986 864 2051 baberi
883 2007 976 2051 unam
994 1985 1199 2050 extensionem
1218 1984 1405 2065 continuam,

307 2097 367 2161 nisi
380 2094 524 2161 virtuales
539 2106 640 2181 partes
655 2096 873 2163 continentem.
1275 2098 1276 2101 ’

349 2210 402 2273 ⁷2.
425 2206 581 2284 Quaeritur
617 2216 710 2287 sexto,
739 2209 814 2272 ande
854 2212 1004 2291 quantitas
1034 2215 1174 2273 ‘comata
1211 2208 1408 2273 multitudinis

305 2320 432 2402 amplat
444 2321 596 2400 unitatem,
611 2341 671 2403 qua
684 2322 726 2383 ait
739 2342 799 2383 arsa
807 2316 976 2384 'multituda

348 2430 541 2516 Respondeo,
556 2452 575 2495 a
588 2430 812 2516 conspiratione
832 2430 966 2516 partium
982 2431 1015 2495 in
1030 2452 1145 2497 unum:
1168 2432 1211 2495 ita
1225 2440 1271 2511 ut,
1287 2430 1314 2496 si
1333 2452 1406 2497 cou-

305 2543 430 2628 spiratio
443 2542 508 2628 lraee
529 2542 570 2606 sit
584 2541 672 2606 realis
692 2550 724 2607 et
742 2542 877 2629 physica,
893 2542 987 2607 idest
1008 2564 1063 2628 per
1076 2542 1232 2608 naculum
1250 2544 1404 2608 actionum

304 2661 336 2718 et
359 2653 537 2740 passionum
560 2652 683 2738 speciali
704 2652 806 2738 aliquo
829 2675 910 2717 nexu
929 2653 1175 2719 connectentinm
1198 2662 1311 2739 partes,
1328 2655 1404 2718 fiant

304 2787 367 2830 una
380 2765 500 2830 realiter
520 2763 688 2829 multitudo
702 2771 757 2829 aut
779 2786 878 2828 massa
893 2765 1068 2830 unitorum:
1091 2767 1201 2830 sivero
1221 2765 1404 2850 conspiratio

304 2877 338 2940 in
359 2898 458 2940 unum
477 2875 518 2940 sit
532 2898 586 2960 per
607 2875 812 2960 operationem
830 2877 953 2956 mentis,
968 2875 1021 2940 fiet
1035 2899 1098 2941 una
1117 2876 1216 2941 solum
1239 2879 1406 2943 mentaliter

304 2985 491 3052 multitudo:
514 2987 541 3050 si
562 2986 693 3071 denique
718 2986 902 3070 conspiratio
927 2987 960 3050 in
983 3007 1080 3050 unum
1104 2987 1189 3052 fieret
1208 3009 1263 3072 per
1283 2988 1405 3052 mucida

304 3096 430 3161 moralia
448 3096 671 3181 obligationum
689 3106 781 3182 atque
803 3097 980 3177 officiorum,
996 3097 1158 3162 baberetur
1173 3121 1234 3163 uns
1255 3101 1406 3164 moraliter

304 3206 492 3271 multitudo(
525 3207 614 3271 Patet
639 3214 752 3286 autem,
767 3206 851 3293 quod
872 3209 904 3271 in
928 3206 1027 3292 primo
1049 3230 1121 3272 casu
1138 3209 1173 3272 fit
1194 3231 1284 3272 amam
1298 3231 1357 3293 per
1372 3231 1404 3274 ae

304 3321 492 3402 mamertum
505 3317 594 3397 reale,
610 3317 672 3382 sive
691 3317 840 3396 naturale,
856 3319 918 3382 sive
937 3318 1102 3398 artificiale,
1118 3329 1149 3384 et
1164 3319 1196 3382 in
1211 3321 1301 3384 tertio
1315 3342 1404 3384 msam

296 3450 355 3512 per
367 3438 399 3492 se
412 3428 543 3492 morale:
566 3428 620 3492 sed
633 3429 667 3492 in
682 3427 816 3493 meando
831 3451 903 3495 casu
916 3430 952 3493 fit
966 3452 1055 3494 anam
1062 3453 1121 3514 per
1133 3439 1255 3496 mentun
1269 3440 1403 3497 tantum.

305 3538 485 3623 Numquam
508 3547 610 3603 autem
636 3547 736 3623 potest
759 3539 826 3603 fieri
848 3561 907 3603 aaa
922 3563 980 3624 per
1001 3562 1033 3604 ae
1054 3543 1217 3606 substantia
1239 3564 1275 3607 ex
1297 3542 1403 3608 multis

304 3646 452 3734 partibus,
482 3648 508 3712 si
538 3648 709 3713 substantia
737 3649 841 3714 stricte
870 3651 1043 3734 accipiatur,
1069 3652 1141 3736 quia
1165 3651 1336 3718 substantia
1364 3654 1404 3720 de

305 3783 337 3826 se
351 3769 383 3824 et
399 3766 436 3824 nt
450 3759 493 3823 sic
507 3767 554 3823 est
574 3781 692 3842 semper
706 3759 844 3844 simplex,
860 3768 895 3823 ut
918 3783 953 3824 ex
967 3761 1207 3844 precedentibus
1221 3764 1403 3831 tractatibus

306 3879 433 3936 mustat.

348 3985 448 4048 Dicar.
471 3981 585 4059 Partes,
595 4001 663 4063 quae
677 3980 828 4044 uniuntur
837 4003 891 4065 per
904 3982 1037 4049 actiones
1052 3991 1083 4046 et
1097 3985 1253 4069 passiones
1267 3995 1401 4065 mutuas,

305 4092 456 4156 uniuntur
468 4112 523 4175 per
534 4088 649 4174 aliquid
658 4088 849 4154 accidentale.
887 4091 971 4176 Ergo
980 4113 1042 4156 non
1057 4093 1173 4158 faciunt
1184 4117 1282 4158 unum
1291 4116 1348 4180 per
1358 4117 1401 4160 se.

350 4201 530 4285 Respondes
545 4201 613 4264 diat.
630 4209 691 4263 ant.
706 4199 858 4264 uniuntur
872 4200 925 4285 per
947 4202 1062 4288 aliquid
1076 4204 1259 4269 accidentale
1274 4205 1404 4290 aiufflrlis

305 4335 383 4378 emsa.
408 4321 481 4388 ant,
511 4309 693 4374 accidentale
722 4311 915 4376 multitudini
940 4314 1100 4378 resultanti
1129 4338 1159 4380 n.
1183 4324 1245 4381 aut.
1270 4325 1300 4381 et
1324 4341 1401 4382 omn.
