3200 4975
280 347 343 416 136
734 372 777 415 na
795 372 941 416 uomina.
1257 351 1344 436 [car.
1362 370 1385 411 1.

279 538 369 617 dicat,
386 538 630 623 personalitatem
645 560 710 603 esse
726 537 758 603 id
772 548 897 624 propter
913 538 995 623 qnod
1016 546 1125 603 natura
1139 538 1241 623 aliqua
1254 539 1386 603 subsistit

279 651 311 713 in
327 650 443 735 seipsae
466 652 552 735 atqui
575 658 684 716 natura
705 651 786 714 sistit
809 650 841 713 in
863 674 904 730 se,
920 672 1017 736 quum
1032 672 1095 713 non
1111 649 1238 714 alterius
1253 648 1385 735 comple-

279 770 349 825 tur:
372 784 445 846 ergo
465 761 665 846 personalitas
685 772 732 825 est
746 761 779 825 id
793 770 919 848 propter
938 761 1021 847 quod
1043 768 1152 825 natura
1174 783 1236 825 non
1257 760 1385 828 ulterius

279 872 467 958 completur:
491 873 577 957 atqui
598 896 661 937 non
684 872 813 937 ulterius
839 873 1010 959 completur
1038 880 1164 958 propter
1193 874 1386 958 negationem

280 983 431 1048 ulterioris
457 984 684 1070 complementi,
708 993 744 1049 ut
765 984 889 1049 evidens
911 993 975 1049 est:
999 1008 1072 1069 ergo
1093 985 1291 1070 personalitas
1314 1008 1386 1049 con·

280 1094 362 1159 sistit
373 1094 406 1157 in
417 1094 476 1159 hoc
486 1095 570 1179 quod
581 1094 838 1180 complementum
855 1104 970 1161 naturae
985 1096 1095 1160 habeat
1110 1096 1259 1161 rationem
1276 1078 1385 1167 ultimi,

326 1208 378 1271 18.
402 1204 558 1281 Quaeritur
573 1228 665 1286 nono,
681 1216 780 1272 utrum
802 1209 912 1273 animat
925 1208 1129 1273 intellectivam
1137 1211 1177 1273 sit
1188 1210 1387 1293 adimopiuam

281 1326 310 1381 et
323 1316 542 1381 similitudinem
554 1319 712 1383 Crantoris.

326 1428 507 1513 Respondes
530 1428 717 1495 affirmative.
772 1430 834 1495 Sed
860 1431 958 1517 primo
979 1440 1113 1512 notetur,
1129 1431 1212 1517 quod
1230 1432 1331 1516 imago
1355 1444 1386 1495 et

282 1538 451 1603 similitudo
465 1561 527 1603 non
544 1551 617 1603 sunt
639 1562 763 1625 prorsus
778 1540 870 1621 idem,
894 1564 990 1627 quum
1007 1542 1176 1606 similitudo
1198 1542 1269 1628 plus
1291 1542 1386 1626 signi·

282 1649 372 1713 ficare
402 1649 551 1727 videatur,
578 1673 670 1735 quam
696 1650 817 1735 imago:
851 1652 953 1736 imago
978 1652 1059 1716 enim
1086 1661 1187 1738 potest
1212 1675 1278 1717 esse
1303 1653 1386 1717 simi-

281 1761 339 1826 lior
358 1760 404 1826 vel
428 1761 532 1825 minus
552 1762 660 1826 similis
683 1762 727 1826 rei
752 1762 840 1827 cuius
863 1771 909 1827 est
933 1764 1053 1847 imago:
1084 1763 1167 1829 unde
1189 1763 1287 1828 dicere
1311 1764 1386 1828 ima·

282 1873 385 1957 ginem
408 1882 438 1937 et
463 1873 695 1937 similitudinem
719 1881 765 1938 cst
794 1875 894 1939 dicere
923 1897 986 1939 non
1016 1876 1115 1940 solum
1145 1876 1227 1961 quod
1257 1876 1388 1941 habetur

281 1987 392 2070 imago,
412 1986 465 2050 sed
486 1985 567 2071 qnod
583 1986 648 2051 haec
662 1986 764 2071 imago
784 1987 876 2051 habet
891 1987 1021 2072 gradum
1043 1988 1206 2073 quemdam
1227 1989 1387 2073 perfectio-

282 2099 340 2180 nis,
364 2122 456 2184 qnem
483 2122 547 2163 non
571 2099 672 2163 omnis
695 2100 798 2183 imago
822 2100 923 2165 habet.
981 2102 1123 2166 Vidimus
1143 2111 1243 2167 autem
1268 2102 1386 2186 agendo

281 2209 319 2273 de
352 2210 459 2294 primis
492 2209 659 2295 principiis,
695 2209 786 2273 etiam
823 2211 1025 2277 substantiam
1061 2212 1245 2276 materialem
1276 2212 1387 2275 habere

281 2330 436 2406 tamquam
460 2321 493 2383 in
519 2320 648 2404 vestigio
673 2322 838 2405 imaginem
858 2323 1033 2388 Trinitatis:
1066 2333 1096 2387 et
1117 2333 1219 2387 tamen
1242 2346 1296 2387 ens
1322 2346 1386 2387 ma·

280 2432 384 2498 teriale
398 2455 461 2497 non
479 2431 572 2497 habet
592 2455 662 2497 cum
683 2433 750 2498 Deo
775 2434 895 2520 proprie
920 2435 1031 2501 dictam
1054 2436 1294 2515 similitudinem,
1316 2438 1388 2521 quia

280 2545 366 2609 nullo
389 2544 480 2610 modo
503 2545 702 2630 participatur
724 2547 752 2610 ei
773 2570 837 2611 esre
856 2548 984 2612 viventis
1007 2571 1062 2613 neo
1084 2571 1150 2612 esse
1172 2549 1386 2613 intellectuale.

195 2730 204 2743 ,
280 2656 397 2721 Contra
412 2656 584 2722 substantia
599 2658 766 2742 spiritualis
782 2681 844 2722 non
861 2659 959 2724 solum
971 2659 1063 2725 habet
1074 2661 1239 2744 imaginem
1250 2660 1386 2744 qualem·

280 2792 412 2854 cumque
434 2770 490 2834 SS.
511 2769 681 2849 Trinitatis,
703 2770 756 2834 sed
781 2770 873 2834 etiam
897 2771 1127 2836 similitudinem
1146 2773 1245 2856 magis
1266 2773 1387 2857 proprie

279 2882 404 2961 dictam,
427 2883 499 2967 quia
524 2882 686 2967 participat
709 2906 774 2946 esse
800 2883 968 2967 spirituale,
995 2894 1025 2949 et
1049 2885 1106 2948 snb
1132 2884 1236 2948 eodem
1263 2884 1387 2949 nomine

278 2996 402 3077 spiritus
412 2993 451 3057 ad
466 2993 580 3074 Deum,
592 2994 645 3078 qni
659 2994 794 3078 Spiritus
810 3002 865 3068 est,
882 2995 1064 3080 proximiore
1073 2995 1213 3079 analogia
1221 2995 1385 3061 reducitur.

322 3105 401 3169 Dico
412 3105 518 3190 igitur,
534 3105 647 3169 animal
662 3106 884 3173 intellectivum
897 3128 1036 3172 essenon
1051 3107 1151 3171 solum
1162 3107 1202 3171 ad
1210 3107 1386 3192 imaginem,

280 3217 334 3289 sed
348 3218 441 3280 etiam
459 3216 499 3281 ad
517 3215 749 3280 similitudinem
771 3217 831 3281 Dei
852 3216 945 3281 unius
960 3227 991 3281 et
1005 3217 1096 3284 trini:
1120 3218 1204 3302 quod
1223 3241 1257 3283 ex
1281 3242 1386 3305 supra-

280 3329 370 3393 dictis
384 3329 471 3393 facile
486 3327 614 3414 patebit.
660 3329 742 3393 Nam
758 3329 790 3392 in
806 3329 907 3393 anima
927 3329 1057 3394 habetur
1075 3330 1253 3410 similitudo,
1273 3332 1306 3395 in
1323 3355 1386 3396 ma-

279 3440 356 3504 teria
371 3463 440 3504 vero
456 3440 590 3524 corporis
606 3440 709 3525 imago
723 3441 793 3520 Dei,
810 3451 845 3504 ut
861 3440 932 3506 alibi
948 3449 1104 3506 ostensum
1114 3450 1170 3507 est.
1218 3444 1388 3508 Haecsimi·

279 3550 378 3614 litudo
399 3559 431 3614 et
452 3551 554 3635 imago
576 3551 733 3638 competit,
755 3552 814 3617 hoc
835 3553 924 3617 modo
945 3554 1142 3634 considerata,
1159 3555 1233 3640 ipsis
1248 3556 1386 3641 partibus

279 3661 449 3746 compositi.
496 3662 557 3726 Sed
572 3663 702 3728 ulterius
720 3664 941 3729 considerando
956 3665 1057 3750 ipsum
1072 3667 1287 3751 compositum,
1303 3669 1387 3733 inve-

279 3775 392 3854 nimus,
414 3774 497 3860 qnod
511 3774 624 3839 animal
639 3775 860 3840 intellectivam
878 3777 1008 3842 includit
1023 3778 1208 3863 principium
1222 3779 1386 3861 vivificans,

279 3887 445 3952 terminum
461 3887 657 3968 vivificatum,
672 3887 822 3952 unitatem
840 3887 908 3954 vitae
922 3889 1098 3954 resultantis
1114 3912 1149 3953 ex
1164 3891 1387 3976 conspiratione

278 3999 440 4084 utriusque
461 3998 495 4063 in
516 4020 614 4063 unum
638 4021 693 4063 ens
712 3999 869 4064 naturale:
893 4023 947 4085 per
961 4022 1030 4085 quae
1049 4001 1109 4065 tria
1127 4001 1258 4066 habetur
1272 4003 1304 4066 in
1319 4003 1387 4088 ipso

278 4110 447 4195 composito
461 4111 564 4194 imago
577 4131 613 4174 ac
628 4110 809 4189 similitudo,
824 4111 862 4175 de
874 4135 934 4196 qua
948 4111 1112 4197 loquimur.
1374 4112 1378 4120 '

324 4222 491 4307 Specialius
515 4233 616 4287 autem
638 4223 755 4287 attendi
776 4234 878 4308 potest
900 4225 932 4288 in
953 4225 1006 4289 tali
1029 4226 1197 4310 composito
1218 4227 1386 4291 similitudo

279 4359 349 4399 cum
365 4334 432 4406 Deo
447 4343 481 4402 ut
495 4336 582 4398 doute
596 4357 658 4400 csse
672 4337 757 4408 rebar
776 4345 862 4408 cctrc
876 4359 907 4400 sc
922 4345 950 4401 et
970 4339 1065 4407 omnio
1086 4340 1186 4402 intime
1203 4347 1334 4412 uwveute
1353 4363 1388 4403 oc
