<?xml version="1.0" encoding="UTF-8"?>
<!DOCTYPE html PUBLIC "-//W3C//DTD XHTML 1.0 Transitional//EN"
    "http://www.w3.org/TR/xhtml1/DTD/xhtml1-transitional.dtd">
<html xmlns="http://www.w3.org/1999/xhtml" xml:lang="en" lang="en">
 <head>
  <title>
</title>
<meta http-equiv="Content-Type" content="text/html;charset=utf-8" />
  <meta name='ocr-system' content='tesseract 3.04.00' />
  <meta name='ocr-capabilities' content='ocr_page ocr_carea ocr_par ocr_line ocrx_word'/>
</head>
<body>
  <div class='ocr_page' id='page_1' title='image "./realisphilosoph02baymgoog_0175.png"; bbox 0 0 3200 4975; ppageno 0'>
   <div class='ocr_carea' id='block_1_1' title="bbox 233 326 1336 410">
    <p class='ocr_par' dir='ltr' id='par_1_1' title="bbox 233 326 1336 410">
     <span class='ocr_line' id='line_1_1' title="bbox 233 326 1336 410; baseline 0 -22"><span class='ocrx_word' id='word_1_1' title='bbox 233 347 305 389; x_wconf 77' lang='lat' dir='ltr'><strong>car.</strong></span> <span class='ocrx_word' id='word_1_2' title='bbox 325 327 363 410; x_wconf 79' lang='lat' dir='ltr'><strong>n]</strong></span> <span class='ocrx_word' id='word_1_3' title='bbox 685 347 727 388; x_wconf 82' lang='lat' dir='ltr'><strong>nu</strong></span> <span class='ocrx_word' id='word_1_4' title='bbox 746 347 893 390; x_wconf 82' lang='lat' dir='ltr'><strong>nournu.</strong></span> <span class='ocrx_word' id='word_1_5' title='bbox 1055 338 1058 346; x_wconf 73' lang='lat'><em>‘</em></span> <span class='ocrx_word' id='word_1_6' title='bbox 1277 326 1336 388; x_wconf 87' lang='grc'><strong>161</strong></span> 
     </span>
    </p>
   </div>
   <div class='ocr_carea' id='block_1_2' title="bbox 233 511 1351 4170">
    <p class='ocr_par' dir='ltr' id='par_1_2' title="bbox 233 511 1345 1824">
     <span class='ocr_line' id='line_1_2' title="bbox 277 511 1344 595; baseline -0.001 -21"><span class='ocrx_word' id='word_1_7' title='bbox 277 513 358 589; x_wconf 79' lang='lat' dir='ltr'><strong>Quia</strong></span> <span class='ocrx_word' id='word_1_8' title='bbox 372 533 443 576; x_wconf 90' lang='lat' dir='ltr'><strong>vero</strong></span> <span class='ocrx_word' id='word_1_9' title='bbox 464 511 553 594; x_wconf 82' lang='lat' dir='ltr'><strong>signa</strong></span> <span class='ocrx_word' id='word_1_10' title='bbox 576 511 730 575; x_wconf 74' lang='lat' dir='ltr'>sensibilia</span> <span class='ocrx_word' id='word_1_11' title='bbox 753 534 816 575; x_wconf 91' lang='lat' dir='ltr'><strong>uon</strong></span> <span class='ocrx_word' id='word_1_12' title='bbox 841 513 956 575; x_wconf 90' lang='lat' dir='ltr'><strong>babent</strong></span> <span class='ocrx_word' id='word_1_13' title='bbox 976 514 1010 576; x_wconf 80' lang='lat' dir='ltr'><strong>de</strong></span> <span class='ocrx_word' id='word_1_14' title='bbox 1024 535 1054 576; x_wconf 83' lang='lat' dir='ltr'><strong>se</strong></span> <span class='ocrx_word' id='word_1_15' title='bbox 1069 513 1129 575; x_wconf 90' lang='lat' dir='ltr'><strong>vim</strong></span> <span class='ocrx_word' id='word_1_16' title='bbox 1146 511 1344 595; x_wconf 75' lang='lat' dir='ltr'><strong>specularem,</strong></span> 
     </span>
     <span class='ocr_line' id='line_1_3' title="bbox 234 621 1344 708; baseline 0.002 -24"><span class='ocrx_word' id='word_1_17' title='bbox 234 647 295 708; x_wconf 88' lang='lat' dir='ltr'><strong>qua</strong></span> <span class='ocrx_word' id='word_1_18' title='bbox 310 633 529 707; x_wconf 75' lang='lat' dir='ltr'><strong>repraesentent</strong></span> <span class='ocrx_word' id='word_1_19' title='bbox 544 621 628 685; x_wconf 89' lang='lat' dir='ltr'><strong>ideas</strong></span> <span class='ocrx_word' id='word_1_20' title='bbox 649 623 873 686; x_wconf 81' lang='lat' dir='ltr'><strong>manifestantis</strong></span> <span class='ocrx_word' id='word_1_21' title='bbox 899 623 999 706; x_wconf 89' lang='lat' dir='ltr'><strong>(nulla</strong></span> <span class='ocrx_word' id='word_1_22' title='bbox 1019 624 1099 686; x_wconf 90' lang='lat' dir='ltr'><strong>enim</strong></span> <span class='ocrx_word' id='word_1_23' title='bbox 1119 633 1165 687; x_wconf 87' lang='lat' dir='ltr'><strong>est</strong></span> <span class='ocrx_word' id='word_1_24' title='bbox 1180 625 1215 686; x_wconf 82' lang='lat' dir='ltr'><strong>de</strong></span> <span class='ocrx_word' id='word_1_25' title='bbox 1229 645 1260 686; x_wconf 86' lang='lat' dir='ltr'><strong>sc</strong></span> <span class='ocrx_word' id='word_1_26' title='bbox 1274 644 1344 706; x_wconf 91' lang='lat' dir='ltr'><strong>pro-</strong></span> 
     </span>
     <span class='ocr_line' id='line_1_4' title="bbox 233 733 1345 818; baseline -0.001 -20"><span class='ocrx_word' id='word_1_27' title='bbox 233 736 333 818; x_wconf 90' lang='lat' dir='ltr'><strong>portio</strong></span> <span class='ocrx_word' id='word_1_28' title='bbox 353 735 433 796; x_wconf 89' lang='lat' dir='ltr'><strong>inter</strong></span> <span class='ocrx_word' id='word_1_29' title='bbox 454 733 597 797; x_wconf 81' lang='lat' dir='ltr'><strong>sensibile</strong></span> <span class='ocrx_word' id='word_1_30' title='bbox 616 744 648 797; x_wconf 90' lang='lat' dir='ltr'><strong>et</strong></span> <span class='ocrx_word' id='word_1_31' title='bbox 668 733 871 818; x_wconf 83' lang='lat' dir='ltr'><strong>intelligibile,</strong></span> <span class='ocrx_word' id='word_1_32' title='bbox 888 746 918 798; x_wconf 92' lang='lat' dir='ltr'><strong>et</strong></span> <span class='ocrx_word' id='word_1_33' title='bbox 933 745 1037 798; x_wconf 91' lang='lat' dir='ltr'><strong>motus</strong></span> <span class='ocrx_word' id='word_1_34' title='bbox 1052 757 1106 818; x_wconf 88' lang='lat' dir='ltr'><strong>per</strong></span> <span class='ocrx_word' id='word_1_35' title='bbox 1121 736 1171 797; x_wconf 82' lang='lat' dir='ltr'><strong>ubi</strong></span> <span class='ocrx_word' id='word_1_36' title='bbox 1190 734 1345 797; x_wconf 88' lang='lat' dir='ltr'><strong>materiale</strong></span> 
     </span>
     <span class='ocr_line' id='line_1_5' title="bbox 233 844 1345 930; baseline -0.001 -21"><span class='ocrx_word' id='word_1_37' title='bbox 233 856 264 909; x_wconf 88' lang='lat' dir='ltr'><strong>et</strong></span> <span class='ocrx_word' id='word_1_38' title='bbox 278 845 373 910; x_wconf 85' lang='lat' dir='ltr'><strong>locale</strong></span> <span class='ocrx_word' id='word_1_39' title='bbox 387 868 452 908; x_wconf 92' lang='lat' dir='ltr'><strong>uon</strong></span> <span class='ocrx_word' id='word_1_40' title='bbox 467 845 559 908; x_wconf 89' lang='lat' dir='ltr'><strong>habet</strong></span> <span class='ocrx_word' id='word_1_41' title='bbox 577 844 711 930; x_wconf 78' lang='lat' dir='ltr'><strong>aliquem</strong></span> <span class='ocrx_word' id='word_1_42' title='bbox 730 846 936 910; x_wconf 86' lang='lat' dir='ltr'><strong>necessarium</strong></span> <span class='ocrx_word' id='word_1_43' title='bbox 956 869 1067 909; x_wconf 90' lang='lat' dir='ltr'><strong>nexum</strong></span> <span class='ocrx_word' id='word_1_44' title='bbox 1085 868 1156 909; x_wconf 89' lang='lat' dir='ltr'><strong>curn</strong></span> <span class='ocrx_word' id='word_1_45' title='bbox 1172 846 1345 909; x_wconf 91' lang='lat' dir='ltr'><strong>ubicatione</strong></span> 
     </span>
     <span class='ocr_line' id='line_1_6' title="bbox 236 957 1345 1044; baseline -0.002 -22"><span class='ocrx_word' id='word_1_46' title='bbox 236 959 441 1044; x_wconf 89' lang='lat' dir='ltr'><strong>metaphorica</strong></span> <span class='ocrx_word' id='word_1_47' title='bbox 452 957 649 1041; x_wconf 79' lang='lat' dir='ltr'><strong>intellectus),</strong></span> <span class='ocrx_word' id='word_1_48' title='bbox 661 958 731 1022; x_wconf 91' lang='lat' dir='ltr'><strong>idco</strong></span> <span class='ocrx_word' id='word_1_49' title='bbox 742 960 831 1042; x_wconf 84' lang='lat' dir='ltr'><strong>signa</strong></span> <span class='ocrx_word' id='word_1_50' title='bbox 846 959 1001 1023; x_wconf 81' lang='lat' dir='ltr'><strong>sensibilia</strong></span> <span class='ocrx_word' id='word_1_51' title='bbox 1015 981 1079 1021; x_wconf 94' lang='lat' dir='ltr'><strong>non</strong></span> <span class='ocrx_word' id='word_1_52' title='bbox 1093 958 1208 1022; x_wconf 87' lang='lat' dir='ltr'><strong>habeut</strong></span> <span class='ocrx_word' id='word_1_53' title='bbox 1219 959 1254 1020; x_wconf 78' lang='lat' dir='ltr'><strong>dc</strong></span> <span class='ocrx_word' id='word_1_54' title='bbox 1264 981 1296 1022; x_wconf 87' lang='lat' dir='ltr'><strong>sc</strong></span> <span class='ocrx_word' id='word_1_55' title='bbox 1309 965 1345 1021; x_wconf 90' lang='lat' dir='ltr'><strong>ut</strong></span> 
     </span>
     <span class='ocr_line' id='line_1_7' title="bbox 235 1068 1343 1154; baseline -0.001 -21"><span class='ocrx_word' id='word_1_56' title='bbox 235 1070 431 1133; x_wconf 82' lang='lat' dir='ltr'><strong>manifestent</strong></span> <span class='ocrx_word' id='word_1_57' title='bbox 446 1069 538 1148; x_wconf 80' lang='lat' dir='ltr'><strong>ideas,</strong></span> <span class='ocrx_word' id='word_1_58' title='bbox 559 1068 585 1133; x_wconf 91' lang='lat' dir='ltr'><strong>si</strong></span> <span class='ocrx_word' id='word_1_59' title='bbox 606 1070 802 1133; x_wconf 81' lang='lat' dir='ltr'><strong>materialiter</strong></span> <span class='ocrx_word' id='word_1_60' title='bbox 825 1072 1032 1154; x_wconf 83' lang='lat' dir='ltr'><strong>accipiantur:</strong></span> <span class='ocrx_word' id='word_1_61' title='bbox 1057 1070 1111 1133; x_wconf 90' lang='lat' dir='ltr'><strong>sed</strong></span> <span class='ocrx_word' id='word_1_62' title='bbox 1125 1070 1293 1154; x_wconf 89' lang='lat' dir='ltr'><strong>requiritur</strong></span> <span class='ocrx_word' id='word_1_63' title='bbox 1307 1079 1343 1132; x_wconf 93' lang='lat' dir='ltr'><strong>ut</strong></span> 
     </span>
     <span class='ocr_line' id='line_1_8' title="bbox 234 1180 1344 1265; baseline 0 -22"><span class='ocrx_word' id='word_1_64' title='bbox 234 1181 267 1244; x_wconf 92' lang='lat' dir='ltr'><strong>hi</strong></span> <span class='ocrx_word' id='word_1_65' title='bbox 279 1190 381 1245; x_wconf 91' lang='lat' dir='ltr'><strong>motus</strong></span> <span class='ocrx_word' id='word_1_66' title='bbox 395 1180 512 1244; x_wconf 85' lang='lat' dir='ltr'><strong>externi</strong></span> <span class='ocrx_word' id='word_1_67' title='bbox 526 1181 612 1265; x_wconf 91' lang='lat' dir='ltr'><strong>prius</strong></span> <span class='ocrx_word' id='word_1_68' title='bbox 627 1180 833 1244; x_wconf 89' lang='lat' dir='ltr'><strong>adhibeantur</strong></span> <span class='ocrx_word' id='word_1_69' title='bbox 844 1181 881 1245; x_wconf 92' lang='lat' dir='ltr'><strong>ad</strong></span> <span class='ocrx_word' id='word_1_70' title='bbox 895 1181 1134 1245; x_wconf 88' lang='lat' dir='ltr'><strong>manifestandas</strong></span> <span class='ocrx_word' id='word_1_71' title='bbox 1145 1204 1193 1243; x_wconf 83' lang='lat' dir='ltr'><strong>res</strong></span> <span class='ocrx_word' id='word_1_72' title='bbox 1205 1189 1344 1244; x_wconf 86' lang='lat' dir='ltr'><strong>externas</strong></span> 
     </span>
     <span class='ocr_line' id='line_1_9' title="bbox 236 1292 1345 1378; baseline 0 -22"><span class='ocrx_word' id='word_1_73' title='bbox 236 1293 403 1372; x_wconf 87' lang='lat' dir='ltr'><strong>sensibiles,</strong></span> <span class='ocrx_word' id='word_1_74' title='bbox 419 1315 489 1356; x_wconf 93' lang='lat' dir='ltr'><strong>cum</strong></span> <span class='ocrx_word' id='word_1_75' title='bbox 506 1292 618 1376; x_wconf 90' lang='lat' dir='ltr'><strong>quibus</strong></span> <span class='ocrx_word' id='word_1_76' title='bbox 633 1293 748 1356; x_wconf 89' lang='lat' dir='ltr'><strong>habent</strong></span> <span class='ocrx_word' id='word_1_77' title='bbox 768 1292 994 1376; x_wconf 85' lang='lat' dir='ltr'><strong>proportionem</strong></span> <span class='ocrx_word' id='word_1_78' title='bbox 1016 1292 1160 1378; x_wconf 88' lang='lat' dir='ltr'><strong>aliquam,</strong></span> <span class='ocrx_word' id='word_1_79' title='bbox 1176 1304 1211 1356; x_wconf 94' lang='lat' dir='ltr'><strong>ut</strong></span> <span class='ocrx_word' id='word_1_80' title='bbox 1226 1294 1345 1376; x_wconf 87' lang='lat' dir='ltr'><strong>possint</strong></span> 
     </span>
     <span class='ocr_line' id='line_1_10' title="bbox 235 1405 1345 1489; baseline 0 -21"><span class='ocrx_word' id='word_1_81' title='bbox 235 1405 345 1468; x_wconf 89' lang='lat' dir='ltr'><strong>deiude</strong></span> <span class='ocrx_word' id='word_1_82' title='bbox 359 1428 415 1489; x_wconf 90' lang='lat' dir='ltr'><strong>per</strong></span> <span class='ocrx_word' id='word_1_83' title='bbox 430 1406 684 1469; x_wconf 89' lang='lat' dir='ltr'><strong>consuetudinem</strong></span> <span class='ocrx_word' id='word_1_84' title='bbox 704 1405 865 1488; x_wconf 87' lang='lat' dir='ltr'><strong>paullatim</strong></span> <span class='ocrx_word' id='word_1_85' title='bbox 884 1405 1102 1483; x_wconf 87' lang='lat' dir='ltr'><strong>introductam,</strong></span> <span class='ocrx_word' id='word_1_86' title='bbox 1120 1415 1200 1468; x_wconf 86' lang='lat' dir='ltr'><strong>etex</strong></span> <span class='ocrx_word' id='word_1_87' title='bbox 1216 1428 1345 1469; x_wconf 91' lang='lat' dir='ltr'><strong>conven-</strong></span> 
     </span>
     <span class='ocr_line' id='line_1_11' title="bbox 236 1516 1345 1602; baseline -0.001 -22"><span class='ocrx_word' id='word_1_88' title='bbox 236 1517 329 1595; x_wconf 88' lang='lat' dir='ltr'><strong>tione,</strong></span> <span class='ocrx_word' id='word_1_89' title='bbox 345 1517 459 1580; x_wconf 88' lang='lat' dir='ltr'><strong>assumi</strong></span> <span class='ocrx_word' id='word_1_90' title='bbox 474 1528 632 1602; x_wconf 87' lang='lat' dir='ltr'><strong>tamquam</strong></span> <span class='ocrx_word' id='word_1_91' title='bbox 649 1517 738 1600; x_wconf 83' lang='lat' dir='ltr'><strong>signa</strong></span> <span class='ocrx_word' id='word_1_92' title='bbox 753 1517 793 1580; x_wconf 90' lang='lat' dir='ltr'><strong>ad</strong></span> <span class='ocrx_word' id='word_1_93' title='bbox 809 1516 1025 1600; x_wconf 84' lang='lat' dir='ltr'><strong>significandas</strong></span> <span class='ocrx_word' id='word_1_94' title='bbox 1048 1517 1179 1580; x_wconf 90' lang='lat' dir='ltr'><strong>rationes</strong></span> <span class='ocrx_word' id='word_1_95' title='bbox 1199 1517 1345 1599; x_wconf 77' lang='lat' dir='ltr'><strong>intelligi.</strong></span> 
     </span>
     <span class='ocr_line' id='line_1_12' title="bbox 236 1628 1345 1707; baseline -0.001 -16"><span class='ocrx_word' id='word_1_96' title='bbox 236 1628 310 1692; x_wconf 86' lang='lat' dir='ltr'><strong>biles</strong></span> <span class='ocrx_word' id='word_1_97' title='bbox 325 1628 499 1692; x_wconf 88' lang='lat' dir='ltr'><strong>earumdem</strong></span> <span class='ocrx_word' id='word_1_98' title='bbox 514 1652 616 1692; x_wconf 87' lang='lat' dir='ltr'><strong>rerum</strong></span> <span class='ocrx_word' id='word_1_99' title='bbox 632 1628 834 1707; x_wconf 88' lang='lat' dir='ltr'><strong>sensibilium,</strong></span> <span class='ocrx_word' id='word_1_100' title='bbox 852 1639 883 1691; x_wconf 91' lang='lat' dir='ltr'><strong>et</strong></span> <span class='ocrx_word' id='word_1_101' title='bbox 898 1628 1055 1692; x_wconf 82' lang='lat' dir='ltr'><strong>transferri</strong></span> <span class='ocrx_word' id='word_1_102' title='bbox 1071 1629 1162 1692; x_wconf 91' lang='lat' dir='ltr'><strong>etiam</strong></span> <span class='ocrx_word' id='word_1_103' title='bbox 1178 1629 1217 1692; x_wconf 91' lang='lat' dir='ltr'><strong>ad</strong></span> <span class='ocrx_word' id='word_1_104' title='bbox 1232 1628 1345 1692; x_wconf 90' lang='lat' dir='ltr'><strong>iutelli-</strong></span> 
     </span>
     <span class='ocr_line' id='line_1_13' title="bbox 237 1739 943 1824; baseline 0.004 -23"><span class='ocrx_word' id='word_1_105' title='bbox 237 1739 342 1822; x_wconf 86' lang='lat' dir='ltr'><strong>gibilia</strong></span> <span class='ocrx_word' id='word_1_106' title='bbox 358 1750 496 1824; x_wconf 89' lang='lat' dir='ltr'><strong>separata</strong></span> <span class='ocrx_word' id='word_1_107' title='bbox 510 1741 548 1803; x_wconf 90' lang='lat' dir='ltr'><strong>ab</strong></span> <span class='ocrx_word' id='word_1_108' title='bbox 564 1740 649 1804; x_wconf 88' lang='lat' dir='ltr'><strong>omni</strong></span> <span class='ocrx_word' id='word_1_109' title='bbox 664 1740 780 1803; x_wconf 90' lang='lat' dir='ltr'><strong>ratione</strong></span> <span class='ocrx_word' id='word_1_110' title='bbox 796 1739 943 1804; x_wconf 88' lang='lat' dir='ltr'><strong>sensibili.</strong></span> 
     </span>
    </p>

    <p class='ocr_par' dir='ltr' id='par_1_3' title="bbox 280 1851 1002 1936">
     <span class='ocr_line' id='line_1_14' title="bbox 280 1851 1002 1936; baseline 0 -22"><span class='ocrx_word' id='word_1_111' title='bbox 280 1851 388 1935; x_wconf 88' lang='lat' dir='ltr'><strong>Itaque</strong></span> <span class='ocrx_word' id='word_1_112' title='bbox 403 1851 436 1913; x_wconf 90' lang='lat' dir='ltr'><strong>iu</strong></span> <span class='ocrx_word' id='word_1_113' title='bbox 451 1851 620 1935; x_wconf 90' lang='lat' dir='ltr'><strong>composito</strong></span> <span class='ocrx_word' id='word_1_114' title='bbox 635 1874 671 1914; x_wconf 84' lang='lat' dir='ltr'><strong>ex</strong></span> <span class='ocrx_word' id='word_1_115' title='bbox 686 1851 796 1936; x_wconf 87' lang='lat' dir='ltr'><strong>spiritu</strong></span> <span class='ocrx_word' id='word_1_116' title='bbox 811 1860 842 1915; x_wconf 87' lang='lat' dir='ltr'><strong>et</strong></span> <span class='ocrx_word' id='word_1_117' title='bbox 859 1851 1002 1915; x_wconf 86' lang='lat' dir='ltr'><strong>materia:</strong></span> 
     </span>
    </p>

    <p class='ocr_par' dir='ltr' id='par_1_4' title="bbox 236 1956 1346 2829">
     <span class='ocr_line' id='line_1_15' title="bbox 281 1956 1345 2048; baseline 0.001 -22"><span class='ocrx_word' id='word_1_118' title='bbox 281 1967 322 2026; x_wconf 89' lang='lat'><strong>1⁰.</strong></span> <span class='ocrx_word' id='word_1_119' title='bbox 348 1961 512 2045; x_wconf 81' lang='lat' dir='ltr'><strong>Cogitati0,</strong></span> <span class='ocrx_word' id='word_1_120' title='bbox 536 1985 598 2046; x_wconf 88' lang='lat' dir='ltr'><strong>qua</strong></span> <span class='ocrx_word' id='word_1_121' title='bbox 620 1956 701 2026; x_wconf 78' lang='lat' dir='ltr'><strong>ianus</strong></span> <span class='ocrx_word' id='word_1_122' title='bbox 723 1963 850 2046; x_wconf 89' lang='lat' dir='ltr'><strong>spiritus</strong></span> <span class='ocrx_word' id='word_1_123' title='bbox 872 1962 909 2026; x_wconf 90' lang='lat' dir='ltr'><strong>de</strong></span> <span class='ocrx_word' id='word_1_124' title='bbox 929 1962 1142 2046; x_wconf 82' lang='lat' dir='ltr'><strong>aliocogitans</strong></span> <span class='ocrx_word' id='word_1_125' title='bbox 1157 1965 1191 2026; x_wconf 87' lang='lat' dir='ltr'><strong>fit</strong></span> <span class='ocrx_word' id='word_1_126' title='bbox 1207 1963 1250 2026; x_wconf 92' lang='lat' dir='ltr'><strong>illi</strong></span> <span class='ocrx_word' id='word_1_127' title='bbox 1267 1986 1345 2048; x_wconf 90' lang='lat' dir='ltr'><strong>prae·</strong></span> 
     </span>
     <span class='ocr_line' id='line_1_16' title="bbox 236 2073 1346 2160; baseline 0.003 -24"><span class='ocrx_word' id='word_1_128' title='bbox 236 2096 306 2136; x_wconf 92' lang='lat' dir='ltr'><strong>sens</strong></span> <span class='ocrx_word' id='word_1_129' title='bbox 328 2073 360 2136; x_wconf 92' lang='lat' dir='ltr'><strong>in</strong></span> <span class='ocrx_word' id='word_1_130' title='bbox 382 2077 433 2137; x_wconf 79' lang='lat' dir='ltr'><strong>ubi</strong></span> <span class='ocrx_word' id='word_1_131' title='bbox 454 2074 662 2153; x_wconf 84' lang='lat' dir='ltr'><strong>intellectuali,</strong></span> <span class='ocrx_word' id='word_1_132' title='bbox 693 2083 835 2138; x_wconf 89' lang='lat' dir='ltr'><strong>mutatur</strong></span> <span class='ocrx_word' id='word_1_133' title='bbox 856 2077 890 2138; x_wconf 91' lang='lat' dir='ltr'><strong>in</strong></span> <span class='ocrx_word' id='word_1_134' title='bbox 913 2083 1026 2153; x_wconf 91' lang='lat' dir='ltr'><strong>actum,</strong></span> <span class='ocrx_word' id='word_1_135' title='bbox 1050 2097 1111 2158; x_wconf 93' lang='lat' dir='ltr'><strong>quo</strong></span> <span class='ocrx_word' id='word_1_136' title='bbox 1134 2098 1196 2138; x_wconf 89' lang='lat' dir='ltr'><strong>una</strong></span> <span class='ocrx_word' id='word_1_137' title='bbox 1219 2098 1346 2160; x_wconf 86' lang='lat' dir='ltr'><strong>persona</strong></span> 
     </span>
     <span class='ocr_line' id='line_1_17' title="bbox 239 2185 1346 2270; baseline 0.002 -21"><span class='ocrx_word' id='word_1_138' title='bbox 239 2185 326 2249; x_wconf 89' lang='lat' dir='ltr'><strong>alteri</strong></span> <span class='ocrx_word' id='word_1_139' title='bbox 346 2194 525 2270; x_wconf 89' lang='lat' dir='ltr'><strong>praesentem</strong></span> <span class='ocrx_word' id='word_1_140' title='bbox 546 2210 578 2250; x_wconf 93' lang='lat' dir='ltr'><strong>se</strong></span> <span class='ocrx_word' id='word_1_141' title='bbox 594 2187 675 2250; x_wconf 90' lang='lat' dir='ltr'><strong>sistit</strong></span> <span class='ocrx_word' id='word_1_142' title='bbox 690 2187 723 2250; x_wconf 90' lang='lat' dir='ltr'><strong>in</strong></span> <span class='ocrx_word' id='word_1_143' title='bbox 738 2189 788 2250; x_wconf 85' lang='lat' dir='ltr'><strong>ubi</strong></span> <span class='ocrx_word' id='word_1_144' title='bbox 809 2187 907 2266; x_wconf 90' lang='lat' dir='ltr'><strong>locali,</strong></span> <span class='ocrx_word' id='word_1_145' title='bbox 932 2187 1038 2250; x_wconf 89' lang='lat' dir='ltr'><strong>saltem</strong></span> <span class='ocrx_word' id='word_1_146' title='bbox 1062 2188 1229 2251; x_wconf 86' lang='lat' dir='ltr'><strong>secundum</strong></span> <span class='ocrx_word' id='word_1_147' title='bbox 1253 2188 1346 2261; x_wconf 88' lang='lat' dir='ltr'><strong>talem</strong></span> 
     </span>
     <span class='ocr_line' id='line_1_18' title="bbox 239 2297 1346 2383; baseline 0.003 -23"><span class='ocrx_word' id='word_1_148' title='bbox 239 2297 415 2362; x_wconf 88' lang='lat' dir='ltr'><strong>relationem</strong></span> <span class='ocrx_word' id='word_1_149' title='bbox 437 2298 686 2383; x_wconf 90' lang='lat' dir='ltr'><strong>propinquitatis,</strong></span> <span class='ocrx_word' id='word_1_150' title='bbox 708 2321 777 2383; x_wconf 84' lang='lat' dir='ltr'><strong>quae</strong></span> <span class='ocrx_word' id='word_1_151' title='bbox 798 2298 935 2362; x_wconf 88' lang='lat' dir='ltr'><strong>medium</strong></span> <span class='ocrx_word' id='word_1_152' title='bbox 958 2299 1113 2363; x_wconf 87' lang='lat' dir='ltr'><strong>materiale</strong></span> <span class='ocrx_word' id='word_1_153' title='bbox 1139 2300 1346 2364; x_wconf 88' lang='lat' dir='ltr'><strong>communica·</strong></span> 
     </span>
     <span class='ocr_line' id='line_1_19' title="bbox 237 2408 1345 2495; baseline 0 -23"><span class='ocrx_word' id='word_1_154' title='bbox 237 2409 339 2488; x_wconf 91' lang='lat' dir='ltr'><strong>tionis,</strong></span> <span class='ocrx_word' id='word_1_155' title='bbox 356 2433 385 2473; x_wconf 91' lang='lat' dir='ltr'><strong>v.</strong></span> <span class='ocrx_word' id='word_1_156' title='bbox 400 2433 447 2495; x_wconf 83' lang='lat' dir='ltr'><strong>gr.</strong></span> <span class='ocrx_word' id='word_1_157' title='bbox 463 2415 563 2474; x_wconf 68' lang='lat' dir='ltr'><strong>aerem</strong></span> <span class='ocrx_word' id='word_1_158' title='bbox 579 2425 633 2472; x_wconf 88' lang='lat' dir='ltr'><strong>aut</strong></span> <span class='ocrx_word' id='word_1_159' title='bbox 653 2409 763 2488; x_wconf 90' lang='lat' dir='ltr'><strong>lucem,</strong></span> <span class='ocrx_word' id='word_1_160' title='bbox 779 2431 842 2473; x_wconf 92' lang='lat' dir='ltr'><strong>non</strong></span> <span class='ocrx_word' id='word_1_161' title='bbox 863 2408 995 2474; x_wconf 87' lang='lat' dir='ltr'><strong>excedat.</strong></span> <span class='ocrx_word' id='word_1_162' title='bbox 1041 2411 1139 2474; x_wconf 85' lang='lat' dir='ltr'><strong>Actus</strong></span> <span class='ocrx_word' id='word_1_163' title='bbox 1154 2421 1268 2489; x_wconf 90' lang='lat' dir='ltr'><strong>antem,</strong></span> <span class='ocrx_word' id='word_1_164' title='bbox 1284 2432 1345 2495; x_wconf 91' lang='lat' dir='ltr'><strong>quo</strong></span> 
     </span>
     <span class='ocr_line' id='line_1_20' title="bbox 237 2522 1345 2607; baseline 0 -22"><span class='ocrx_word' id='word_1_165' title='bbox 237 2544 319 2585; x_wconf 91' lang='lat' dir='ltr'><strong>unus</strong></span> <span class='ocrx_word' id='word_1_166' title='bbox 333 2524 459 2606; x_wconf 78' lang='lat' dir='ltr'><strong>spiritus</strong></span> <span class='ocrx_word' id='word_1_167' title='bbox 474 2522 557 2587; x_wconf 86' lang='lat' dir='ltr'><strong>videt</strong></span> <span class='ocrx_word' id='word_1_168' title='bbox 572 2522 667 2586; x_wconf 91' lang='lat' dir='ltr'><strong>alium</strong></span> <span class='ocrx_word' id='word_1_169' title='bbox 688 2531 826 2587; x_wconf 89' lang='lat' dir='ltr'><strong>mutatur</strong></span> <span class='ocrx_word' id='word_1_170' title='bbox 848 2523 881 2585; x_wconf 92' lang='lat' dir='ltr'><strong>in</strong></span> <span class='ocrx_word' id='word_1_171' title='bbox 903 2534 1006 2586; x_wconf 92' lang='lat' dir='ltr'><strong>actum</strong></span> <span class='ocrx_word' id='word_1_172' title='bbox 1021 2523 1147 2586; x_wconf 81' lang='lat' dir='ltr'><strong>visionis</strong></span> <span class='ocrx_word' id='word_1_173' title='bbox 1170 2523 1345 2607; x_wconf 90' lang='lat' dir='ltr'><strong>corporalis,</strong></span> 
     </span>
     <span class='ocr_line' id='line_1_21' title="bbox 238 2634 1346 2718; baseline 0.001 -22"><span class='ocrx_word' id='word_1_174' title='bbox 238 2634 400 2698; x_wconf 84' lang='lat' dir='ltr'><strong>eutalium</strong></span> <span class='ocrx_word' id='word_1_175' title='bbox 417 2634 538 2699; x_wconf 89' lang='lat' dir='ltr'><strong>realiter</strong></span> <span class='ocrx_word' id='word_1_176' title='bbox 549 2635 595 2698; x_wconf 88' lang='lat' dir='ltr'><strong>vel</strong></span> <span class='ocrx_word' id='word_1_177' title='bbox 605 2657 641 2697; x_wconf 83' lang='lat' dir='ltr'><strong>ex</strong></span> <span class='ocrx_word' id='word_1_178' title='bbox 657 2636 857 2698; x_wconf 88' lang='lat' dir='ltr'><strong>conventione</strong></span> <span class='ocrx_word' id='word_1_179' title='bbox 872 2634 1113 2718; x_wconf 88' lang='lat' dir='ltr'><strong>aequivalentem,</strong></span> <span class='ocrx_word' id='word_1_180' title='bbox 1129 2657 1191 2717; x_wconf 93' lang='lat' dir='ltr'><strong>quo</strong></span> <span class='ocrx_word' id='word_1_181' title='bbox 1207 2656 1346 2717; x_wconf 87' lang='lat' dir='ltr'><strong>persona,</strong></span> 
     </span>
     <span class='ocr_line' id='line_1_22' title="bbox 236 2745 1345 2829; baseline 0.002 -22"><span class='ocrx_word' id='word_1_182' title='bbox 236 2745 286 2807; x_wconf 92' lang='lat' dir='ltr'><strong>cui</strong></span> <span class='ocrx_word' id='word_1_183' title='bbox 300 2747 336 2808; x_wconf 88' lang='lat' dir='ltr'><strong>fit</strong></span> <span class='ocrx_word' id='word_1_184' title='bbox 350 2746 596 2825; x_wconf 89' lang='lat' dir='ltr'><strong>communicatio,</strong></span> <span class='ocrx_word' id='word_1_185' title='bbox 612 2748 814 2810; x_wconf 88' lang='lat' dir='ltr'><strong>attentionem</strong></span> <span class='ocrx_word' id='word_1_186' title='bbox 829 2745 964 2829; x_wconf 88' lang='lat' dir='ltr'><strong>praebere</strong></span> <span class='ocrx_word' id='word_1_187' title='bbox 980 2746 1076 2829; x_wconf 91' lang='lat' dir='ltr'><strong>possit</strong></span> <span class='ocrx_word' id='word_1_188' title='bbox 1095 2746 1345 2810; x_wconf 85' lang='lat' dir='ltr'><strong>communicanti.</strong></span> 
     </span>
    </p>

    <p class='ocr_par' dir='ltr' id='par_1_5' title="bbox 237 2856 1347 3387">
     <span class='ocr_line' id='line_1_23' title="bbox 280 2856 1346 2921; baseline 0.001 -3"><span class='ocrx_word' id='word_1_189' title='bbox 280 2859 325 2918; x_wconf 80' lang='lat'><strong>2⁰.</strong></span> <span class='ocrx_word' id='word_1_190' title='bbox 349 2858 492 2919; x_wconf 91' lang='lat' dir='ltr'><strong>Actuatio</strong></span> <span class='ocrx_word' id='word_1_191' title='bbox 515 2858 694 2921; x_wconf 89' lang='lat' dir='ltr'><strong>attentionis</strong></span> <span class='ocrx_word' id='word_1_192' title='bbox 716 2858 794 2921; x_wconf 87' lang='lat' dir='ltr'><strong>circa</strong></span> <span class='ocrx_word' id='word_1_193' title='bbox 817 2856 1055 2920; x_wconf 85' lang='lat' dir='ltr'><strong>determinatum</strong></span> <span class='ocrx_word' id='word_1_194' title='bbox 1078 2856 1231 2921; x_wconf 89' lang='lat' dir='ltr'><strong>obiectum</strong></span> <span class='ocrx_word' id='word_1_195' title='bbox 1254 2867 1285 2919; x_wconf 90' lang='lat' dir='ltr'><strong>et</strong></span> <span class='ocrx_word' id='word_1_196' title='bbox 1300 2857 1346 2920; x_wconf 91' lang='lat' dir='ltr'><strong>di-</strong></span> 
     </span>
     <span class='ocr_line' id='line_1_24' title="bbox 239 2967 1347 3053; baseline 0.003 -24"><span class='ocrx_word' id='word_1_197' title='bbox 239 2967 332 3030; x_wconf 88' lang='lat' dir='ltr'><strong>rectio</strong></span> <span class='ocrx_word' id='word_1_198' title='bbox 346 2967 440 3030; x_wconf 89' lang='lat' dir='ltr'><strong>huius</strong></span> <span class='ocrx_word' id='word_1_199' title='bbox 454 2980 540 3032; x_wconf 88' lang='lat' dir='ltr'><strong>actus</strong></span> <span class='ocrx_word' id='word_1_200' title='bbox 554 2991 609 3053; x_wconf 90' lang='lat' dir='ltr'><strong>per</strong></span> <span class='ocrx_word' id='word_1_201' title='bbox 622 2970 822 3046; x_wconf 89' lang='lat' dir='ltr'><strong>voluntatem,</strong></span> <span class='ocrx_word' id='word_1_202' title='bbox 844 2991 899 3053; x_wconf 88' lang='lat' dir='ltr'><strong>per</strong></span> <span class='ocrx_word' id='word_1_203' title='bbox 918 2990 989 3052; x_wconf 88' lang='lat' dir='ltr'><strong>quae</strong></span> <span class='ocrx_word' id='word_1_204' title='bbox 1011 2969 1136 3051; x_wconf 87' lang='lat' dir='ltr'><strong>spiritus</strong></span> <span class='ocrx_word' id='word_1_205' title='bbox 1159 2969 1292 3033; x_wconf 90' lang='lat' dir='ltr'><strong>ostendit</strong></span> <span class='ocrx_word' id='word_1_206' title='bbox 1315 2992 1347 3032; x_wconf 87' lang='lat' dir='ltr'><strong>se</strong></span> 
     </span>
     <span class='ocr_line' id='line_1_25' title="bbox 238 3079 1346 3165; baseline 0.004 -24"><span class='ocrx_word' id='word_1_207' title='bbox 238 3079 325 3142; x_wconf 90' lang='lat' dir='ltr'><strong>alteri</strong></span> <span class='ocrx_word' id='word_1_208' title='bbox 348 3090 383 3143; x_wconf 93' lang='lat' dir='ltr'><strong>ut</strong></span> <span class='ocrx_word' id='word_1_209' title='bbox 408 3079 476 3145; x_wconf 92' lang='lat' dir='ltr'><strong>luce</strong></span> <span class='ocrx_word' id='word_1_210' title='bbox 504 3080 615 3145; x_wconf 90' lang='lat' dir='ltr'><strong>obiecti</strong></span> <span class='ocrx_word' id='word_1_211' title='bbox 645 3082 842 3159; x_wconf 89' lang='lat' dir='ltr'><strong>illustratum,</strong></span> <span class='ocrx_word' id='word_1_212' title='bbox 873 3080 1045 3165; x_wconf 88' lang='lat' dir='ltr'><strong>completur</strong></span> <span class='ocrx_word' id='word_1_213' title='bbox 1074 3103 1128 3165; x_wconf 91' lang='lat' dir='ltr'><strong>per</strong></span> <span class='ocrx_word' id='word_1_214' title='bbox 1158 3090 1260 3144; x_wconf 89' lang='lat' dir='ltr'><strong>actum</strong></span> <span class='ocrx_word' id='word_1_215' title='bbox 1285 3103 1346 3165; x_wconf 92' lang='lat' dir='ltr'><strong>quo</strong></span> 
     </span>
     <span class='ocr_line' id='line_1_26' title="bbox 238 3192 1346 3277; baseline 0.003 -24"><span class='ocrx_word' id='word_1_216' title='bbox 238 3214 353 3275; x_wconf 89' lang='lat' dir='ltr'><strong>organa</strong></span> <span class='ocrx_word' id='word_1_217' title='bbox 381 3200 505 3255; x_wconf 81' lang='lat' dir='ltr'><strong>externa</strong></span> <span class='ocrx_word' id='word_1_218' title='bbox 534 3193 726 3277; x_wconf 89' lang='lat' dir='ltr'><strong>applicantur</strong></span> <span class='ocrx_word' id='word_1_219' title='bbox 754 3193 794 3257; x_wconf 92' lang='lat' dir='ltr'><strong>ad</strong></span> <span class='ocrx_word' id='word_1_220' title='bbox 823 3192 1043 3257; x_wconf 85' lang='lat' dir='ltr'><strong>ostendendam</strong></span> <span class='ocrx_word' id='word_1_221' title='bbox 1077 3193 1214 3257; x_wconf 90' lang='lat' dir='ltr'><strong>eamdem</strong></span> <span class='ocrx_word' id='word_1_222' title='bbox 1246 3192 1346 3256; x_wconf 88' lang='lat' dir='ltr'><strong>lucem</strong></span> 
     </span>
     <span class='ocr_line' id='line_1_27' title="bbox 237 3302 553 3387; baseline 0.009 -22"><span class='ocrx_word' id='word_1_223' title='bbox 237 3302 334 3387; x_wconf 82' lang='lat' dir='ltr'><strong>signis</strong></span> <span class='ocrx_word' id='word_1_224' title='bbox 350 3303 553 3368; x_wconf 89' lang='lat' dir='ltr'><strong>sensibilibus.</strong></span> 
     </span>
    </p>

    <p class='ocr_par' dir='ltr' id='par_1_6' title="bbox 238 3417 1351 4170">
     <span class='ocr_line' id='line_1_28' title="bbox 281 3417 1348 3501; baseline 0.003 -21"><span class='ocrx_word' id='word_1_225' title='bbox 281 3419 326 3480; x_wconf 83' lang='lat'><strong>3⁰.</strong></span> <span class='ocrx_word' id='word_1_226' title='bbox 351 3417 437 3481; x_wconf 86' lang='lat' dir='ltr'><strong>Sicut</strong></span> <span class='ocrx_word' id='word_1_227' title='bbox 460 3418 586 3501; x_wconf 88' lang='lat' dir='ltr'><strong>spiritus</strong></span> <span class='ocrx_word' id='word_1_228' title='bbox 600 3418 682 3482; x_wconf 87' lang='lat' dir='ltr'><strong>videt</strong></span> <span class='ocrx_word' id='word_1_229' title='bbox 705 3417 951 3482; x_wconf 90' lang='lat' dir='ltr'><strong>intellectualiter</strong></span> <span class='ocrx_word' id='word_1_230' title='bbox 971 3418 1125 3481; x_wconf 90' lang='lat' dir='ltr'><strong>obiectum</strong></span> <span class='ocrx_word' id='word_1_231' title='bbox 1145 3440 1215 3481; x_wconf 92' lang='lat' dir='ltr'><strong>cum</strong></span> <span class='ocrx_word' id='word_1_232' title='bbox 1230 3441 1266 3483; x_wconf 91' lang='lat' dir='ltr'><strong>ea</strong></span> <span class='ocrx_word' id='word_1_233' title='bbox 1280 3418 1348 3483; x_wconf 87' lang='lat' dir='ltr'><strong>luce</strong></span> 
     </span>
     <span class='ocr_line' id='line_1_29' title="bbox 238 3529 1347 3615; baseline 0.005 -24"><span class='ocrx_word' id='word_1_234' title='bbox 238 3538 270 3591; x_wconf 88' lang='lat' dir='ltr'><strong>et</strong></span> <span class='ocrx_word' id='word_1_235' title='bbox 284 3529 342 3592; x_wconf 92' lang='lat' dir='ltr'><strong>sub</strong></span> <span class='ocrx_word' id='word_1_236' title='bbox 356 3530 394 3593; x_wconf 90' lang='lat' dir='ltr'><strong>iis</strong></span> <span class='ocrx_word' id='word_1_237' title='bbox 414 3529 612 3614; x_wconf 89' lang='lat' dir='ltr'><strong>respectibus,</strong></span> <span class='ocrx_word' id='word_1_238' title='bbox 634 3552 706 3593; x_wconf 91' lang='lat' dir='ltr'><strong>cum</strong></span> <span class='ocrx_word' id='word_1_239' title='bbox 726 3540 833 3615; x_wconf 91' lang='lat' dir='ltr'><strong>quaet</strong></span> <span class='ocrx_word' id='word_1_240' title='bbox 849 3530 906 3594; x_wconf 93' lang='lat' dir='ltr'><strong>sub</strong></span> <span class='ocrx_word' id='word_1_241' title='bbox 925 3529 1037 3613; x_wconf 89' lang='lat' dir='ltr'><strong>quibus</strong></span> <span class='ocrx_word' id='word_1_242' title='bbox 1053 3529 1079 3593; x_wconf 89' lang='lat' dir='ltr'><strong>ei</strong></span> <span class='ocrx_word' id='word_1_243' title='bbox 1096 3540 1300 3615; x_wconf 71' lang='lat' dir='ltr'><strong>praesentatur</strong></span> <span class='ocrx_word' id='word_1_244' title='bbox 1315 3532 1347 3596; x_wconf 90' lang='lat' dir='ltr'><strong>in</strong></span> 
     </span>
     <span class='ocr_line' id='line_1_30' title="bbox 240 3640 1349 3725; baseline 0.003 -23"><span class='ocrx_word' id='word_1_245' title='bbox 240 3648 311 3703; x_wconf 90' lang='lat' dir='ltr'><strong>actu</strong></span> <span class='ocrx_word' id='word_1_246' title='bbox 340 3641 545 3724; x_wconf 84' lang='lat' dir='ltr'><strong>cognoscitivo</strong></span> <span class='ocrx_word' id='word_1_247' title='bbox 575 3640 710 3720; x_wconf 85' lang='lat' dir='ltr'><strong>alterius,</strong></span> <span class='ocrx_word' id='word_1_248' title='bbox 740 3641 784 3705; x_wconf 92' lang='lat' dir='ltr'><strong>ita</strong></span> <span class='ocrx_word' id='word_1_249' title='bbox 809 3663 872 3705; x_wconf 91' lang='lat' dir='ltr'><strong>una</strong></span> <span class='ocrx_word' id='word_1_250' title='bbox 895 3663 1026 3724; x_wconf 87' lang='lat' dir='ltr'><strong>persona</strong></span> <span class='ocrx_word' id='word_1_251' title='bbox 1053 3642 1182 3725; x_wconf 89' lang='lat' dir='ltr'><strong>percipit</strong></span> <span class='ocrx_word' id='word_1_252' title='bbox 1213 3642 1349 3708; x_wconf 90' lang='lat' dir='ltr'><strong>sensibili</strong></span> 
     </span>
     <span class='ocr_line' id='line_1_31' title="bbox 240 3750 1349 3839; baseline 0.002 -24"><span class='ocrx_word' id='word_1_253' title='bbox 240 3750 340 3815; x_wconf 90' lang='lat' dir='ltr'><strong>medio</strong></span> <span class='ocrx_word' id='word_1_254' title='bbox 363 3751 518 3815; x_wconf 91' lang='lat' dir='ltr'><strong>obiectum</strong></span> <span class='ocrx_word' id='word_1_255' title='bbox 541 3774 612 3815; x_wconf 89' lang='lat' dir='ltr'><strong>cum</strong></span> <span class='ocrx_word' id='word_1_256' title='bbox 633 3775 668 3815; x_wconf 90' lang='lat' dir='ltr'><strong>ea</strong></span> <span class='ocrx_word' id='word_1_257' title='bbox 682 3752 750 3815; x_wconf 92' lang='lat' dir='ltr'><strong>luce</strong></span> <span class='ocrx_word' id='word_1_258' title='bbox 764 3762 795 3815; x_wconf 92' lang='lat' dir='ltr'><strong>et</strong></span> <span class='ocrx_word' id='word_1_259' title='bbox 812 3751 869 3816; x_wconf 88' lang='lat' dir='ltr'><strong>sub</strong></span> <span class='ocrx_word' id='word_1_260' title='bbox 885 3751 922 3816; x_wconf 89' lang='lat' dir='ltr'><strong>iis</strong></span> <span class='ocrx_word' id='word_1_261' title='bbox 938 3752 1134 3836; x_wconf 88' lang='lat' dir='ltr'><strong>respectibus,</strong></span> <span class='ocrx_word' id='word_1_262' title='bbox 1150 3775 1222 3817; x_wconf 87' lang='lat' dir='ltr'><strong>curn</strong></span> <span class='ocrx_word' id='word_1_263' title='bbox 1242 3763 1349 3839; x_wconf 89' lang='lat' dir='ltr'><strong>quaet</strong></span> 
     </span>
     <span class='ocr_line' id='line_1_32' title="bbox 239 3862 1349 3949; baseline 0.002 -22"><span class='ocrx_word' id='word_1_264' title='bbox 239 3862 298 3927; x_wconf 87' lang='lat' dir='ltr'><strong>sub</strong></span> <span class='ocrx_word' id='word_1_265' title='bbox 326 3862 440 3949; x_wconf 91' lang='lat' dir='ltr'><strong>quibus</strong></span> <span class='ocrx_word' id='word_1_266' title='bbox 468 3871 671 3947; x_wconf 87' lang='lat' dir='ltr'><strong>praeseutatur</strong></span> <span class='ocrx_word' id='word_1_267' title='bbox 699 3862 731 3926; x_wconf 92' lang='lat' dir='ltr'><strong>iu</strong></span> <span class='ocrx_word' id='word_1_268' title='bbox 762 3863 861 3947; x_wconf 84' lang='lat' dir='ltr'><strong>signis</strong></span> <span class='ocrx_word' id='word_1_269' title='bbox 897 3862 1104 3940; x_wconf 88' lang='lat' dir='ltr'><strong>sensibilibus,</strong></span> <span class='ocrx_word' id='word_1_270' title='bbox 1134 3864 1168 3926; x_wconf 92' lang='lat' dir='ltr'><strong>in</strong></span> <span class='ocrx_word' id='word_1_271' title='bbox 1197 3873 1349 3948; x_wconf 90' lang='lat' dir='ltr'><strong>quantum</strong></span> 
     </span>
     <span class='ocr_line' id='line_1_33' title="bbox 240 3973 1349 4059; baseline 0.003 -22"><span class='ocrx_word' id='word_1_272' title='bbox 240 3974 354 4038; x_wconf 75' lang='lat' dir='ltr'><strong>seilicet</strong></span> <span class='ocrx_word' id='word_1_273' title='bbox 376 3976 465 4059; x_wconf 80' lang='lat' dir='ltr'><strong>signa</strong></span> <span class='ocrx_word' id='word_1_274' title='bbox 488 3973 643 4038; x_wconf 90' lang='lat' dir='ltr'><strong>sensibilia</strong></span> <span class='ocrx_word' id='word_1_275' title='bbox 664 3975 780 4039; x_wconf 90' lang='lat' dir='ltr'><strong>habeut</strong></span> <span class='ocrx_word' id='word_1_276' title='bbox 802 3974 1031 4058; x_wconf 87' lang='lat' dir='ltr'><strong>proportionem</strong></span> <span class='ocrx_word' id='word_1_277' title='bbox 1055 3974 1095 4037; x_wconf 88' lang='lat' dir='ltr'><strong>ad</strong></span> <span class='ocrx_word' id='word_1_278' title='bbox 1118 3974 1195 4038; x_wconf 94' lang='lat' dir='ltr'><strong>illud</strong></span> <span class='ocrx_word' id='word_1_279' title='bbox 1221 3976 1349 4041; x_wconf 83' lang='lat' dir='ltr'><strong>manife-</strong></span> 
     </span>
     <span class='ocr_line' id='line_1_34' title="bbox 240 4084 1351 4170; baseline 0.005 -23"><span class='ocrx_word' id='word_1_280' title='bbox 240 4085 403 4149; x_wconf 88' lang='lat' dir='ltr'><strong>standum:</strong></span> <span class='ocrx_word' id='word_1_281' title='bbox 427 4094 458 4148; x_wconf 89' lang='lat' dir='ltr'><strong>et</strong></span> <span class='ocrx_word' id='word_1_282' title='bbox 473 4108 528 4170; x_wconf 87' lang='lat' dir='ltr'><strong>per</strong></span> <span class='ocrx_word' id='word_1_283' title='bbox 542 4086 693 4149; x_wconf 88' lang='lat' dir='ltr'><strong>actionem</strong></span> <span class='ocrx_word' id='word_1_284' title='bbox 709 4085 806 4169; x_wconf 86' lang='lat' dir='ltr'><strong>ipsam</strong></span> <span class='ocrx_word' id='word_1_285' title='bbox 820 4084 974 4169; x_wconf 88' lang='lat' dir='ltr'><strong>loquentis</strong></span> <span class='ocrx_word' id='word_1_286' title='bbox 986 4086 1134 4169; x_wconf 84' lang='lat' dir='ltr'><strong>agnoscit,</strong></span> <span class='ocrx_word' id='word_1_287' title='bbox 1145 4089 1351 4153; x_wconf 87' lang='lat' dir='ltr'><strong>communica-</strong></span> 
     </span>
    </p>
   </div>
   <div class='ocr_carea' id='block_1_3' title="bbox 139 4195 627 4285">
    <p class='ocr_par' dir='ltr' id='par_1_7' title="bbox 139 4195 627 4285">
     <span class='ocr_line' id='line_1_35' title="bbox 139 4195 627 4285; baseline 0.004 -28"><span class='ocrx_word' id='word_1_288' title='bbox 139 4268 155 4285; x_wconf 78' lang='lat'><strong>.</strong></span> <span class='ocrx_word' id='word_1_289' title='bbox 242 4195 358 4258; x_wconf 90' lang='lat' dir='ltr'><strong>tionem</strong></span> <span class='ocrx_word' id='word_1_290' title='bbox 374 4195 432 4259; x_wconf 90' lang='lat' dir='ltr'><strong>sibi</strong></span> <span class='ocrx_word' id='word_1_291' title='bbox 447 4195 485 4258; x_wconf 91' lang='lat' dir='ltr'><strong>ab</strong></span> <span class='ocrx_word' id='word_1_292' title='bbox 500 4218 537 4259; x_wconf 92' lang='lat' dir='ltr'><strong>eo</strong></span> <span class='ocrx_word' id='word_1_293' title='bbox 551 4196 627 4259; x_wconf 89' lang='lat' dir='ltr'><strong>fieri.</strong></span> 
     </span>
    </p>
   </div>
   <div class='ocr_carea' id='block_1_4' title="bbox 284 4306 1352 4484">
    <p class='ocr_par' dir='ltr' id='par_1_8' title="bbox 284 4306 1352 4484">
     <span class='ocr_line' id='line_1_36' title="bbox 286 4306 1352 4393; baseline 0.008 -24"><span class='ocrx_word' id='word_1_294' title='bbox 286 4309 340 4371; x_wconf 82' lang='lat'><strong>37.</strong></span> <span class='ocrx_word' id='word_1_295' title='bbox 367 4306 529 4371; x_wconf 91' lang='lat' dir='ltr'><strong>Addamus</strong></span> <span class='ocrx_word' id='word_1_296' title='bbox 560 4329 643 4372; x_wconf 89' lang='lat' dir='ltr'><strong>uuuc</strong></span> <span class='ocrx_word' id='word_1_297' title='bbox 668 4329 766 4393; x_wconf 90' lang='lat' dir='ltr'><strong>pauca</strong></span> <span class='ocrx_word' id='word_1_298' title='bbox 795 4307 834 4371; x_wconf 91' lang='lat' dir='ltr'><strong>de</strong></span> <span class='ocrx_word' id='word_1_299' title='bbox 860 4307 890 4371; x_wconf 89' lang='lat' dir='ltr'><strong>vi</strong></span> <span class='ocrx_word' id='word_1_300' title='bbox 918 4306 1107 4388; x_wconf 88' lang='lat' dir='ltr'><strong>locomotiva,</strong></span> <span class='ocrx_word' id='word_1_301' title='bbox 1138 4332 1206 4393; x_wconf 89' lang='lat' dir='ltr'><strong>qnae</strong></span> <span class='ocrx_word' id='word_1_302' title='bbox 1235 4320 1281 4375; x_wconf 89' lang='lat' dir='ltr'><strong>est</strong></span> <span class='ocrx_word' id='word_1_303' title='bbox 1306 4313 1352 4379; x_wconf 90' lang='lat' dir='ltr'><strong>vis</strong></span> 
     </span>
     <span class='ocr_line' id='line_1_37' title="bbox 284 4437 1177 4484; baseline 0.003 -3"><span class='ocrx_word' id='word_1_304' title='bbox 284 4437 358 4482; x_wconf 78' lang='lat' dir='ltr'><strong>von.</strong></span> <span class='ocrx_word' id='word_1_305' title='bbox 375 4439 413 4483; x_wconf 92' lang='lat'><strong>11.</strong></span> <span class='ocrx_word' id='word_1_306' title='bbox 1151 4442 1177 4484; x_wconf 83' lang='lat' dir='ltr'><strong>n</strong></span> 
     </span>
    </p>
   </div>
   <div class='ocr_carea' id='block_1_5' title="bbox 0 0 1612 4975">
    <p class='ocr_par' dir='ltr' id='par_1_9' title="bbox 0 0 1612 4975">
     <span class='ocr_line' id='line_1_38' title="bbox 0 0 1612 4975; baseline 0 0"><span class='ocrx_word' id='word_1_307' title='bbox 0 0 1612 4975; x_wconf 95' lang='lat' dir='ltr'><strong> </strong></span> 
     </span>
    </p>
   </div>
  </div>
 </body>
</html>
