3200 4975
262 357 303 417 14
571 376 612 421 us
630 378 831 421 suasravrrr
847 378 1048 423 srrarroam,
1239 359 1323 443 [oar.
1341 379 1364 420 r.

254 565 307 607 seu
322 566 339 605 a
354 555 440 627 parte
460 546 513 625 rei,
530 546 720 610 constituens
741 546 945 610 substantiam
968 546 1159 631 spiritualem
1174 546 1206 608 in
1227 567 1283 609 suo
1298 568 1363 609 ease

256 655 463 742 metaphysico
492 658 723 737 consideratam,
761 658 908 743 sequitur,
939 658 1167 722 distinctionem
1198 667 1297 721 ortam
1325 679 1364 721 ex

256 788 362 831 eorum
382 770 574 853 oppositione
596 792 661 834 esse
682 770 791 835 realem
816 770 1023 857 metaphysica
1042 770 1074 833 in
1096 770 1162 853 ipsa
1182 769 1362 846 substantia,

257 900 311 940 seu
334 878 366 942 in
389 879 480 943 rebus
510 902 564 965 per
586 880 655 945 illos
681 893 847 965 conceptus
876 880 1110 965 repraesentatis.
1157 881 1229 943 Non
1260 890 1363 943 tamen

254 989 385 1054 habetur
408 990 509 1076 aliqua
529 990 686 1056 distinctio
708 991 796 1056 realis
820 991 965 1077 physica;
995 991 1067 1074 quia
1090 989 1128 1052 ad
1148 988 1228 1052 hanc
1252 988 1361 1053 distin·

256 1100 386 1164 ctionem
402 1101 602 1187 requiruntur
616 1102 740 1167 termini
756 1124 819 1165 non
835 1110 957 1165 tantum
973 1100 1190 1185 metaphysice,
1201 1100 1254 1163 sed
1269 1100 1361 1163 etiam

255 1211 378 1297 physice
401 1213 558 1279 distincti:
582 1215 705 1278 termini
722 1237 791 1277 vero
815 1213 940 1298 physice
958 1212 1095 1275 distincti
1113 1221 1186 1275 sunt
1208 1211 1360 1275 distinctae

254 1326 392 1389 essentiae
415 1335 445 1390 et
468 1326 613 1391 distincta
638 1326 720 1391 entia
743 1325 902 1389 absolute:
926 1324 976 1387 hic
998 1332 1101 1387 antem
1124 1345 1187 1387 non
1210 1322 1360 1387 habemns

254 1436 314 1499 nisi
330 1459 421 1500 unam
437 1438 610 1516 essentiam,
627 1446 657 1502 et
673 1460 772 1501 unum
789 1459 844 1500 ens
859 1436 1044 1500 absolutum.

296 1547 338 1610 Et
361 1548 418 1611 hoc
439 1558 523 1632 patet
544 1549 654 1613 iterum
677 1550 709 1611 in
733 1548 860 1612 materia
883 1557 914 1611 et
936 1547 1035 1611 forma
1058 1546 1091 1608 in
1115 1545 1263 1609 unitatem
1288 1544 1359 1608 sub·

254 1661 374 1724 stantiae
396 1660 652 1744 conspirantibus,
675 1672 705 1724 et
728 1658 987 1723 constituentibus
1009 1657 1134 1720 unicum
1159 1679 1213 1719 ens
1236 1655 1360 1741 physice

255 1772 381 1855 simplex
396 1781 426 1835 et
448 1795 503 1836 suo
518 1772 610 1836 modo
626 1772 749 1835 imitans
767 1771 960 1847 Trinitatem,
975 1779 1011 1833 ut
1027 1769 1158 1832 diximus
1178 1769 1359 1832 intractata

254 1884 416 1968 deprimis
436 1884 593 1968 principiis
612 1885 654 1965 (n.
674 1887 715 1946 14
730 1892 759 1946 et
776 1886 843 1965 35).
887 1881 1136 1965 Distinguuntur
1157 1880 1239 1942 enim
1262 1888 1358 1943 meta·

253 1996 386 2081 physice,
412 1996 483 2080 quia
509 2005 675 2080 conceptus
699 1995 832 2058 materiae
856 1994 1022 2077 opponitur
1050 1991 1173 2055 relative
1197 1992 1358 2075 conceptui

252 2108 366 2184 formae,
376 2118 407 2171 et
419 2107 543 2192 quidem
556 2108 685 2185 realiter,
696 2129 791 2190 quum
805 2107 835 2168 in
848 2104 1020 2169 substantia
1032 2103 1179 2168 materiali
1190 2112 1357 2188 utrumque

252 2218 400 2282 habeatur
408 2219 546 2283 realiter:
571 2242 632 2282 non
647 2227 750 2282 tamen
761 2219 896 2304 physice,
909 2217 980 2301 quia
989 2216 1115 2279 materia
1131 2224 1161 2277 et
1175 2215 1274 2279 forma
1284 2237 1356 2279 oon-

253 2330 369 2414 spirant
384 2330 423 2393 ad
446 2353 542 2393 unum
557 2354 612 2394 ens
626 2330 788 2417 physicum
812 2338 842 2393 et
858 2328 1032 2391 absolutum
1051 2327 1310 2405 constituendum,
1326 2334 1356 2390 et

253 2442 362 2505 unicus
389 2442 538 2506 terminus
560 2441 683 2529 physice
706 2443 837 2506 existens
860 2440 968 2525 nequit
987 2439 1098 2503 habere
1117 2438 1228 2503 realem
1247 2438 1355 2502 distin·

252 2555 382 2618 ctionem
396 2555 552 2641 physicam
563 2578 623 2618 ase
638 2555 715 2639 ipso,
725 2578 822 2639 quum
832 2562 963 2638 nequeat
972 2553 1101 2616 existere
1113 2551 1171 2614 sub
1185 2550 1238 2614 illa
1249 2550 1355 2634 praeci-
1443 2589 1446 2592 ·

252 2665 336 2730 sione
351 2666 477 2730 mentali
491 2666 549 2730 hac
564 2666 611 2730 vel
625 2666 687 2744 illa,
704 2665 757 2729 sed
779 2665 887 2728 debeat
902 2663 1029 2726 existere
1045 2685 1113 2726 oum
1130 2662 1280 2746 completa
1301 2684 1355 2725 sua

252 2779 389 2859 entitate,
401 2802 469 2864 quae
485 2789 531 2844 eat
546 2803 608 2842 una
622 2788 744 2843 tantum
760 2777 886 2863 physice
900 2785 931 2839 et
946 2775 1093 2839 absolute.

296 2896 347 2955 15.
372 2891 526 2968 Quaeritur
542 2891 729 2968 duodecimo,
741 2898 840 2953 utrum
854 2891 1018 2952 substantio
1028 2888 1193 2970 spiritualis
1207 2889 1248 2950 sit
1258 2909 1354 2950 ueces-

250 3007 329 3068 sorio
344 3009 451 3068 meaos.

294 3114 475 3198 Respondeo
491 3114 676 3177 affirmative.
724 3113 803 3176 Nam
820 3113 921 3175 vivum
938 3111 1067 3174 dicimus
1086 3132 1140 3172 ens
1155 3110 1237 3193 quod
1253 3117 1353 3172 movet

252 3224 385 3308 seipsum
401 3225 568 3288 secundum
585 3225 716 3308 aliquam
734 3223 864 3307 speciem
882 3232 993 3298 motus,
1008 3223 1068 3284 cive
1083 3223 1246 3304 coaptatur
1259 3228 1354 3283 motus

245 3337 378 3418 proprie,
394 3337 470 3398 sicut
492 3345 588 3399 motus
611 3337 718 3398 dicitur
739 3344 822 3397 actam
842 3335 1017 3417 imperfecti,
1033 3335 1124 3396 idest
1150 3335 1302 3396 armicolis
1322 3333 1353 3394 in

245 3449 392 3530 potentia,
415 3450 474 3510 sior
495 3456 589 3511 motos
612 3449 775 3529 accipiatur
795 3448 995 3522 communiter,
1016 3452 1109 3527 prout
1131 3452 1226 3506 motos
1245 3444 1353 3506 dicitur

251 3568 334 3622 octus
342 3561 481 3642 perfecti,
494 3567 587 3642 prout
602 3559 762 3642 iutelliyere
777 3567 807 3621 et
821 3559 928 3620 sentim
948 3557 1056 3619 dicitur
1074 3558 1192 3634 amomi,
1208 3563 1244 3618 ut
1258 3555 1301 3617 ait
1318 3555 1351 3617 S.

250 3670 382 3733 Thomas
395 3673 436 3754 (p.
456 3673 484 3732 1.
501 3693 530 3754 q.
549 3672 604 3740 18„
616 3693 643 3732 a.
662 3673 705 3752 l).
752 3669 822 3732 Hoc
837 3678 939 3732 autem
953 3667 1059 3745 vivere,
1073 3665 1155 3750 quod
1170 3676 1217 3730 est
1233 3687 1352 3729 movere

251 3782 394 3866 seipsum,
417 3791 463 3845 est
485 3782 586 3866 ipsum
609 3780 784 3844 exercitium
808 3779 1019 3866 operationum
1042 3778 1190 3841 vitalium.
1236 3777 1351 3861 Opera-

249 3893 347 3957 tiones
363 3902 465 3957 autem
481 3892 586 3957 vitales
601 3901 819 3976 comparantur
832 3891 871 3954 ad
885 3891 987 3975 ipsum
1000 3890 1161 3966 viventem,
1172 3889 1250 3954 sicut
1265 3899 1351 3953 actua

250 4005 376 4069 secundi
395 4004 434 4069 ad
454 4005 599 4089 primum,
623 4003 694 4088 quia
714 4026 804 4067 omne
824 4026 918 4087 agens
938 4002 1055 4086 agitio
1078 4009 1227 4085 quantum
1248 4008 1295 4064 est
1317 4001 1350 4063 in

249 4127 339 4195 actu,
363 4126 393 4180 et
409 4117 476 4180 ideo
490 4139 580 4181 omne
595 4117 698 4181 vivens
721 4115 912 4200 operationes
926 4113 1032 4177 vitales
1047 4122 1191 4197 operatur
1204 4115 1238 4176 in
1254 4136 1350 4197 quan·

248 4241 314 4293 tum
338 4240 384 4294 est
408 4239 479 4294 actu
502 4230 597 4294 vivus.
643 4228 709 4292 Iam
734 4250 805 4292 vero
830 4227 954 4290 evidens
974 4236 1031 4305 est,
1047 4225 1238 4310 operationes
1260 4225 1351 4289 intel·

247 4339 390 4405 lectuales
400 4363 464 4404 esse
474 4341 663 4428 operationes
672 4339 777 4403 vitales
787 4365 796 4416 3
813 4345 886 4402 sunt
895 4338 977 4400 enim
987 4360 1004 4400 a
1013 4337 1162 4420 principio
1174 4336 1348 4400 intrinseco.
