3200 4975
216 342 221 350 ’
239 339 383 424 car.11.]
693 359 736 402 nn
753 357 900 401 uomina.
1279 338 1340 400 221

238 526 376 590 affectivo
391 524 537 602 sensibili,
553 533 678 610 propter
692 525 840 590 rationem
856 523 930 588 boni
946 546 1006 607 qua
1021 531 1131 602 movet,
1143 523 1178 586 fit
1188 522 1342 587 obiectum

238 635 394 701 internum
417 645 448 700 et
471 636 681 700 immediatum
705 635 889 718 cognitionis
915 635 1031 698 reflexae
1052 643 1083 698 et
1103 656 1188 698 novae
1209 635 1342 719 compla-

238 746 355 824 oentiae,
370 768 432 831 qua
441 746 581 810 voluntas
596 746 763 830 complacet
779 745 837 808 sibi
852 745 1031 809 naturaliter
1047 745 1084 809 de
1100 767 1155 808 suo
1170 753 1240 810 actu
1255 772 1261 810 :
1283 768 1341 808 un-

238 856 276 920 da
290 880 346 943 pro
361 880 424 921 uno
442 857 560 923 obiecto
580 857 704 942 cognito
718 858 801 942 quod
825 864 925 920 movet
941 855 1084 920 affectum
1104 855 1258 921 habentur
1280 857 1341 920 duo

237 977 324 1033 actus
343 969 435 1053 primi
455 970 630 1048 voluntatis,
651 992 732 1033 unus
754 989 815 1053 quo
836 969 936 1052 primo
958 967 1091 1032 adhaeret
1113 967 1241 1048 obiect0,
1265 968 1342 1032 alius

238 1102 299 1165 quo
314 1080 414 1166 primo
429 1081 561 1145 adhaeret
577 1080 644 1167 sibi,
654 1080 713 1166 ipsi
728 1088 764 1143 ut
778 1080 834 1144 tali
853 1079 970 1144 obiecto
991 1079 1177 1144 coniunctae:
1200 1079 1253 1164 qui
1269 1079 1341 1143 ulti-

238 1215 308 1256 mus
322 1200 408 1256 actus
423 1201 470 1256 est
487 1192 627 1272 reflexus,
650 1200 685 1256 ut
702 1200 797 1277 patet,
818 1191 918 1255 adhuc
941 1190 1167 1271 indeliberatus,
1183 1200 1214 1256 et
1229 1192 1341 1256 consti·

237 1313 328 1368 tuens
343 1303 558 1368 accidentalem
574 1303 828 1367 modificationem
844 1302 1035 1366 conscientiae
1049 1303 1199 1387 practicae.

281 1416 340 1479 Per
359 1416 418 1480 boc
443 1425 579 1501 apparet,
603 1415 757 1500 quomodo
779 1414 875 1500 possit
897 1414 997 1499 primo
1019 1414 1141 1495 ercitari
1163 1414 1201 1479 ab
1223 1413 1341 1478 obiecto

238 1527 373 1613 quolibet
395 1527 529 1592 sensibili
553 1527 598 1592 vis
622 1527 744 1591 volitiva
768 1549 832 1590 uon
859 1526 957 1590 solum
982 1526 1143 1603 sensibilis,
1171 1527 1224 1590 sed
1248 1526 1340 1590 etiam

239 1639 404 1719 rationalis,
427 1639 465 1702 ad
486 1648 588 1703 actum
609 1639 742 1723 primum
766 1637 1001 1723 complacentiae.
1048 1637 1164 1702 Contra
1185 1661 1255 1704 vero
1277 1661 1340 1702 non

238 1758 339 1834 potest
363 1750 493 1834 intelligi
511 1751 664 1835 quomodo
686 1750 838 1814 obiectum
863 1771 939 1833 pure
961 1748 1106 1812 rationale
1123 1750 1220 1835 possit
1239 1753 1339 1832 primo

238 1863 367 1927 excitare
382 1863 580 1926 voluntatem.
626 1862 717 1925 Ratio
732 1861 825 1939 enim,
846 1872 970 1945 propter
988 1881 1080 1944 quam
1101 1859 1253 1924 obiectum
1271 1883 1338 1924 sen-

238 1974 325 2038 sibile
347 1974 506 2058 cognitum
528 1973 639 2038 excitat
661 1973 753 2036 etiam
771 1972 962 2037 voluntatem
988 1971 1177 2053 rationalem,
1200 1980 1246 2036 est
1268 1974 1340 2056 quia

238 2087 432 2170 cognoscitur
446 2085 537 2151 etiam
554 2084 722 2150 secundum
738 2085 821 2170 quod
840 2093 886 2148 est
906 2084 1116 2169 intelligibile:
1140 2095 1171 2147 at
1186 2084 1339 2149 obiectum

237 2222 312 2284 pure
326 2199 519 2284 intelligibile
534 2199 620 2263 nullo
636 2199 727 2263 modo
738 2199 933 2283 cognoscitur
944 2198 1117 2281 cognitione
1133 2197 1285 2263 sensibili:
1309 2206 1340 2262 et

237 2311 360 2375 siccius
375 2312 509 2395 cognitio
525 2334 586 2374 uon
607 2311 750 2376 excitaret
773 2309 946 2388 inferiorem
966 2309 1165 2390 voluntatem,
1182 2308 1235 2374 sed
1250 2332 1339 2394 supe·

236 2423 345 2487 riorem
377 2431 509 2488 tantum.
566 2423 671 2501 Quum
701 2431 804 2488 autem
833 2422 981 2488 naturalis
1003 2431 1089 2487 actus
1114 2422 1339 2509 complacentia

236 2534 343 2600 debeat
371 2535 551 2600 naturaliter
576 2536 735 2599 terminari
760 2536 799 2599 ad
828 2536 1034 2622 passivitatem
1065 2535 1232 2600 affectivam
1262 2535 1339 2599 infe

236 2648 344 2712 riorem
368 2657 399 2712 et
423 2648 620 2734 superiorem,
645 2648 889 2713 concludendum
915 2656 971 2727 est,
998 2647 1151 2713 obiectum
1180 2650 1338 2733 proprium
1444 2734 1446 2737 Ι

236 2768 321 2824 actus
330 2762 424 2844 priam
437 2759 664 2844 complacentia
677 2781 741 2823 non
756 2781 821 2824 esse
842 2758 993 2823 obiectum
1013 2781 1088 2844 pure
1106 2758 1263 2838 rationale,
1285 2758 1338 2822 sed

236 2870 379 2935 sensibile
394 2879 425 2934 et
440 2870 596 2934 rationale.
642 2870 790 2934 Praeterea
804 2869 957 2933 obiectum
979 2892 1054 2954 pure
1069 2868 1261 2953 intelligibile
1275 2892 1338 2933 non

235 2990 335 3065 potest
351 2982 437 3066 diligi
459 2981 498 3045 ab
518 2980 642 3045 bomine
660 3003 714 3065 per
731 2989 834 3045 actum
848 2984 978 3064 primam
1000 2981 1242 3066 complacentiae;
1265 3003 1337 3045 narn

235 3094 477 3178 unumquodque
492 3083 557 3177 agit
572 3100 663 3177 prout
676 3100 724 3156 est
739 3094 771 3155 in
792 3100 880 3156 actu:
903 3092 948 3156 vis
969 3101 1070 3156 autem
1091 3092 1190 3177 primo
1206 3092 1337 3175 compla-

236 3204 326 3268 citiva
340 3213 386 3269 est
401 3213 472 3269 actu
494 3204 657 3268 terminata
679 3202 794 3289 duplici
815 3202 999 3287 passivitate,
1023 3203 1189 3267 seeundum
1213 3226 1337 3267 sensum

235 3337 345 3401 nempe
365 3325 395 3380 et
411 3317 598 3386 intellectum
608 3342 618 3395 3
641 3338 714 3399 ergo
732 3323 763 3380 et
782 3329 869 3380 actus
889 3315 1007 3400 primus
1026 3316 1251 3400 complacentia
1271 3317 1337 3401 (qui

236 3448 298 3489 non
313 3436 359 3491 est
374 3428 462 3513 liber)
482 3428 662 3492 naturaliter
680 3426 839 3491 terminari
862 3427 952 3492 debet
972 3427 1010 3491 ad
1033 3436 1195 3512 utramque
1212 3428 1337 3512 passivi-

236 3546 349 3618 tatem3
371 3550 402 3603 et
417 3540 486 3604 ideo
500 3540 655 3604 obiectum
675 3539 741 3603 eins
762 3539 853 3603 debet
875 3562 940 3604 esse
963 3526 1121 3625 cognitum
1144 3528 1337 3620 sensibiliter,

235 3657 271 3711 ut
285 3658 404 3713 moveat
418 3650 561 3714 affectum
577 3648 760 3728 sensibilem,
780 3659 812 3714 et
827 3649 986 3733 cognitum
1005 3649 1196 3731 intellectiva,
1218 3660 1252 3715 ut
1272 3675 1337 3715 mo-

235 3769 302 3825 veat
318 3761 459 3825 affectum
482 3760 672 3826 rationalem.
717 3762 867 3825 Praeterea
891 3760 1007 3825 bonum
1031 3762 1169 3827 naturale
1192 3763 1336 3842 hominis,

235 3872 267 3935 in
283 3881 367 3936 statu
381 3873 534 3958 praesenti,
555 3895 618 3936 non
633 3882 681 3937 est
695 3872 811 3937 bonum
830 3894 906 3957 pure
928 3873 1130 3957 intelligibile,
1155 3874 1207 3937 sed
1225 3874 1338 3939 intelli·

235 3985 328 4070 gibile
342 3986 435 4049 simul
455 3994 486 4049 et
506 3985 667 4064 sensibile3
689 3995 799 4049 natura
820 3986 899 4049 enim
919 3987 1053 4050 humana
1074 3987 1270 4072 perfectibilis
1291 3997 1338 4053 est

236 4096 404 4162 secundum
424 4119 535 4182 corpus
554 4105 585 4161 et
608 4098 775 4161 secundum
799 4097 942 4161 animam.
995 4098 1079 4183 Ergo
1096 4107 1199 4162 motus
1220 4098 1338 4184 primus

235 4209 383 4272 naturalis
394 4208 619 4294 complacentiae
630 4210 747 4272 causari
762 4207 853 4271 debet
868 4207 907 4272 ab
917 4208 1034 4273 obiecto
1050 4208 1184 4273 sensibili
1201 4208 1292 4273 simul
1308 4218 1338 4274 et

235 4319 431 4404 intelligibili.
476 4320 626 4383 Praeterea
641 4328 742 4382 motus
757 4319 875 4402 primus
890 4318 1016 4383 affectus
1031 4319 1227 4405 consequitur
1247 4328 1338 4385 natu-
