3200 4975
77 403 81 407 Α
201 366 343 450 oar.11.]
597 385 640 428 oa
657 348 915 431 aocrnsnrraus.
1245 369 1307 431 631

200 554 232 629 in
255 552 393 637 potentia
414 552 551 636 passiva:
575 560 661 617 actus
675 562 779 617 autem
802 553 966 632 secundus,
982 576 1037 617 seu
1059 554 1160 638 passio
1175 554 1208 617 in
1229 553 1309 618 facto

201 689 275 745 esse,
299 664 497 729 constituitur
519 672 588 744 aeta
606 666 707 747 primo
732 667 820 729 unias
845 674 959 750 recepto
985 667 1017 729 in
1034 668 1170 749 poteritis
1188 668 1310 749 passivo

201 778 332 842 alterins.
378 774 459 851 Quia
483 775 907 855 vercevidensest,aetu1n
931 777 1024 841 unius
1049 776 1247 841 terminatum
1271 778 1310 842 ad

200 887 370 974 potentiam
392 886 543 971 passivam
560 887 685 951 alterius
703 887 787 951 idem
810 886 930 951 realiter
949 908 1016 953 esse
1036 910 1070 952 ac
1092 896 1194 952 actum
1216 889 1310 953 unius

201 1009 357 1084 receptum
373 998 406 1062 in
426 998 564 1082 potentia
578 998 698 1082 passiva
717 997 853 1078 alterius,
869 998 1008 1083 sequitur
1022 998 1173 1063 actionem
1188 999 1222 1063 in
1238 1009 1310 1064 actu

203 1105 336 1175 seeundo
357 1117 397 1174 et
421 1108 592 1193 passionem
618 1110 652 1172 in
676 1117 747 1173 actu
774 1109 910 1174 secundo
939 1130 1004 1175 esse
1027 1110 1147 1175 realiter
1163 1110 1256 1189 idem,
1278 1118 1310 1174 et

203 1241 301 1285 unum
327 1237 390 1284 non
414 1220 535 1285 differre
559 1220 597 1284 ab
623 1220 728 1300 altero,
754 1203 815 1285 nisi
840 1222 1065 1287 connotationc.
1110 1222 1152 1286 Et
1175 1243 1230 1307 per
1251 1221 1310 1285 hoc

202 1333 312 1397 iterum
328 1341 465 1419 apparet,
480 1352 544 1396 non
563 1354 653 1418 posse
667 1334 818 1397 actionem
833 1342 864 1398 et
886 1334 1058 1419 passionem
1080 1334 1226 1419 accipiat
1247 1334 1310 1399 duo

203 1445 348 1510 distincta
371 1444 617 1530 predicamenta,
644 1444 704 1509 nisi
728 1445 918 1529 accipiantur
941 1446 974 1510 in
1003 1446 1077 1525 fieri,
1104 1468 1201 1531 quum
1230 1446 1311 1511 inter

202 1557 437 1641 praedicamenta
449 1555 600 1621 habeatur
613 1556 702 1620 realis
718 1555 884 1622 distinctio.

247 1669 335 1732 Idem
349 1690 423 1753 crgo
437 1675 524 1732 actus
539 1665 692 1732 secundus
710 1667 904 1733 accidentalis
919 1678 1065 1734 connotat
1079 1667 1152 1733 binc
1167 1680 1308 1753 agentem

204 1779 260 1843 sub
272 1778 455 1843 formalitate
469 1778 598 1863 agentis,
608 1777 682 1843 hinc
695 1779 866 1863 patientem
875 1779 932 1844 sub
948 1780 1131 1845 formalitate
1145 1779 1308 1865 patientia:

202 1902 234 1957 at
248 1892 342 1955 simili
355 1892 447 1956 modo
462 1893 560 1956 eadem
574 1894 704 1955 aemio
719 1900 806 1956 actus
822 1892 957 1971 secundi,
973 1915 1041 1977 quae
1056 1891 1168 1957 dicitur
1182 1896 1258 1957 actio
1274 1900 1309 1957 ut

202 2006 238 2068 fit
252 2004 291 2069 ab
305 2012 425 2088 agente,
441 2012 472 2067 et
488 2006 593 2087 passio
606 2011 644 2066 ut
658 2004 694 2067 fit
708 2003 742 2067 in
759 1982 968 2090 patientepest
982 2004 1059 2068 ratio
1076 2014 1201 2088 propter
1216 2026 1309 2089 quam

203 2137 301 2179 anum
326 2138 382 2178 ens
406 2114 446 2177 sit
470 2113 639 2178 formaliter
661 2132 766 2198 agens,
785 2113 870 2179 aliud
893 2114 1062 2179 formaliter
1084 2115 1224 2199 patiena3
1247 2136 1309 2179 uns

204 2248 277 2311 ergo
292 2234 322 2290 et
338 2226 442 2290 eadem
458 2225 592 2289 actuatio
606 2225 703 2289 trahit
717 2225 779 2289 duo
790 2224 931 2289 absoluta
945 2225 984 2289 ad
999 2247 1064 2289 esse
1076 2224 1234 2290 relativum
1246 2251 1255 2303 3
1277 2234 1309 2289 et

206 2348 427 2423 consequenter
440 2338 505 2403 hac
520 2339 650 2402 astantia
664 2346 709 2402 est
716 2338 943 2422 fiandomentum
953 2338 1106 2402 relationis
1119 2338 1201 2403 inter
1214 2360 1309 2421 agens

203 2459 234 2517 et
248 2452 376 2537 patiens.

246 2566 299 2628 39.
324 2562 480 2639 Quaeritur
499 2561 733 2645 quintantiam
752 2570 836 2625 actas
857 2564 1016 2625 immanens
1032 2562 1147 2647 ratione
1165 2562 1213 2624 sai
1231 2560 1310 2624 dicut

197 2676 365 2757 passionem
380 2676 580 2736 immutantem
594 2673 749 2735 intrinsece
763 2674 932 2736 subiectum.

246 2781 429 2866 Respondeo
443 2781 593 2865 negative.
638 2782 720 2845 Nam
742 2782 863 2846 inacta
882 2783 1069 2848 immanente
1092 2782 1311 2849 consideranda

204 2903 278 2958 sunt
293 2894 372 2958 duo:
395 2893 495 2978 primo
509 2893 589 2957 actio
603 2869 714 2957 obiecti
727 2916 756 2958 v.
772 2915 820 2978 gr.
836 2894 1047 2981 intelligibilis,
1063 2894 1146 2980 qnod
1160 2894 1309 2980 imprimit

204 3008 334 3095 speciem
349 3009 382 3072 in
401 3008 540 3092 potentia
561 3007 698 3092 passiva:
721 3016 752 3072 et
768 3008 937 3073 secundum
959 3010 1017 3074 boc
1038 3010 1168 3075 habetur
1186 3010 1264 3074 actio
1279 3019 1311 3073 at

202 3120 304 3206 passio
324 3141 396 3184 cum
418 3121 632 3184 immutatione
658 3119 823 3184 intrinseca
845 3120 985 3201 subiecti,
1008 3129 1044 3186 ut
1067 3143 1104 3185 ex
1128 3121 1310 3206 supradictis

203 3233 311 3296 clucet.
358 3231 499 3296 Secundo
521 3231 697 3296 terminatio
722 3240 810 3295 actus
831 3232 935 3316 primi,
950 3255 977 3297 v.
995 3254 1041 3317 gr.
1060 3233 1247 3311 intellectivi,
1270 3233 1310 3297 ad

202 3344 356 3410 obiectum
371 3343 454 3406 utin
476 3343 575 3428 specie
589 3365 742 3428 praeseus:
765 3352 796 3408 ct
812 3344 983 3408 secundum
1002 3344 1061 3408 boc
1075 3343 1160 3408 nulla
1179 3344 1310 3410 habetur

202 3457 367 3521 intrinseca
388 3455 521 3519 mutatio
539 3435 678 3534 subiecti,
693 3463 729 3518 ut
747 3453 809 3518 late
830 3455 1049 3520 declaravimus
1068 3456 1101 3518 in
1123 3463 1256 3520 tractatu
1272 3456 1310 3520 de

202 3568 375 3633 substantia
400 3566 552 3652 spirituali
573 3587 604 3630 n.
620 3567 674 3646 65,
690 3569 743 3645 66,
759 3567 811 3631 67.
855 3567 898 3630 Et
924 3567 1002 3630 ratio
1027 3567 1191 3632 intrinseca
1216 3567 1309 3632 huius

202 3683 246 3745 rei
260 3690 317 3759 est,
332 3681 404 3765 quia
418 3689 505 3744 actus
519 3677 662 3743 intuendi
680 3700 745 3742 non
758 3678 942 3743 terminatur
956 3679 993 3742 ad
1010 3679 1199 3744 intellectum
1214 3680 1309 3764 passi·

202 3815 285 3871 vum,
309 3814 365 3856 nec
391 3792 431 3855 ad
455 3793 520 3856 eina
545 3791 802 3855 modificationem
826 3791 958 3874 praecise,
983 3790 1037 3855 sed
1066 3791 1247 3854 terminatur
1271 3790 1310 3855 ad

202 3904 356 3969 obiectum
371 3903 575 3987 cognoscibile
583 3929 594 3982 ;
616 3911 648 3966 et
663 3903 689 3966 si
704 3902 827 3987 quando
851 3903 962 3968 dicitur
982 3903 1137 3967 terminari
1153 3902 1193 3966 ad
1213 3903 1308 3986 passi·

202 4018 327 4080 vitatem
351 4011 534 4092 intellectus,
551 4036 659 4078 sensus
678 4023 735 4092 cst,
751 4013 835 4098 quod
857 4015 1041 4078 terminatur
1058 4013 1097 4078 ad
1119 4013 1152 4077 id
1172 4013 1256 4099 quod
1275 4015 1308 4079 in

202 4127 379 4212 passivitate
400 4126 574 4190 intellectus
594 4125 778 4209 impressum
805 4126 984 4203 exhibetur;
1008 4149 1101 4210 quare
1126 4126 1239 4190 locutio
1263 4136 1309 4193 est

203 4239 346 4323 elliptica.
391 4238 484 4302 Unde
499 4237 525 4301 si
544 4259 605 4322 qua
619 4238 719 4321 passio
737 4238 899 4321 respondet
914 4238 986 4302 huic
1006 4240 1098 4317 actui,
1114 4262 1149 4303 ea
1164 4239 1310 4306 tribuitur

203 4349 331 4429 obiecto,
347 4359 378 4414 ct
400 4351 473 4415 iacit
496 4347 574 4413 illud
595 4371 631 4412 ex
656 4358 727 4413 actu
744 4349 942 4433 cognoscibili
961 4359 1032 4414 actu
1052 4351 1231 4434 cognitum:
1257 4352 1309 4415 aad
