3200 4975
227 384 302 427 <cum
320 364 391 448 na]
685 387 728 428 nu
746 374 890 429 nonnus.
1090 432 1095 441 ,
1271 356 1334 427 261

230 552 443 636 cognoscibile.
501 556 545 618 7⁰.
568 552 711 640 Denique
736 554 904 639 propositio
927 553 980 617 illa
1003 551 1120 617 laborat
1144 552 1235 617 etiam
1260 550 1335 615 falso

231 664 390 747 supposito
402 690 412 741 ;
435 665 583 748 supponit
606 666 687 728 enim
713 665 831 729 obiecta
851 665 939 728 finita
962 687 1024 728 non
1047 663 1158 728 habere
1181 663 1335 748 propriam

232 772 535 857 cognoscibilitatem,
552 775 605 838 sed
620 775 729 839 debere
743 774 886 858 cognosci
900 797 954 858 per
968 775 1128 838 entitatem
1138 774 1213 852 Dei,
1228 774 1260 837 in
1276 797 1336 859 qua

232 884 317 948 iuxta
335 885 497 971 ontologos
519 886 667 971 quosdam
687 887 903 952 continentur:
926 885 973 950 vel
994 886 1139 970 supponit
1161 874 1250 949 aliam
1265 907 1334 970 pro-

230 994 413 1082 positionem
436 990 500 1081 que
520 1006 582 1063 tuto
603 999 682 1063 tradi
703 1022 761 1062 non
774 1006 885 1082 potest,
900 996 1039 1061 videlicet
1061 996 1145 1082 quod
1160 988 1237 1061 Esse
1251 997 1334 1074 illud,

232 1110 311 1193 qaod
322 1111 354 1172 ia
375 1111 515 1189 omnihus,
531 1119 560 1175 et
581 1113 644 1174 siae
663 1133 720 1194 quo
735 1111 812 1173 nibil
831 1109 1028 1193 intelligimus,
1044 1115 1087 1171 est
1106 1129 1166 1171 esse
1185 1107 1332 1170 divinam:

230 1222 279 1285 vel
300 1221 379 1285 hanc
401 1221 510 1286 aliam:
539 1223 721 1286 Universetic
743 1246 762 1285 a
781 1229 872 1306 porte
889 1223 933 1285 rei
953 1220 1134 1284 considerata
1156 1219 1255 1282 oDeo
1276 1238 1336 1281 noo

232 1334 468 1418 distinguantur:
491 1334 538 1398 vel
564 1334 643 1398 hanc
667 1334 775 1398 aliam:
803 1336 963 1417 Corpenita
993 1333 1053 1394 Dei
1083 1340 1232 1415 tamquam
1262 1332 1337 1394 entis

231 1446 401 1530 simpliciter
411 1448 518 1509 notitia
532 1468 643 1509 omnem
657 1447 746 1510 oliam
755 1446 947 1529 coguitionem
961 1445 1097 1507 eminenti
1111 1441 1194 1506 modo
1204 1440 1334 1514 involvit,

232 1560 276 1623 ito
289 1567 324 1622 at
339 1581 397 1643 per
410 1581 473 1622 eom
488 1581 571 1622 omne
585 1581 645 1637 eas,
659 1561 712 1622 sub
734 1580 913 1642 quonamque
926 1563 1056 1638 respectu
1071 1554 1260 1639 cognoscibile
1282 1560 1335 1629 est,

231 1671 373 1755 ‘implicite
394 1672 541 1755 cognitum
558 1671 730 1734 debeamus:
753 1669 798 1733 vel
819 1669 897 1732 hanc
920 1667 1026 1731 aliam:
1054 1667 1160 1729 Omnes
1179 1666 1244 1728 elie
1267 1664 1337 1727 ideae

233 1805 292 1845 aon
308 1790 377 1845 sant
391 1782 450 1843 nisi
470 1780 700 1866 modificationes
718 1781 797 1858 idere,
814 1802 873 1863 qua
888 1780 971 1843 Deus
992 1787 1139 1860 tamquam
1154 1799 1205 1841 ens
1225 1776 1336 1859 anpli-

232 1895 306 1957 citer
320 1893 514 1976 iatellipitur:
538 1914 607 1976 quae
621 1914 727 1956 omnes
741 1914 778 1955 ex
800 1892 906 1956 eodem
921 1888 1066 1974 rescripto
1087 1890 1119 1953 S.
1136 1887 1250 1971 Congr.
1267 1896 1336 1951 tuto

233 2003 313 2067 tradi
343 2012 509 2087 nequeunt.
570 2001 746 2066 Falsitatem
777 2025 847 2067 vero
876 2000 1070 2065 fundamenti
1102 2022 1163 2083 quo
1192 2000 1336 2062 nituntur

232 2109 430 2179 ostendemus
444 2115 532 2179 infra.

276 2230 329 2292 99.
353 2227 508 2303 Qnaeritur
529 2234 643 2304 octavo,
661 2236 760 2290 atrum
783 2226 945 2291 intellectus
962 2228 1059 2308 possit
1081 2226 1185 2288 tabee
1205 2224 1335 2307 aliquam

232 2340 326 2403 ideam
339 2340 529 2403 anioeaolem
543 2336 683 2402 inactum.

276 2448 459 2534 Respondeo
476 2448 627 2532 negative.
671 2448 760 2512 Nam.
773 2447 842 2512 idea
856 2447 903 2512 vel
924 2448 1055 2512 sumitur
1069 2469 1125 2532 pro
1141 2446 1335 2532 perceptione

232 2562 353 2640 actuali,
369 2561 415 2625 vel
437 2583 493 2647 pro
508 2561 619 2624 notitia
632 2559 792 2638 habituali,
809 2560 855 2623 vel
877 2560 984 2624 saltem
999 2582 1055 2644 pro
1070 2559 1169 2644 specie
1188 2560 1335 2643 impressa

232 2675 265 2737 in
283 2673 450 2738 intellectu.
498 2672 558 2737 Sed
573 2672 672 2758 primo
694 2671 794 2735 omnis
809 2671 936 2735 actualis
950 2670 1103 2755 perceptio
1126 2679 1172 2734 est
1188 2677 1273 2734 actus
1296 2669 1334 2733 ab

233 2787 301 2870 ipso
327 2785 483 2848 intellectu
505 2783 671 2868 procedens
697 2792 728 2847 et
757 2782 874 2846 habens
900 2805 931 2846 se
957 2781 1146 2847 admodum
1171 2780 1335 2846 accidentis

233 2895 421 2960 advenientis
440 2895 609 2959 intellectui
619 2921 629 2974 3
653 2895 678 2958 si
700 2917 773 2978 ergo
795 2893 969 2958 intellectus
990 2916 1045 2977 per
1065 2891 1215 2981 actualem
1232 2915 1335 2977 perce·

233 3008 371 3093 ptionem
402 3006 519 3092 aliquid
545 3006 711 3090 cognoscit,
727 3005 779 3069 illa
809 3006 961 3090 perceptio
990 3027 1053 3068 non
1083 3014 1129 3068 est
1150 3003 1266 3085 innata,
1282 3006 1336 3070 sed

231 3119 390 3204 producta.
445 3118 587 3184 Secundo
616 3119 725 3182 notitia
748 3117 914 3182 habitualis
943 3117 1081 3203 requitur
1111 3119 1333 3202 perceptionem

233 3231 391 3309 actualem,
416 3231 482 3293 sine
508 3253 569 3314 qua
594 3239 641 3294 est
664 3227 871 3314 impossibilis,
898 3239 933 3292 ut
963 3228 1160 3294 dictumest.
1204 3230 1288 3314 Ergo
1317 3254 1337 3295 a

232 3342 350 3406 fortiori
369 3341 455 3405 nulla
477 3341 545 3404 idea
566 3341 731 3405 habitualis
750 3349 796 3404 est
820 3341 936 3405 innata.
981 3340 1083 3404 Tertio
1109 3350 1180 3406 ante
1196 3342 1334 3426 ‚speciem

232 3448 410 3539 impressam
436 3475 558 3517 necesse
584 3462 630 3517 est
657 3453 814 3537 concipere
837 3451 1007 3537 potentiam
1030 3452 1190 3536 passivam,
1215 3453 1248 3518 in
1275 3477 1336 3538 qua

231 3565 345 3650 species
366 3564 502 3649 imprimi
526 3564 632 3649 possit,
654 3573 685 3628 et
709 3564 848 3628 similiter·
871 3563 1020 3628 actionem
1044 3563 1245 3648 intelligibilis
1268 3587 1334 3630 eam

231 3677 445 3762 imprimentis.
492 3677 552 3742 Sed
574 3677 607 3741 in
630 3677 754 3740 homine
776 3669 913 3760 potentia
936 3675 1053 3760 passiva
1074 3676 1247 3741 intellectus
1271 3698 1334 3740 non

232 3797 371 3852 movetur
395 3788 433 3852 ab
456 3788 573 3852 obiecto
596 3810 673 3874 pure
696 3787 892 3871 intelligibili,
919 3788 979 3850 nisi
1007 3786 1089 3851 idem
1113 3788 1265 3852 obiectum
1295 3789 1335 3852 sit

231 3899 323 3963 etiam
343 3899 486 3963 sensibile
506 3909 537 3963 et
552 3908 670 3964 moveat
693 3898 899 3984 passivitatem
920 3921 1037 3979 sensus,
1052 3907 1088 3962 ut
1106 3908 1261 3963 ostensum
1278 3908 1334 3964 eat.

231 4011 314 4095 Ergo
337 4034 401 4076 non
424 4013 459 4075 fit
485 4012 643 4096 impressio
668 4011 721 4074 illa
745 4001 1032 4094 intelligibilis'nisi
1062 4032 1158 4094 quum
1188 4010 1335 4075 excitatur

232 4147 357 4190 sensus:
388 4132 419 4188 et
448 4133 531 4189 tunc.
554 4123 727 4187 intellectus
757 4121 847 4186 debet
880 4120 1054 4185 abstrahere
1086 4121 1168 4185 illam
1204 4123 1333 4206 speeiem

231 4235 455 4320 intelligibilem
485 4235 689 4299 abstractione
718 4233 882 4318 praecisiva,
910 4241 945 4296 ut
976 4233 1036 4296 cito
1065 4233 1273 4314 ostendemus,
1301 4245 1336 4299 ut

232 4369 299 4410 eam
321 4347 523 4411 universalem
543 4345 668 4411 reddat:
692 4345 843 4430 siquidem
865 4345 918 4429 qui
941 4355 1061 4429 ponunt
1085 4346 1216 4432 aliquam
1236 4345 1335 4410 ideam
