3200 4975
283 342 345 404 132
739 360 781 401 nn
799 358 946 402 nonina.
1263 339 1346 421 [cnr.
1365 358 1389 399 1.

281 521 381 589 vitalis
399 530 434 587 ut
453 521 639 601 intellectivi,
659 525 696 587 3⁰
711 524 919 607 passivitatem
939 522 1029 587 aliam
1049 521 1260 601 resultantem,
1283 544 1390 587 secum

282 634 355 699 dam
372 656 464 719 qnam
479 634 581 718 exigat
595 634 661 698 fieri
675 636 828 699 terminus
842 643 929 701 actus
943 635 1043 700 vitalis
1058 642 1094 699 ut
1109 635 1250 699 effectivi.

326 744 463 809 'landem
478 744 563 829 quod
577 745 687 810 attinet
702 747 741 810 ad
756 748 907 811 actualem
922 768 1045 825 nexum,
1055 747 1109 831 qui
1123 746 1215 811 tertio
1228 746 1295 811 loco
1310 746 1391 831 posi-

284 865 335 921 tus
350 864 406 936 est,
421 856 651 936 advertendum,
667 858 852 942 principium
873 858 963 921 vitale
978 868 1009 922 et
1025 858 1190 922 terminum
1206 858 1391 944 inpotentia

283 968 378 1033 vitam
403 966 577 1045 habentem,
602 977 694 1052 pmut
720 968 896 1053 conspirant
919 969 952 1032 in
973 990 1067 1033 unam
1088 979 1231 1033 naturam
1251 969 1390 1047 viventis,

283 1078 408 1145 tendere
423 1078 462 1144 ad
477 1078 639 1144 vivendum
655 1080 744 1145 unica
758 1080 830 1160 vita,
853 1101 946 1166 quam
969 1102 1065 1144 unum
1090 1080 1153 1159 dat,
1175 1080 1253 1145 alius
1271 1080 1389 1164 recipit.

284 1192 387 1269 Quare
412 1190 548 1255 formalis
573 1191 733 1256 resultatio
756 1191 827 1255 talis
857 1191 1090 1277 conspirationis
1113 1192 1190 1255 nihil
1216 1191 1299 1256 aliud
1325 1215 1390 1256 esse

284 1310 396 1386 potest,
407 1302 467 1367 nisi
482 1302 585 1367 unitas
600 1304 680 1382 vitae,
696 1327 764 1389 quae
778 1313 825 1368 est
841 1304 873 1367 in
894 1305 1073 1389 composito,
1088 1313 1119 1368 et
1134 1326 1190 1389 per
1204 1327 1297 1389 quam
1309 1327 1391 1369 com-

284 1414 419 1499 positum
434 1415 535 1499 ipsum
556 1424 603 1479 cst
625 1438 680 1500 per
703 1438 735 1479 se
758 1437 866 1479 unum.
913 1415 989 1480 Haec
1012 1416 1115 1481 unitas
1139 1415 1207 1479 vitae
1231 1416 1392 1479 constituit

282 1524 462 1590 relationem
476 1527 771 1591 transcendentalem
787 1527 896 1591 animae
910 1526 950 1591 ad
970 1550 1079 1613 corpus
1102 1526 1296 1605 vivificatum,
1312 1538 1343 1591 et
1359 1551 1392 1591 se

283 1637 424 1703 hebetia
439 1660 502 1702 uno
521 1661 576 1723 per
591 1662 623 1703 se
638 1639 757 1703 vivente
776 1638 910 1703 naturali
933 1640 1013 1704 siout
1033 1639 1136 1703 unitas
1159 1638 1338 1704 substantiae
1358 1640 1390 1703 in

284 1772 348 1815 uno
361 1772 416 1836 per
430 1773 463 1815 sc
478 1750 690 1817 substantiali:
712 1759 743 1814 et
762 1760 809 1816 est
831 1750 966 1815 formalis
982 1750 1121 1835 quaedam
1136 1750 1268 1814 amicitia
1282 1751 1392 1815 animae

285 1860 324 1926 ad
339 1884 450 1948 corpus
465 1871 495 1926 et
510 1862 652 1941 vicissim,
668 1861 707 1926 ad
722 1862 926 1926 imitationem
940 1862 1022 1926 illius
1038 1862 1178 1927 amicitiae
1193 1885 1284 1948 quam
1299 1863 1392 1927 habet

284 1973 413 2059 spiritus
428 1974 468 2038 ad
482 1974 625 2059 scipsum,
643 1982 677 2038 ut
693 1974 810 2038 dictum
826 1974 920 2038 estin
942 1974 1128 2058 praecedente
1148 1982 1279 2038 tractatu
1301 1977 1343 2057 (n.
1360 1978 1392 2053 9,

289 2088 340 2165 10,
358 2088 423 2170 ll),
439 2108 531 2170 quem
546 2085 625 2151 vide.

331 2196 427 2264 Valde
439 2207 541 2261 autem
556 2197 726 2261 notandum
743 2206 799 2277 est,
816 2196 895 2262 banc
909 2198 1031 2263 unicam
1048 2198 1138 2263 vitam
1156 2197 1265 2261 animae
1280 2206 1310 2261 et
1325 2220 1391 2262 cor·

286 2307 370 2393 poris
389 2330 454 2371 esse
480 2308 642 2373 animalem
665 2332 719 2373 seu
737 2309 923 2389 sensitivam,
948 2332 1011 2374 non
1032 2320 1134 2373 autem
1157 2310 1279 2394 praecise
1303 2310 1391 2395 spiri·

286 2419 401 2484 tualem
427 2428 458 2484 et
483 2420 711 2486 intellectivam.
765 2422 833 2484 Iam
859 2422 942 2486 enim
969 2421 1155 2486 dictumest
1182 2445 1284 2508 supra,
1309 2424 1392 2509 quod

286 2534 389 2598 anima
402 2543 449 2598 est
463 2535 561 2598 forma
575 2534 709 2619 corporis
725 2555 786 2596 non
804 2541 838 2596 ut
858 2533 932 2598 dicit
952 2543 1054 2599 actam
1071 2535 1260 2620 spiritualem
1275 2537 1391 2601 incom-

286 2646 416 2730 pletum,
437 2647 491 2712 sed
513 2656 548 2710 ut
566 2646 640 2711 dicit
657 2646 756 2730 ipsam
775 2645 979 2710 substantiam
1000 2646 1189 2731 spiritualem
1210 2649 1391 2732 completam

285 2758 318 2822 in
334 2781 389 2822 suo
403 2782 479 2838 esse,
501 2759 637 2844 adeoque
651 2758 804 2822 fruentem
827 2758 1068 2841 independenter
1083 2781 1102 2822 a
1116 2780 1240 2842 corpore
1260 2782 1315 2824 sua
1330 2761 1393 2825 vita

286 2871 446 2955 spirituali,
462 2895 530 2957 quae
545 2880 618 2950 tota,
634 2879 671 2935 ut
686 2871 739 2950 sic,
754 2871 786 2934 in
810 2871 877 2956 ipso
900 2869 1012 2954 spiritu
1028 2869 1270 2935 substantialiter
1285 2872 1390 2936 termi-

287 2991 389 3063 natur,
403 2994 434 3049 et
453 2983 614 3048 constituit
632 2982 720 3046 illum
740 2981 774 3045 in
792 2989 864 3046 actu
882 2981 981 3066 primo
999 2980 1038 3045 ad
1060 2981 1299 3046 informandum.
1345 2983 1391 3047 Ex

286 3115 348 3178 quo
362 3095 509 3180 sequitur,
525 3095 618 3158 vitam
633 3092 822 3178 spiritualem
838 3093 922 3177 prius
934 3101 1044 3158 natura
1051 3093 1183 3176 intelligi
1194 3116 1284 3178 quam
1297 3093 1390 3158 vitam

287 3206 460 3285 animalem,
476 3215 506 3270 et
522 3206 614 3270 vitam
629 3205 727 3289 ipsam
743 3204 906 3268 animalem
921 3226 984 3268 non
1000 3204 1104 3269 haberi
1126 3205 1186 3268 nisr
1208 3227 1263 3289 per
1286 3207 1392 3270 termi-

286 3319 441 3383 nationem
461 3318 631 3382 naturalem
645 3317 715 3381 vitae
730 3316 895 3401 spiritualis
911 3316 950 3380 ad
964 3338 1074 3401 corpus
1088 3317 1275 3400 organicum.
1321 3317 1390 3381 Dif-

285 3430 390 3494 ferunt
408 3452 482 3514 ergo
503 3430 566 3494 vita
588 3428 755 3515 spiritualis
777 3452 794 3492 a
818 3428 879 3492 vita
900 3429 1025 3493 animali
1045 3439 1082 3493 ut
1104 3439 1190 3493 actus
1212 3429 1330 3513 primus
1352 3430 1392 3494 ab

287 3551 358 3607 actu
381 3542 525 3621 secundo,
544 3564 599 3606 seu
618 3550 653 3605 ut
674 3542 772 3605 forma
794 3541 995 3606 terminabilis
1018 3541 1057 3606 ad
1083 3565 1170 3606 suam
1193 3543 1350 3606 materiam
1374 3566 1392 3608 a

287 3656 385 3719 forma
406 3655 446 3718 ad
467 3653 605 3719 eamdem
625 3655 797 3718 terminata.
845 3648 925 3730 Quia
949 3663 1050 3718 tamen
1074 3654 1170 3718 sorma
1190 3654 1391 3719 terminabilis

286 3789 350 3831 non
370 3775 417 3832 est
434 3766 493 3832 alia
515 3767 613 3831 forma
634 3789 652 3830 a
673 3768 771 3831 forma
793 3766 966 3844 terminata,
989 3765 1043 3830 sed
1064 3765 1170 3830 eadem
1193 3767 1251 3830 sub
1275 3767 1392 3832 diverso

285 3888 426 3964 respectu
440 3878 638 3956 considerata,
653 3876 721 3941 ideo
736 3877 828 3942 etiam
849 3877 911 3942 vita
931 3877 1097 3962 spiritualis
1120 3886 1150 3940 et
1166 3878 1228 3942 vita
1250 3879 1391 3944 animalis

286 4013 349 4055 non
365 4000 438 4055 sunt
454 3990 522 4055 duae
536 3990 615 4068 vitae,
632 3989 685 4052 sed
700 4012 762 4053 una
777 3997 808 4052 et
823 3988 927 4052 eadem
944 3988 1001 4052 sub
1017 3987 1133 4052 diverso
1149 3998 1306 4073 respecta:
1330 3992 1391 4076 spi.

285 4103 416 4181 ritualis',
431 4110 522 4186 prout
538 4100 708 4186 completur
723 4100 754 4163 in
771 4100 892 4185 spiritu,
910 4108 941 4163 et
961 4099 1033 4164 facit
1051 4122 1121 4164 eum
1143 4101 1242 4184 primo
1263 4103 1390 4167 artuati-

287 4239 359 4278 vum
376 4216 490 4280 vitaein
506 4237 647 4300 corpore:
671 4213 821 4292 animalis,
843 4222 934 4297 prout
955 4212 1137 4276 terminatur
1157 4213 1337 4278 naturaliter
1351 4215 1391 4279 ad

285 4349 407 4411 corpus,
423 4326 574 4390 actuando
588 4326 620 4388 in
637 4348 672 4389 eo
687 4327 780 4391 vitam
795 4325 828 4389 in
844 4335 914 4389 actu
930 4326 1073 4390 secundo.
1118 4325 1158 4388 nt
1174 4325 1217 4391 sic
1238 4326 1331 4391 relate
1350 4329 1389 4392 ad
