3200 4975
709 1142 793 1232 DE

200 1470 716 1578 constiutit
799 1470 1297 1578 SPIRITUALI.

523 1858 949 1867 m

197 2136 225 2195 1.
253 2090 564 2198 SPIRITUALEM
587 2129 790 2193 substantiam
809 2129 939 2193 dicimus
957 2151 1034 2207 eam,
1050 2129 1137 2194 cuins
1152 2131 1294 2215 proprius

195 2252 280 2307 actus
305 2254 351 2306 est
377 2242 567 2325 intelligere:
591 2250 636 2305 est
662 2251 765 2305 autem
789 2241 932 2318 increata,
952 2240 1000 2304 vel
1024 2250 1132 2305 ereata.
1178 2242 1226 2305 De
1250 2243 1297 2306 in·

194 2365 294 2419 creata
309 2378 362 2418 scu
377 2354 445 2417 Deo
460 2354 563 2437 agitur
576 2354 609 2416 in
624 2352 797 2435 theologia:
822 2352 859 2415 de
877 2363 977 2416 creata
996 2376 1059 2417 non
1080 2353 1179 2418 solent
1198 2354 1297 2438 philo·

194 2466 283 2552 sophi
308 2466 424 2552 aliquid
447 2465 555 2544 dicere,
573 2475 775 2550 praeterquam
801 2464 834 2528 in
860 2464 1066 2550 psychologia,
1087 2466 1120 2529 in
1145 2489 1206 2551 qua
1225 2490 1297 2531 con·

195 2579 329 2642 siderant
349 2588 489 2644 naturam
508 2601 543 2642 ac
562 2577 722 2641 facultates
741 2575 851 2641 animae
871 2578 1026 2656 humanae,
1047 2588 1139 2662 prout
1164 2601 1201 2642 ex
1225 2602 1297 2664 ope·

194 2691 364 2754 rationibus
381 2691 541 2754 hominum
562 2689 705 2774 cognosci
727 2702 867 2773 possunt.
913 2688 1123 2753 Nihilominus
1148 2700 1296 2756 tractatus

194 2803 333 2886 specialis
349 2803 387 2866 de
401 2825 479 2886 puro
495 2801 605 2886 spiritu
619 2801 667 2864 vel
682 2809 753 2864 ante
768 2800 868 2884 ipsam
882 2799 1111 2885 psychologiam
1126 2823 1189 2865 non
1204 2803 1296 2867 modo

159 2950 161 2954 ·
193 2936 256 2977 non
282 2913 411 2992 inutilis,
436 2913 605 2977 sedetiam
622 2911 709 2976 valde
732 2919 924 2995 opportunus
949 2910 1025 2974 mihi
1044 2911 1173 2990 videtur,
1198 2921 1234 2976 ut
1259 2936 1297 2978 cx

192 3025 316 3109 cognita
331 3025 510 3090 substantiae
525 3023 691 3108 spiritualis
706 3045 769 3086 non
783 3021 888 3086 minus
898 3045 989 3107 quam
999 3022 1163 3087 materialis
1174 3032 1295 3104 natura,

193 3137 350 3220 adipsum
370 3145 511 3200 naturam
533 3134 694 3218 compositi
717 3133 847 3198 humani
870 3134 1058 3198 commodior
1076 3134 1224 3199 transitus
1247 3137 1294 3200 in·

193 3248 340 3312 veniatur.
386 3247 559 3312 Fatendum
582 3247 706 3331 quidem
729 3254 776 3309 est
797 3268 869 3310 cum
885 3246 916 3308 S.
933 3245 1051 3310 'l'horna
1071 3248 1189 3328 (contra
1210 3256 1295 3331 gent.

192 3357 244 3421 lib.
262 3358 325 3422 ΙΙΙ.
348 3381 374 3422 c.
391 3360 445 3440 46)
471 3357 554 3442 quod
569 3358 603 3420 de
618 3359 783 3422 substantie
799 3357 990 3422 intellectuali
1004 3357 1084 3422 uallo
1099 3360 1182 3422 modo
1197 3361 1296 3444 coqui·

193 3471 299 3533 tionem
322 3471 453 3553 campere
472 3491 635 3552 possemus,
653 3468 712 3532 uisi
735 3469 789 3532 doc
811 3471 915 3551 ipsum,
934 3469 1013 3551 quod
1030 3477 1073 3533 est
1091 3470 1295 3550 intellectuale,

191 3583 289 3644 anima
304 3589 406 3644 nostru
421 3603 458 3643 ea
472 3581 568 3662 empse
584 3585 787 3662 coynosceret:
811 3579 886 3641 unde
900 3586 930 3642 et
943 3579 1068 3642 scientio
1091 3580 1126 3642 de
1147 3581 1296 3646 intellectu

191 3693 294 3756 animae
308 3700 422 3776 oportet
436 3693 482 3756 uti
490 3700 523 3756 ut
532 3693 682 3774 principio
694 3691 839 3753 adomnia
850 3712 914 3772 quce
923 3691 958 3753 de
968 3690 1141 3754 substantiis
1151 3695 1296 3772 separatis

191 3807 397 3887 coquoscimus.
444 3803 506 3868 Sed
525 3803 649 3886 cognito
670 3801 764 3864 semel
778 3824 815 3864 ex
829 3800 918 3864 nobis
933 3801 1006 3884 ipsis
1023 3801 1098 3885 quid
1113 3802 1153 3865 sit
1168 3825 1233 3867 ease
1247 3804 1295 3867 in-

192 3913 373 3992 tellectuale,
391 3914 451 3978 iarn
476 3913 555 3976 nihil
579 3913 680 3976 obstat
706 3910 871 3997 quominus
890 3911 928 3976 de
951 3912 1122 3976 substantia
1144 3913 1295 3997 spirituali

193 4026 361 4090 secundum
382 4049 414 4090 se
432 4025 621 4090 considerata
634 4024 837 4108 inquiramus,
853 4021 928 4107 qnid
944 4023 994 4102 sit,
1009 4023 1122 4108 quibus
1137 4025 1295 4092 attributis

192 4137 332 4220 gaudeat,
348 4145 378 4202 et
394 4159 455 4222 qua
469 4136 587 4201 ratione
601 4143 750 4220 operetur.
787 4134 863 4199 Haec
879 4134 1036 4219 inquisitio
1049 4158 1146 4219 quum
1159 4137 1246 4218 mihi,
1258 4146 1295 4204 ut

192 4248 263 4326 dixi,
278 4271 341 4312 non
359 4248 541 4313 mediocrem
560 4247 726 4311 utilitatem
743 4246 856 4316 habere
871 4245 1010 4311 videatur
1027 4247 1065 4310 ad
1082 4247 1239 4313 scientiam
1254 4249 1294 4314 dc

193 4359 296 4424 anima
317 4359 572 4444 amplificandam,
594 4357 809 4424 illustrandam
835 4367 866 4423 et
894 4358 1120 4442 perficiendam,
1143 4359 1226 4424 hunc
1256 4359 1293 4424 de

1064 4491 1084 4532 s
1100 4474 1121 4532 2
