3200 4975
230 401 302 444 cxx.
319 380 389 465 nn]
610 399 653 442 oa
670 399 927 443 accrnnnmccs.
1265 380 1330 445 393

229 568 314 651 prius
329 566 513 645 inauditum,
528 576 560 629 et
575 566 673 629 dicere
691 568 1055 644 transsubstantiationem,
1071 574 1106 629 ut
1120 586 1227 629 omnes
1240 564 1330 629 intel-

228 676 370 759 ligerent,
382 676 583 740 mutationem
596 675 663 738 fieri
676 675 709 738 in
724 675 896 740 substantia
911 676 1018 738 nonin
1030 684 1147 739 natura
1179 675 1331 740 Oaeterum

228 787 322 849 etiarn
336 784 449 850 natura
468 786 602 850 hnmana
624 785 788 870 singularis
808 794 840 850 et
859 807 987 870 persona
1010 808 1129 870 semper
1150 786 1331 869 significavit

229 920 327 962 unum
347 908 379 962 et
397 898 489 975 idem,
510 920 606 983 quum
628 907 737 964 natura
754 897 890 961 hominis
910 897 950 961 sit
970 896 1153 981 personalia:
1177 907 1208 961 et
1227 905 1332 962 tamen

182 1027 186 1033 ·
228 1011 261 1073 in
276 1010 422 1096 mysterio
436 1008 662 1073 Inearnationis
676 1009 814 1073 videmus
835 1030 956 1072 manere
977 1018 1120 1072 naturam
1143 1008 1330 1093 singularem

229 1121 350 1205 propria
370 1120 585 1205 personalitate
606 1120 741 1184 humana
763 1120 923 1205 privatam,
946 1128 977 1184 et
996 1118 1211 1203 personalitate
1229 1120 1331 1185 divina

229 1234 464 1299 subsistentem:
487 1233 595 1298 similis
624 1256 698 1317 ergo
727 1244 774 1298 est
803 1234 880 1298 ratio
909 1233 942 1296 in
970 1232 1180 1298 Eucharistia:
1203 1242 1234 1297 et
1263 1234 1332 1299 ideo

228 1345 313 1408 nulla
334 1346 432 1409 oritur
453 1345 616 1408 difficultas
639 1368 675 1408 ex
696 1367 732 1408 eo
754 1345 838 1430 quod
859 1354 970 1408 natura
999 1344 1087 1428 panis
1109 1353 1140 1408 et
1161 1346 1332 1410 substantia

227 1435 315 1541 panis
330 1464 415 1519 cotra
429 1457 602 1520 mirandam
616 1464 780 1519 sumantur
793 1477 850 1539 pro
865 1454 981 1518 eodem.

271 1571 324 1632 84.
352 1568 479 1631 Obiicies
493 1572 537 1630 4⁰.
561 1566 678 1650 Nequit
700 1567 843 1651 intelligi,
867 1567 1020 1651 quomodo
1043 1567 1170 1631 materia
1188 1576 1219 1631 et
1234 1569 1332 1632 forma

229 1678 288 1743 sibi
308 1679 541 1743 coinexistentes
567 1678 776 1758 essentialiter,
799 1679 919 1763 possint
941 1677 1052 1762 privari
1075 1679 1191 1742 ratione
1213 1680 1333 1744 essendi

228 1791 260 1853 in
276 1813 319 1854 se.
362 1791 446 1875 Ergo
461 1790 487 1854 si
501 1790 581 1875 perit
595 1792 673 1855 ratio
693 1790 871 1855 substantia
890 1790 989 1875 panis,
1010 1790 1090 1874 perit
1105 1791 1195 1855 etiarn
1212 1800 1331 1856 natura.

272 1901 454 1986 Respondeo
478 1905 511 1965 1⁰
531 1902 590 1966 hoc
619 1911 837 1986 argumentum
866 1901 945 1964 nihil
971 1901 1069 1965 valere
1099 1901 1132 1964 in
1162 1925 1195 1965 re
1225 1924 1331 1986 super·

229 2014 371 2093 naturali,
386 2014 419 2077 in
437 2037 498 2098 qua
517 2036 623 2077 omnes
643 2021 816 2097 agnoscunt
839 2012 974 2097 superari
995 2013 1119 2097 penitus
1134 2013 1212 2077 vires
1235 2014 1332 2078 nostri

228 2126 420 2189 intellectus:
442 2135 473 2188 et
499 2126 525 2188 si
550 2132 768 2208 argumentum
790 2124 912 2203 valeret,
941 2124 981 2188 ad
1008 2146 1133 2188 usuram
1162 2125 1332 2209 retorqueri

229 2244 332 2319 posset
345 2237 379 2299 in
394 2258 454 2315 eos,
470 2237 523 2321 qui
538 2236 626 2301 aliam
642 2235 810 2321 quamlibet
824 2235 992 2325 explicandi
1007 2236 1157 2299 rationem
1177 2236 1312 2299 inierimt
1320 2262 1330 2313 ;

229 2346 364 2431 plerique
378 2347 460 2410 enim
475 2347 518 2409 ita
531 2346 692 2430 explicant,
709 2355 744 2410 nt
758 2368 815 2430 pro
830 2344 914 2409 omni
933 2367 1012 2409 nova
1032 2344 1210 2409 difficultate
1228 2368 1332 2409 recur-

216 2452 298 2523 rant
312 2458 351 2523 ad
366 2481 480 2524 novum
500 2458 698 2524 miraculum:
722 2456 805 2543 quod
819 2456 852 2521 in
868 2464 973 2522 nostra
992 2456 1191 2542 explicatione
1206 2479 1270 2537 non
1285 2467 1331 2522 est

227 2571 440 2635 necessarium.

271 2680 452 2765 Respondes
472 2683 507 2744 2⁰
522 2687 612 2744 trans.
634 2687 841 2743 autumna.
887 2678 960 2741 Non
983 2678 1064 2740 enim
1087 2678 1190 2762 agitur
1212 2678 1250 2742 de
1271 2679 1329 2743 tol-

229 2789 320 2853 lenda
343 2789 519 2874 simpliciter
544 2788 773 2852 coinexistentia
794 2787 928 2852 materiae
947 2788 980 2851 in
1000 2787 1099 2851 forma
1113 2796 1144 2852 et
1157 2788 1221 2852 vice
1237 2811 1330 2868 versa,

231 2901 285 2965 sed
298 2902 401 2985 agitur
414 2900 453 2964 de
471 2899 606 2964 tollenda
625 2899 742 2963 ratione
763 2898 884 2962 essendi
903 2898 936 2962 in
958 2921 990 2962 se
1004 2901 1113 2982 primo,
1129 2921 1197 2984 quae
1211 2900 1331 2966 tollitur

213 3017 282 3096 'per
304 3034 413 3076 novam
439 3011 702 3090 sustentationem,
732 3020 769 3074 nt
798 3031 890 3093 supra
919 3010 1100 3093 explicatum
1126 3019 1183 3089 est,
1210 3011 1329 3077 etiamsi

230 3124 356 3187 materia
379 3132 410 3186 et
432 3123 530 3186 forma
553 3129 683 3205 pergant
706 3120 764 3185 sibi
789 3120 959 3184 inexistere.
1004 3121 1046 3184 Et
1068 3120 1149 3184 idem
1170 3122 1277 3186 accidit
1297 3122 1330 3186 in

231 3235 375 3320 mysterio
384 3233 624 3297 Inearnationis:
648 3232 681 3295 in
696 3254 758 3316 quo
772 3254 835 3295 non
851 3231 954 3314 agitur
965 3231 1002 3295 de
1016 3231 1151 3296 tollendo
1166 3233 1331 3299 intrinseco

230 3345 452 3430 complemento
478 3352 595 3408 naturae
616 3343 757 3407 humanae
779 3343 951 3428 singularis,
975 3343 1029 3407 sed
1050 3343 1088 3407 de
1110 3343 1244 3409 tollenda
1265 3345 1331 3410 eius

230 3459 397 3522 ultimitate.

273 3567 454 3652 Respondeo
469 3569 504 3629 3⁰
518 3589 583 3630 esse
598 3565 730 3649 aliquem
746 3565 872 3629 modum
889 3587 951 3628 rem
968 3564 1139 3648 explicandi
1154 3587 1208 3649 per
1223 3567 1330 3632 simili-

230 3679 379 3742 tudinem.
433 3677 572 3762 Exempli
601 3698 701 3753 cansa,
731 3675 757 3738 si
786 3675 914 3758 angelus
944 3677 1039 3760 possit
1069 3677 1212 3741 virtutem
1243 3701 1330 3742 suam

232 3789 418 3873 spiritualem
438 3789 482 3852 ita
501 3798 623 3852 externe
646 3787 833 3865 coordinare,
854 3796 890 3851 ut
905 3811 921 3851 e
937 3787 1077 3871 pluribus
1096 3789 1220 3873 punctis
1240 3791 1330 3874 spatii

231 3908 302 3984 agat
316 3900 434 3963 actione
449 3899 583 3963 sensibili
598 3899 630 3962 in
646 3898 749 3962 oculos
763 3899 812 3963 vel
831 3899 864 3961 in
885 3898 943 3961 alia
965 3920 1117 3982 corporea,
1140 3910 1175 3962 ut
1199 3899 1330 3964 diximus

232 4013 264 4075 in
279 4020 412 4074 tractatu
428 4010 467 4076 de
482 4011 654 4074 substantia
669 4009 820 4093 spirituali
838 4012 880 4093 (n.
898 4013 965 4092 54),
985 4009 1181 4073 habebuntur
1201 4011 1330 4075 totidem

231 4133 335 4188 centra
364 4122 518 4185 actionum
546 4122 804 4198 locomotivarum,
834 4143 870 4185 ex
898 4121 1010 4204 quibus
1038 4121 1144 4185 eadem
1173 4121 1331 4205 impressio

232 4237 346 4298 orietur
360 4234 392 4297 in
409 4231 521 4295 nostris
536 4230 685 4309 sensibus,
701 4252 735 4294 ac
751 4231 776 4294 si
791 4253 861 4296 vera
877 4231 1009 4294 materiae
1023 4244 1138 4313 puncta
1157 4231 1329 4297 existerent.

234 4345 400 4420 Quodlibet
429 4353 531 4408 autem
561 4342 708 4406 eiusmodi
738 4351 876 4406 centrum
909 4342 1032 4406 haberet
1063 4351 1162 4406 totum
1191 4342 1223 4407 id
1250 4344 1332 4427 quod
