3200 4975
217 353 289 396 car.
307 334 377 417 111.]
623 357 666 399 an
683 357 938 402 accrouumaos.
1257 340 1320 401 385

218 521 348 583 cautant
362 521 394 582 ia
407 541 456 598 se3
479 541 552 603 ergo
567 519 869 586 transsubstantiatio
883 520 1026 584 transfert
1042 544 1060 584 a
1074 543 1152 604 pane
1172 520 1319 585 rationem

218 629 319 714 primo
333 629 479 695 existendi
494 631 526 693 in
542 653 584 709 se,
600 654 663 695 non
678 641 780 695 autem
792 632 1037 696 terminationem
1051 631 1157 695 formae
1172 632 1210 696 ad
1227 643 1320 696 mate-

220 740 315 805 riam:
339 744 373 804 3⁰
398 741 700 806 transsubstantiatio
724 764 788 805 non
813 744 849 806 fit
873 765 927 827 per
944 742 1076 827 aliquam
1093 742 1320 825 generationem

221 863 274 916 aut
296 854 540 936 corruptionem,
574 854 777 939 nequeenim
800 862 964 937 generatur
986 875 1095 937 corpus
1119 851 1244 931 Christi,
1268 854 1321 916 sed

221 962 302 1025 idem
325 962 408 1047 quod
428 962 487 1026 iam
506 963 607 1027 existit
624 964 660 1026 fit
679 985 810 1047 praesens
831 962 888 1027 sub
907 962 1083 1047 speciebus:
1106 984 1168 1025 non
1187 984 1260 1046 ergo
1282 962 1321 1025 ad

220 1074 278 1137 hoo
293 1083 329 1137 nt
344 1075 397 1138 fiat
412 1097 553 1157 praesens,
563 1096 685 1138 necesse
700 1083 747 1138 est
761 1082 798 1137 ut
809 1083 1022 1157 corrumpatur
1031 1072 1205 1136 terminatio
1215 1071 1320 1135 formae

218 1185 257 1249 ad
280 1186 456 1263 materiam:
480 1186 574 1249 immo
597 1209 693 1271 quum
720 1185 819 1248 forma
844 1194 874 1248 et
897 1184 1024 1247 materia
1042 1182 1242 1246 essentialiter
1261 1183 1320 1246 sibi

217 1296 425 1375 coinexistant,
450 1297 604 1380 corruptio
632 1295 782 1360 eiusmodi
811 1293 1003 1379 aequivaleret
1032 1292 1265 1357 annihilationi:
1288 1306 1320 1358 et

218 1406 282 1471 haec
296 1430 359 1471 uon
374 1406 467 1471 habet
481 1406 582 1471 locum
597 1408 630 1469 in
645 1407 702 1470 hoo
717 1406 872 1491 mysterio.
917 1404 1001 1487 Ergo
1014 1412 1138 1467 manent
1154 1404 1277 1467 materia
1288 1414 1320 1468 et

216 1518 315 1581 torma
332 1518 563 1594 elementorum,
584 1524 708 1599 excepto
725 1516 809 1600 quod
831 1523 900 1599 post
923 1512 1189 1591 consecrationem,
1212 1523 1319 1598 utpote

217 1631 249 1691 ia
278 1628 337 1692 olio
367 1627 638 1713 supernaturaliter
666 1628 840 1705 existentes,
869 1625 1018 1691 rationem
1048 1624 1226 1689 substantiae
1255 1647 1318 1689 non

217 1739 341 1823 habeut.

259 1850 412 1914 Probatur
440 1850 573 1913 secundo
604 1872 640 1914 ex
664 1858 774 1913 natura
804 1848 1006 1914 accidentium
1043 1847 1317 1913 sacramentalium.

219 1963 301 2027 Nam
324 1966 357 2025 1⁰
380 1968 499 2025 constat
521 1984 556 2023 ex
577 1961 715 2024 doctrina
729 1961 885 2025 communi
900 1970 931 2024 et
946 1969 1036 2037 certa,
1052 1958 1218 2023 accidentia
1234 1960 1320 2041 panis

217 2097 350 2138 mouere:
374 2095 495 2137 manere
521 2082 622 2136 autem
649 2095 711 2136 non
735 2081 880 2136 connotat
904 2071 1020 2155 aliquid
1037 2071 1074 2134 de
1094 2092 1172 2135 novo
1191 2069 1317 2147 factum,

218 2184 271 2247 sed
286 2183 363 2248 illud
378 2183 458 2247 idem
475 2183 558 2267 quod
572 2184 657 2267 prius
672 2183 751 2248 fuit:
775 2206 812 2247 ex
827 2204 888 2267 quo
904 2183 1041 2267 sequitur
1062 2181 1146 2266 quod
1168 2185 1318 2265 quantitas

218 2318 319 2358 moasae
333 2295 437 2359 eadem
453 2304 573 2357 maneat
587 2303 659 2358 ante
673 2306 705 2358 et
719 2302 788 2379 post
804 2293 1076 2357 consecrationem:
1101 2315 1174 2377 ergo
1190 2301 1221 2356 et
1236 2293 1316 2356 idem

216 2428 361 2470 numerus
375 2414 553 2470 naturarum
569 2405 790 2469 materialium:
814 2428 886 2469 nam
901 2405 1055 2490 quantitas
1070 2427 1177 2469 massae
1191 2427 1253 2468 non
1269 2418 1316 2467 est

214 2518 330 2604 aliquid
345 2518 575 2602 superadditum
590 2518 708 2582 naturis
723 2517 977 2602 componentibus
992 2539 1134 2594 massam,
1145 2525 1181 2580 ut
1192 2516 1316 2580 evidens

213 2641 277 2695 est:
301 2631 408 2713 positis
430 2630 512 2694 euim
535 2630 640 2693 decem
662 2628 831 2706 elementis,
850 2629 975 2712 ponitur
997 2627 1135 2711 quaedam
1159 2650 1266 2704 massa,
1285 2638 1316 2691 et

214 2741 285 2804 licet
314 2762 350 2802 ea
378 2740 521 2802 amittant
548 2739 696 2801 rationem
721 2738 909 2816 substantiae,
931 2748 1056 2802 manent
1082 2748 1186 2802 tamen
1212 2738 1314 2802 decem

212 2860 331 2914 naturae
352 2848 552 2913 accidentales
574 2871 658 2932 aeque
681 2849 902 2912 constituentes
924 2871 1065 2926 massam,
1077 2849 1147 2912 licet
1169 2850 1232 2913 haeo
1250 2850 1317 2933 ipsa

216 2985 316 3025 massa
330 2983 393 3024 non
409 2961 449 3024 sit
464 2959 596 3044 amplius
610 2960 643 3022 in
659 2982 690 3023 se
706 2959 759 3023 sed
775 2960 805 3021 in
823 2959 882 3022 alio
896 2959 1038 3037 existens,
1053 2968 1084 3023 et
1102 2959 1210 3024 habeat
1226 2961 1316 3024 ratio-

214 3096 284 3136 nem
307 3072 481 3137 accidentis.
527 3072 614 3135 Idem
636 3070 800 3136 dicendum
824 3071 861 3134 de
884 3073 1049 3154 quantitate
1070 3073 1232 3151 voluminis,
1248 3095 1317 3157 quae

215 3194 317 3248 manet
341 3184 457 3262 eadem,
481 3183 551 3247 licet
577 3183 700 3247 termini
723 3183 893 3246 materiales
920 3183 1157 3247 determinantes
1186 3183 1315 3247 limitem

215 3297 306 3380 spatii
331 3295 470 3379 occupati
496 3296 639 3359 amittant
659 3295 808 3358 rationem
832 3294 951 3358 essendi
980 3295 1013 3357 in
1038 3317 1089 3360 se:
1123 3316 1185 3358 non
1214 3302 1317 3364 autem

211 3417 346 3471 maneret
361 3407 476 3484 eadem,
492 3407 585 3469 immo
600 3405 687 3468 nullo
702 3415 789 3489 paeto
804 3413 950 3482 muneret,
966 3404 992 3468 si
1007 3404 1129 3468 termini
1144 3405 1315 3469 materiales

212 3527 443 3583 evanescerent:
466 3518 514 3581 his
529 3519 610 3580 enim
627 3517 754 3581 sublatis
768 3517 869 3579 omnis
884 3517 960 3579 ratio
983 3516 1071 3580 realis
1086 3516 1249 3580 voluminis
1269 3527 1315 3580 est

212 3630 417 3713 impossibilis.
463 3629 497 3692 si
526 3651 598 3713 ergo
628 3636 732 3691 manet
761 3626 866 3690 eadem
897 3627 1053 3711 quantitas
1077 3649 1184 3691 massae
1209 3636 1239 3691 et
1264 3652 1314 3692 vo-

212 3740 347 3817 luminis,
363 3749 488 3803 mauent
504 3739 722 3803 elementorum
740 3746 866 3802 naturae.
910 3740 954 3800 2⁰.
979 3737 1034 3799 nst
1053 3737 1084 3800 in
1107 3737 1314 3803 accidentibus

212 3849 418 3914 eucharisticis
447 3851 493 3913 vis
522 3849 618 3915 activa
647 3859 678 3912 et
707 3849 847 3933 passiva:
874 3870 947 3930 ergo
977 3857 1102 3911 manent
1128 3849 1314 3934 principium

211 3961 333 4045 agendi,
346 3960 428 4043 quod
443 3970 489 4023 est
504 3960 610 4036 forma,
626 3971 657 4023 et
672 3959 856 4044 principium
872 3957 1017 4042 patiendi,
1030 3959 1111 4043 quod
1120 3967 1166 4023 est
1177 3962 1313 4039 materia,

212 4073 283 4136 licet
305 4072 424 4156 privata
445 4071 561 4134 ratione
584 4071 785 4134 substantiali.
832 4069 1025 4134 Antecedens
1047 4080 1188 4135 constat:
1211 4084 1315 4136 manet

212 4184 293 4247 enim
310 4184 354 4246 vis
376 4181 550 4246 reflectendi
572 4182 682 4260 lucem,
698 4182 742 4245 vis
764 4181 914 4246 excitandi
937 4188 1075 4264 gustum,
1091 4181 1135 4245 vis
1154 4182 1313 4246 resistendi

211 4294 318 4371 tactui,
334 4301 412 4358 etc:
436 4307 466 4359 et
492 4291 765 4369 similiterinertia,
786 4291 918 4376 pondus,
935 4290 1098 4370 mobilitas,
1115 4291 1308 4358 divisibilitas

255 4423 328 4469 voa.
344 4424 381 4467 11.
1086 4408 1142 4468 20
