3200 4975
275 320 340 383 380
668 338 710 381 nu
726 337 980 383 nccrnuurrans.
1219 320 1306 403 [css.
1323 338 1379 381 111.

320 517 371 579 77.
396 511 551 590 Quaeritur
565 512 691 590 decimo,
715 521 813 576 utrum
835 512 989 575 multitudo
1005 520 1197 595 consequatur
1212 512 1379 575 drumonem

276 627 459 709 quantitatis.

319 734 501 819 Respondeo
522 734 680 818 negative:
704 756 775 797 nam
791 733 898 799 divisio
914 756 976 798 non
996 734 1047 798 dat
1070 756 1135 798 esse
1156 734 1303 819 pertibus,
1324 733 1377 798 sed

274 869 325 911 eas
347 846 509 911 existentes
532 844 571 908 ab
593 844 720 910 invicem
745 854 882 930 separat:
906 868 979 930 ergo
1006 854 1077 909 ante
1102 845 1281 911 divisionem
1304 851 1376 909 sunt

275 962 376 1039 partes
391 952 565 1032 divisibiles,
581 963 612 1017 ct
626 965 848 1039 consequenter
858 955 1034 1020 multitudo.
1079 955 1199 1020 Deinde
1210 956 1376 1021 multitudo

274 1086 337 1128 non
353 1073 400 1128 est
415 1064 590 1145 divisorum,
601 1065 654 1129 sed
666 1065 900 1145 distinctorum
923 1068 1008 1151 quod
1022 1090 1094 1151 ergo
1109 1067 1162 1131 dat
1177 1067 1284 1131 multis
1299 1066 1376 1130 enti-

275 1176 333 1239 bus
357 1175 500 1240 distinctc
518 1197 594 1255 esse,
614 1175 645 1238 id
671 1184 717 1239 est
742 1176 846 1240 unitas
871 1177 1035 1242 intrinseca
1058 1178 1308 1263 uniuscuiusque,
1331 1186 1376 1241 est

275 1309 366 1351 causa
390 1286 607 1350 multitudinis.
652 1286 736 1369 llrgo
761 1286 929 1352 multitudo
953 1289 1149 1373 consequitur
1172 1289 1322 1353 unitatem
1345 1298 1375 1351 et

275 1399 435 1477 unitatem,
451 1420 514 1462 non
529 1420 599 1462 vero
614 1397 802 1463 divisionem.
849 1398 980 1484 Insuper
998 1400 1105 1464 divisio
1120 1422 1182 1463 non
1198 1406 1303 1463 causat
1317 1399 1375 1461 uisi

270 1509 359 1592 plura
373 1532 433 1573 esse
447 1511 556 1574 diuiso:
579 1508 664 1593 utqui
686 1508 853 1573 multitudo
876 1532 938 1573 non
961 1517 1008 1573 est
1025 1510 1186 1593 pluralitas
1211 1512 1375 1588 divisorum,

274 1619 327 1684 sed
341 1630 389 1685 cst
402 1623 472 1685 unm
486 1621 697 1684 distinctorum.
743 1619 810 1682 Iam
826 1641 895 1683 vero
910 1640 974 1682 esse
984 1619 1115 1683 divisim
1126 1628 1172 1684 est
1188 1619 1375 1703 superfluum

273 1733 312 1797 ad
326 1755 392 1796 esse
406 1732 596 1811 distinctum,
611 1739 642 1795 et
657 1753 722 1794 esse
737 1739 907 1815 separatum
924 1740 970 1795 est
979 1731 1165 1795 contrarium
1180 1731 1297 1795 unioni.

317 1840 450 1917 Quodsi
466 1842 572 1907 divisio
594 1842 691 1906 totius
712 1843 745 1906 in
766 1850 868 1925 partes
891 1840 1002 1905 dicitur
1026 1842 1121 1905 facere
1143 1841 1374 1906 multitudinem

272 1954 416 2038 partium,
430 1956 489 2018 hoc
504 1976 566 2017 nou
581 1954 732 2037 significat
754 1953 815 2015 nisi
832 1952 915 2037 quod
935 1961 1045 2037 partes,
1066 1976 1133 2037 qnae
1154 1952 1324 2017 existebant
1341 1954 1375 2016 in

273 2073 337 2129 toto
352 2086 407 2149 per
417 2063 544 2128 modum
558 2065 651 2127 unius
666 2063 762 2127 totius
777 2062 816 2126 ob
829 2086 991 2127 commuue
1000 2064 1156 2127 vinculum
1171 2064 1306 2145 unionis,
1321 2088 1376 2148 per

272 2175 450 2238 divisionem
470 2175 550 2237 fiunt
569 2174 736 2237 formaliter
756 2182 911 2258 separatae,
931 2196 994 2237 non
1015 2196 1085 2237 vero
1103 2174 1187 2259 quod
1206 2183 1282 2239 tunc
1299 2174 1374 2239 inci-
1394 2228 1397 2238 .

271 2286 358 2370 piant
376 2285 487 2349 habere
505 2286 651 2348 rationem
672 2285 806 2368 partium
831 2285 1084 2349 numerabilium:
1112 2286 1173 2348 nisi
1192 2286 1274 2349 enim
1297 2309 1374 2370 prae-

271 2398 410 2463 existeret
432 2396 600 2460 multitudo
614 2396 703 2460 realis
720 2396 854 2479 partium
869 2396 902 2459 in
917 2404 993 2475 toto,
1009 2395 1095 2459 nulla
1110 2398 1246 2481 operatio
1262 2420 1311 2461 ees
1327 2398 1372 2461 di-

270 2511 394 2578 videret.

315 2624 354 2689 In
369 2622 515 2687 continuo
530 2629 632 2684 autem
647 2620 733 2685 nulla
746 2620 836 2684 realis
858 2621 960 2684 divisio
981 2627 1027 2683 est
1049 2619 1213 2704 possibilis,
1234 2620 1288 2684 sed
1310 2620 1373 2684 sola

271 2735 359 2798 realis
374 2735 521 2798 dictinctio
536 2733 680 2817 partium.
725 2732 818 2810 Nam,
839 2731 911 2795 licet
931 2730 1069 2796 dicamur
1087 2731 1219 2795 dividere
1241 2733 1321 2795 diem
1339 2733 1371 2795 in

270 2849 370 2924 boras,
385 2854 415 2908 et
429 2845 519 2908 horas
534 2845 565 2906 in
582 2846 710 2922 minuta,
730 2866 792 2907 non
816 2843 884 2907 ideo
900 2843 1162 2906 disoontinuamus
1177 2851 1317 2928 tempus:
1341 2855 1371 2908 et

271 2958 313 3021 sic
343 2957 441 3041 magis
466 2964 569 3020 exacte
592 2954 761 3019 diceremur
789 2956 965 3037 distinguere
994 2954 1073 3017 diem
1097 2954 1129 3016 in
1154 2954 1254 3033 horas,
1281 2977 1372 3039 quam

270 3071 404 3134 dividuo.
450 3068 540 3146 Item,
562 3067 633 3130 licet
656 3065 793 3130 dicamur
815 3065 947 3130 dividere
968 3065 1193 3149 longitudinem
1212 3066 1244 3129 in
1260 3067 1369 3145 medio,

270 3203 331 3245 non
348 3177 696 3244 idcodiscontiuuamus
716 3177 860 3260 spatium,
881 3176 934 3239 sed
956 3184 1076 3240 tantum
1100 3177 1244 3262 ponimus
1265 3179 1369 3241 termi-

268 3314 345 3354 num
367 3291 530 3375 quemdam
553 3288 615 3352 sive
644 3288 753 3352 realem
781 3288 842 3352 sive
871 3288 1095 3371 imaginarium,
1118 3310 1285 3373 perquem
1309 3312 1370 3353 una

268 3404 484 3487 persequetur
503 3422 572 3464 oum
593 3398 713 3463 formali
734 3398 929 3462 distinctione
949 3398 986 3462 ab
1002 3398 1112 3462 altera:
1136 3407 1166 3462 et
1182 3399 1224 3462 sic
1240 3399 1370 3464 dicimur

270 3512 402 3577 dividere
426 3510 547 3593 (melius
565 3533 635 3574 vero
665 3509 867 3592 distinguere)
886 3510 1109 3593 longitudinem
1132 3510 1243 3574 realem
1266 3511 1368 3575 decem

267 3624 413 3709 pollicum
428 3622 580 3686 indecem
599 3629 710 3705 partes,
733 3623 857 3705 quando
878 3622 958 3684 inter
981 3622 1118 3706 singulos
1137 3622 1261 3706 pollices
1281 3623 1368 3706 poni-

269 3760 339 3801 mus
367 3733 490 3818 singula
517 3740 633 3818 puncta
660 3731 769 3795 realia:
794 3732 847 3795 sed
868 3754 922 3815 per
947 3733 1006 3796 hoc
1034 3754 1096 3796 non
1126 3732 1370 3796 discontinuutur

265 3845 428 3932 longitudo
451 3844 553 3908 decem
575 3843 738 3928 pollicum:
761 3851 792 3906 et
815 3843 857 3907 sic
880 3852 980 3928 partes
1002 3851 1093 3906 erunt
1122 3842 1282 3921 distinctu,
1305 3865 1369 3908 non

267 3959 379 4023 divisae.
425 3956 460 4020 Si
476 3977 546 4020 vcro
567 3977 662 4018 unum
683 3961 801 4039 partem
824 3954 996 4033 avellamus,
1019 3976 1074 4016 seu
1094 3943 1161 4018 loco
1182 3976 1367 4034 moveamus,

266 4078 342 4132 tuuc
364 4066 534 4131 mutabitur
555 4065 662 4130 relatio
683 4065 786 4130 localis
816 4065 977 4143 distantiae,
1001 4073 1031 4128 et
1054 4065 1185 4129 secunda
1207 4087 1277 4149 pars
1299 4087 1368 4149 quae

267 4190 332 4244 erat
343 4180 452 4244 &urna
457 4201 532 4262 porc
537 4179 655 4262 pollicis
668 4199 723 4260 per
737 4176 949 4242 discessionem
964 4175 1072 4260 prioris
1086 4176 1181 4260 partis
1195 4176 1248 4239 fiet
1263 4176 1367 4260 dupla,

267 4291 359 4374 tripla
382 4300 440 4354 etc.
450 4316 461 4368 3
483 4297 514 4352 et
536 4311 598 4352 non
621 4287 745 4352 habebit
775 4287 905 4372 amplius
935 4287 1081 4351 rationem
1107 4289 1194 4350 unius
1215 4309 1252 4350 ecc
1273 4288 1368 4351 decem
