3200 4975
266 326 331 391 262
499 407 507 421 .
718 348 761 393 nr
779 348 926 395 sonmo.
1214 329 1299 415 [car.
1316 349 1372 395 111.

266 513 414 596 innatam,
430 515 537 582 volunt
551 540 619 582 eam
633 538 698 582 esse
717 516 930 597 universalem,
946 523 982 581 ut
997 515 1036 581 sit
1052 515 1188 581 medium
1202 516 1371 582 universale

266 627 440 712 attingendi
456 630 559 695 omnia
578 630 646 695 alia.
690 630 732 695 Ilt
754 636 909 715 praeterea,
925 650 1057 714 quuma
1081 636 1166 713 parte
1185 628 1229 693 rei
1249 628 1369 694 nullum

267 738 307 803 sit
332 739 485 806 obiectum
508 742 676 808 universale
700 765 795 827 agens
814 743 844 806 in
870 741 1077 826 passivitatem
1101 740 1315 805 intellectivam
1338 752 1370 807 et

265 851 445 936 imprimens
460 853 509 917 sui
524 854 664 939 speciem,
680 854 806 919 omnino
823 852 947 919 evidens
962 861 1017 932 est,
1032 852 1150 917 nullam
1164 851 1265 918 ideam
1280 874 1370 938 posse

266 984 332 1027 ease
356 963 556 1030 universalem
582 965 643 1031 nisi
667 965 826 1032 factitiam.
870 964 953 1050 Ergo
975 964 1061 1032 nulla
1083 964 1149 1030 dari
1174 972 1276 1050 potest
1301 964 1370 1031 idea

267 1072 445 1139 universalis
459 1073 577 1140 innata.

311 1186 385 1251 100.
408 1185 563 1263 Quaeritur
584 1207 677 1265 nono,
692 1195 791 1253 atram
805 1188 907 1271 primu
929 1188 1056 1273 conuitio
1077 1190 1163 1267 eatis,
1178 1208 1266 1271 quam
1285 1188 1368 1251 tomo

265 1297 361 1375 dubet,
377 1300 417 1363 sit
431 1299 508 1363 ideo.
751 1298 757 1307 ’

308 1408 491 1495 Respondeo
513 1410 663 1495 negative.
707 1409 758 1475 Ad
781 1410 866 1495 quod
888 1410 1101 1495 explicandum
1127 1418 1261 1491 notetur,
1285 1409 1367 1496 quod

263 1516 396 1604 pertinet
425 1520 464 1586 ad
494 1521 697 1586 substantiam
727 1521 852 1606 spiritus
885 1523 932 1604 (ut
961 1543 998 1587 ex
1021 1529 1154 1587 tractatu
1179 1523 1367 1609 praecedente

263 1632 416 1719 novimus)
433 1633 637 1719 perseipsum
658 1633 834 1698 immediate
852 1632 928 1699 scire
943 1634 1022 1718 qaod
1039 1643 1093 1713 eet,
1108 1657 1171 1700 non
1189 1645 1292 1701 autem
1313 1657 1367 1721 per

263 1744 398 1830 seipsum
420 1745 596 1810 immediate
624 1745 778 1830 percipere
800 1746 874 1830 qnid
897 1754 950 1811 est.
1005 1746 1047 1811 Et
1076 1746 1146 1813 licet
1177 1747 1209 1811 S.
1234 1746 1366 1811 Thomas

262 1856 408 1921 concedat
423 1880 534 1942 purum
546 1858 687 1943 spiritum
703 1880 758 1942 per
769 1879 802 1921 se
816 1856 969 1943 percipere
980 1856 1055 1942 quid
1069 1866 1126 1937 est,
1137 1858 1220 1943 quod
1236 1858 1366 1923 vidimus

263 1989 326 2032 non
348 1991 414 2033 esse
436 1968 511 2035 satis
533 1969 649 2035 clarum
673 1979 704 2034 et
726 1970 833 2053 negari
858 1990 948 2053 posse
971 1968 1050 2052 (vide
1073 1978 1179 2036 notam
1198 1969 1364 2053 ultimam),

263 2087 366 2143 tamen
391 2080 512 2144 nullum
536 2102 602 2145 esse
626 2088 728 2165 potest
751 2079 881 2145 dubium
905 2080 1005 2165 quoad
1028 2080 1161 2145 ammam
1183 2082 1217 2146 in
1242 2102 1366 2166 corpore

262 2197 412 2255 creatam:
434 2190 507 2255 hnic
521 2190 604 2255 enim
613 2191 813 2256 essentialiter
822 2192 968 2278 competit
983 2191 1158 2257 immediate
1171 2214 1226 2278 per
1235 2193 1365 2279 seipsam

263 2302 339 2367 scire
353 2304 433 2386 qaod
444 2311 497 2383 est,
509 2325 572 2368 non
587 2312 690 2368 autem
705 2302 859 2389 percipere
874 2305 948 2389 qnid
956 2312 1009 2369 est.
1055 2304 1138 2369 Scire
1153 2306 1282 2388 quodeet
1295 2327 1365 2390 per·

261 2413 340 2479 tinet
356 2412 396 2479 ad
419 2413 562 2493 animam,
578 2415 611 2478 in
628 2422 780 2501 quantum
803 2423 889 2479 actus
906 2415 1025 2502 primus
1045 2416 1269 2501 cognoscitivus
1291 2416 1364 2481 sub·

262 2526 413 2592 stantialis
423 2527 558 2614 postulat
569 2528 770 2594 essentialiter
784 2529 856 2593 dare
870 2551 936 2594 esse
947 2528 1079 2594 termino
1094 2551 1150 2593 suo
1160 2527 1363 2609 substantiali,

259 2662 421 2725 perquem
440 2640 604 2706 intrinsece
619 2641 827 2727 compleatur;
849 2662 947 2726 quum
961 2639 1066 2705 nullus
1089 2640 1129 2705 sit
1143 2650 1230 2712 actus
1250 2664 1362 2726 cogno-

259 2751 384 2817 scitivus
409 2752 463 2816 ubi
487 2752 608 2816 nullum
634 2761 681 2817 est
704 2750 863 2836 cognitum
892 2749 926 2813 in
955 2759 1168 2834 cognoscente.
1222 2752 1264 2817 Et
1293 2752 1362 2818 ideo

259 2863 369 2943 anima,
385 2886 421 2928 eo
436 2864 503 2949 ipso
518 2862 602 2949 qnod
624 2871 680 2942 est,
696 2870 727 2926 et
741 2870 788 2927 est
794 2883 806 2902 ··
812 2883 1007 2946 cognoscens,
1024 2861 1114 2928 debet
1128 2885 1165 2928 ex
1183 2864 1361 2930 necessitate

258 2975 308 3039 sni
322 2996 388 3040 esse
402 2975 479 3040 scire
493 2997 525 3040 se
540 2997 616 3042 esse.
660 2973 731 3039 Hoc
745 2983 848 3038 autem
864 2973 1041 3059 simpliciter
1056 2973 1131 3039 scire
1145 2996 1207 3039 non
1222 2983 1269 3040 est
1282 2975 1360 3053 idea,

259 3109 314 3151 seu
339 3086 531 3152 accidentalis
553 3086 717 3171 perceptio,
733 3085 786 3151 sed
809 3093 856 3150 est
880 3085 946 3171 ipse
968 3095 1055 3153 actus
1079 3085 1288 3152 substantialis
1311 3109 1361 3152 co·

257 3198 432 3284 gnoscentis
446 3207 482 3264 ut
497 3197 717 3282 cognoscentis.
764 3197 880 3262 Contra
896 3219 965 3262 vero
985 3196 1060 3262 scire
1074 3219 1129 3282 per
1143 3198 1273 3283 seipsam
1291 3200 1364 3284 qnid

257 3319 386 3376 estnon
410 3310 542 3395 pertinet
567 3309 608 3378 ad
629 3308 762 3373 animam
788 3309 822 3372 in
848 3330 973 3394 corpore
995 3309 1184 3390 existentem,
1207 3317 1242 3374 ut
1268 3332 1361 3396 supra

256 3422 388 3488 vidimus
410 3443 480 3486 cum
506 3422 539 3486 S.
555 3420 691 3486 Thoma:
714 3419 767 3486 sed
785 3442 841 3506 per
863 3442 933 3485 suas
953 3420 1141 3507 operationes
1159 3421 1298 3507 pervenit
1320 3421 1360 3488 ad

256 3534 315 3599 hoc
329 3532 585 3617 cognoscendum.

299 3645 436 3729 Apparet
455 3665 538 3728 ergo,
555 3643 686 3728 primam
708 3643 915 3728 cognitionem
935 3643 1025 3722 entis,
1043 3665 1135 3728 quam
1155 3642 1248 3708 homo
1265 3643 1359 3710 habet

254 3778 319 3824 esse
332 3757 407 3820 scire
421 3756 456 3820 de
469 3779 500 3820 se
514 3757 593 3840 quod
604 3765 657 3834 est,
674 3754 749 3840 quin
765 3755 861 3841 possit
876 3754 935 3819 dici
958 3753 1091 3819 animam
1105 3775 1161 3838 per
1174 3754 1233 3819 hoc
1246 3754 1358 3822 habere

253 3871 348 3934 ι’ᾰεαιη
368 3867 497 3934 alicuius
511 3867 611 3932 entis:
634 3867 695 3931 nisi
708 3867 789 3931 forte
803 3865 871 3932 idea
892 3866 1057 3951 accipiatur
1071 3887 1128 3951 pro
1145 3865 1275 3930 termino
1289 3867 1357 3952 ipso

253 3980 447 4046 substantiali
458 3988 544 4045 actus
553 3979 643 4064 primi
651 3977 839 4057 intellectivi,
851 4000 905 4042 seu
920 3999 976 4063 pro
985 3976 1160 4063 passivitate
1171 3977 1356 4044 intellectus.

252 4091 314 4157 Sed
340 4091 366 4156 si
386 4092 446 4156 hoc
465 4090 594 4170 dicatur,
616 4088 768 4174 oportebit
786 4111 900 4174 ponere
919 4089 1074 4154 inanima
1095 4089 1194 4154 ideam
1213 4091 1355 4158 substan-

250 4203 374 4268 tialem:
398 4202 481 4288 qnod
503 4202 561 4266 etsi
586 4224 648 4265 non
672 4209 751 4266 esset
774 4199 952 4278 absurdum,
976 4199 1153 4284 accipiendo
1176 4201 1275 4269 ideam
1299 4225 1355 4288 pro

247 4314 509 4381 conscientia·sui
537 4337 611 4392 esse,
641 4322 817 4378 esttamen
846 4312 1040 4378 inusitatum.
1095 4313 1187 4378 Unde
1217 4314 1355 4382 dicemus
