3200 4975
232 392 305 436 ιιι.
322 370 393 455 ιιι]
631 392 674 435 or
688 392 945 437 acorouursans.
1270 373 1334 435 365

231 566 299 621 tum
315 557 420 621 activa
434 565 500 621 tum
516 556 643 642 passivae
657 558 721 623 sint
736 557 898 643 qualitates
917 556 1127 639 accidentales,
1144 555 1336 643 responden·

232 668 308 734 dum
324 679 370 733 est
385 690 457 733 eum
471 668 684 734 distinetione:
707 679 781 734 sunt
796 671 879 734 enim
889 670 1080 735 eamdentalea
1093 670 1192 753 proed
1200 670 1335 754 pradum,

233 803 318 865 quem
329 782 436 844 labat
446 782 478 843 in
485 781 652 859 individuis,
667 780 721 845 scd
735 781 828 846 simrsl
843 790 916 847 sunt
931 782 1098 866 composito
1113 780 1157 845 illi
1171 781 1338 846 essentiales

233 892 333 977 proed
352 894 504 957 entitatem
525 892 703 978 specificans:
733 901 765 957 et
789 893 859 957 ideo
884 892 1014 980 qualitas
1037 892 1229 958 accidentalis
1254 914 1337 957 eom·

233 1002 326 1088 positi
348 1025 412 1066 non
435 1011 481 1067 est
502 1003 569 1087 ipsa
590 1002 803 1067 determinatio
824 1004 864 1069 ad
886 1003 1050 1089 quamdam
1065 1003 1196 1089 speeiem
1211 1003 1338 1069 actionis

181 1126 184 1129 ’
234 1127 288 1182 aut
303 1116 451 1202 pensionis
473 1126 510 1181 ut
532 1117 585 1197 sic,
608 1117 663 1181 sed
676 1126 711 1183 ut
725 1119 852 1183 enistersa
866 1118 897 1181 in
914 1118 968 1182 toli
982 1119 1080 1202 produ
1100 1116 1240 1181 mutabili
1257 1118 1339 1181 intra

235 1228 373 1293 eamdem
397 1228 527 1313 speciem
537 1252 548 1307 ς
569 1251 625 1313 per
645 1229 704 1293 hoc
728 1229 811 1293 enim
834 1228 927 1294 habet
949 1229 1095 1293 rationem
1120 1228 1283 1293 accidentis
1306 1228 1339 1292 in

234 1340 287 1404 illo
308 1321 478 1425 composito
500 1340 647 1425 specifico,
671 1340 754 1425 quod
775 1340 883 1425 possit,
906 1338 988 1404 salva
1005 1339 1113 1425 specie,
1133 1361 1199 1403 esse
1214 1338 1262 1403 vel
1275 1359 1339 1402 non

235 1474 300 1515 esse
315 1452 348 1515 in
362 1451 417 1514 tali
432 1449 541 1535 gradu,
556 1473 619 1514 non
639 1459 743 1515 autem
763 1451 847 1536 quod
864 1450 970 1537 possit,
991 1448 1073 1514 selva
1087 1448 1196 1534 specie,
1211 1471 1277 1513 esse
1290 1448 1338 1514 vel

236 1584 299 1627 non
314 1583 379 1625 esse
395 1561 581 1646 simpliciter.
626 1562 668 1625 Et
686 1562 729 1626 sic
746 1561 855 1626 accidit
877 1561 1027 1647 parabolae
1042 1585 1060 1626 a
1074 1561 1159 1646 gravi
1181 1561 1340 1646 descripta

237 1696 303 1739 esse
321 1694 392 1738 cum
405 1673 462 1738 hac
477 1683 637 1738 curvatura
656 1674 703 1738 vel
719 1695 790 1764 eum
805 1674 868 1754 illa,
889 1696 957 1759 quae
979 1696 1043 1739 non
1061 1683 1108 1738 est
1130 1672 1169 1738 ad
1190 1672 1339 1737 rationem

239 1786 408 1871 specificam
424 1786 573 1871 parabolae
587 1786 773 1851 neccssaria:
796 1786 851 1851 sed
865 1808 929 1850 non
943 1784 1053 1850 accidit
1068 1772 1219 1870 parabola
1229 1783 1340 1849 habere

238 1907 431 1962 curvaturam
446 1896 658 1981 parabolicam,
674 1905 710 1961 ut
723 1905 819 1982 patet.
1194 1880 1197 1885 Ι

284 2010 368 2074 Hinc
382 2012 417 2072 3⁰
431 2018 555 2094 apparet
574 2032 629 2074 cur
646 2009 775 2094 simplex
795 2008 982 2077 elementum
1004 2006 1115 2074 habeat
1133 2007 1343 2094 proprietates,

240 2144 304 2185 non
325 2143 396 2185 vero
416 2120 577 2206 qualitates
598 2121 816 2186 accidentales:
838 2121 931 2185 habet
953 2120 1035 2185 enim
1058 2120 1343 2186 determinationem

238 2232 280 2297 ad
294 2232 447 2317 agendum
462 2241 493 2297 ct
507 2232 742 2297 indifferentiam
757 2233 797 2297 ad
810 2232 1002 2317 patiendum,
1014 2255 1083 2319 quae
1097 2254 1134 2297 ex
1147 2240 1234 2317 parte
1248 2232 1345 2316 ipsius

240 2344 380 2409 consistit
394 2345 427 2409 in
442 2344 628 2425 indivisibili,
643 2355 675 2410 et
688 2354 814 2431 propter
827 2343 1109 2410 immutabilitatem
1129 2367 1192 2408 non
1208 2345 1344 2409 admittit

240 2458 273 2524 in
289 2459 387 2546 seipsa
401 2457 515 2543 gradm
529 2457 738 2523 accidentales.

286 2572 371 2635 Hinc
384 2574 420 2634 4⁰
434 2570 597 2656 qualitates
611 2569 811 2635 accidentales
826 2578 1006 2656 supponunt
1020 2569 1291 2655 compositionem
1314 2577 1346 2633 et

242 2681 298 2745 ubi
311 2681 398 2745 nulla
412 2690 459 2745 est
477 2681 668 2766 compositio,
685 2680 730 2744 ibi
749 2681 835 2745 nulla
856 2704 921 2746 esse
941 2690 1043 2767 potest
1058 2681 1189 2766 qualitas
1209 2680 1348 2744 acciden-

244 2792 333 2857 talis:
357 2791 440 2877 quod
457 2791 533 2856 adeo
553 2814 658 2856 verum
676 2801 733 2871 est,
751 2800 788 2855 ut
809 2792 901 2856 etiam
923 2794 955 2856 in
978 2792 1134 2858 habitibus
1155 2791 1348 2857 intellectivir

244 2911 299 2967 aut
314 2902 487 2989 appetitivis
500 2902 657 2989 acquisitis
672 2903 857 2988 explicandis
876 2925 999 2968 necesse
1019 2905 1058 2968 rit
1081 2927 1233 2969 recurrere
1248 2904 1287 2969 ad
1301 2927 1347 2968 re-

244 3013 448 3099 plicationem,
469 3015 727 3100 conspirationem
741 3024 772 3079 et
787 3015 875 3100 quasi
895 3016 1145 3101 compositionem
1161 3025 1295 3096 actuum,
1312 3039 1348 3080 er

240 3125 358 3211 'quibus
372 3127 550 3211 procedunt.

290 3238 374 3303 Hinc
388 3242 423 3302 5ο
436 3254 573 3324 apparet,
592 3238 771 3324 qualitatem
793 3262 857 3304 non
879 3260 946 3304 esse
967 3238 1102 3325 aliquam
1119 3240 1279 3304 entitatem
1299 3263 1350 3303 su-

245 3350 434 3436 peradditam
458 3359 584 3430 natura,
606 3351 660 3416 sed
678 3373 745 3416 csse
761 3350 860 3436 ipsam
882 3351 1131 3415 constitutionem
1151 3350 1350 3415 resultantem

244 3463 278 3526 in
293 3469 404 3530 natura
412 3463 560 3528 existente
574 3463 757 3546 inadaeqoote
770 3470 935 3546 sumptam:
958 3483 1026 3546 quae
1039 3470 1076 3525 ut
1091 3470 1138 3525 est
1152 3484 1269 3526 numero
1281 3463 1350 3542 lac,

244 3575 278 3639 id
300 3586 346 3644 ost
368 3577 456 3640 naias
472 3576 594 3659 prodas,
616 3583 664 3638 est
685 3574 889 3653 accidentalis,
912 3573 983 3638 licet
1005 3581 1041 3638 ut
1062 3582 1108 3638 ert
1125 3577 1219 3659 speeie
1237 3576 1298 3640 lae
1312 3575 1352 3639 sit

244 3686 415 3751 essentialis
429 3695 558 3752 naturae.
602 3685 678 3750 Esse
689 3693 792 3750 autem
803 3690 922 3750 nummo
935 3686 1009 3749 lonc
1023 3685 1272 3750 constitutionem
1285 3707 1351 3750 oon

246 3809 294 3865 est
307 3793 504 3887 esse'aliquid
524 3799 651 3886 physice
671 3799 890 3884 saperodditum
912 3805 1029 3864 naturae
1051 3797 1207 3883 specificae,
1230 3798 1284 3862 sed
1305 3809 1352 3863 est

246 3935 312 3978 csse
331 3911 521 3996 iuadaequate
537 3913 635 3997 ipsam
655 3918 796 3975 naturam
812 3910 847 3974 in
861 3918 1001 3975 concreto
1016 3919 1181 3994 sumptam,
1201 3932 1270 3995 quae
1288 3933 1350 3974 nou

247 4032 349 4110 potest
363 4022 395 4086 in
412 4031 551 4086 concreto
562 4023 689 4086 existere
698 4021 758 4086 nisi
773 4024 833 4086 lec
847 4021 894 4086 vel
908 4022 961 4086 illa
975 4045 1103 4086 nummo.
1148 4021 1271 4086 Dicitur
1279 4045 1352 4108 ergo

247 4134 442 4201 accidentalis
456 4156 519 4197 non
534 4142 657 4219 propter
671 4133 704 4198 id
718 4133 802 4220 quod
817 4141 873 4213 est,
884 4133 938 4198 sed
953 4141 1077 4222 propter
1086 4157 1144 4199 non
1155 4137 1352 4200 necessitatem

245 4249 311 4312 aas
324 4270 443 4340 nummo
456 4246 657 4310 rmultationss
671 4246 711 4310 od
718 4267 780 4310 ease
787 4244 952 4330 spectionem
966 4253 1090 4311 natare.

292 4358 345 4422 64.
368 4358 479 4422 Tribus
499 4357 594 4442 igitur
609 4356 708 4421 modis
722 4357 816 4442 accipi
839 4365 941 4442 potest
962 4356 1111 4442 qualitas:
1137 4360 1170 4420 1ο
1184 4379 1240 4442 pro
1255 4357 1352 4442 quali-
