3200 4975
248 362 318 408 car.
335 343 388 428 ιι]
701 367 744 410 nn
761 366 909 410 souma.
1290 350 1351 411 199

244 549 308 606 ens,
335 547 434 606 causa,
463 527 645 606 substantia,
666 528 713 592 vel
739 528 855 613 aliquid
880 529 1065 607 huiusmodi,
1092 539 1124 594 et
1148 532 1279 601 sienon
1303 541 1349 596 est

244 638 345 702 solum
367 638 518 718 sensibile,
541 639 708 704 sedetiam
736 639 945 723 intelligibile:
969 650 1075 705 contra
1097 664 1167 707 vero
1196 642 1349 707 obiectum

243 772 319 834 pure
333 750 526 834 intelligibile
540 751 625 816 nullo
643 752 734 816 modo
752 762 799 816 est
822 752 974 832 sensibile,
995 763 1026 817 et
1041 754 1084 818 sic
1099 755 1205 840 nequit
1221 757 1349 819 excitare

244 885 378 942 sensum,
395 863 449 927 sed
463 863 653 928 intellectum
672 872 807 928 tautum.
853 864 958 940 Quum
981 873 1085 929 autem
1107 867 1255 930 naturalis
1277 890 1349 951 ope-

244 973 321 1037 ratio
343 974 486 1053 hominis,
512 975 599 1039 euius
622 975 719 1040 virtus
742 984 789 1039 est
813 975 997 1041 intellectiva
1023 977 1114 1041 simul
1139 985 1171 1041 ct
1197 978 1349 1057 sensitiva,

244 1085 352 1150 debeat
375 1087 554 1150 naturaliter
575 1088 732 1152 terminari
752 1087 790 1152 ad
808 1088 961 1153 obiectum
977 1099 1012 1154 ut
1026 1111 1160 1174 praesens
1174 1090 1206 1154 in
1221 1091 1348 1174 passivi-

244 1206 307 1262 tate
321 1198 495 1263 intellectus
509 1208 541 1264 et
555 1221 673 1278 sensus,
689 1199 933 1264 concludendum
949 1185 1005 1280 est,
1021 1201 1174 1266 obiectum
1190 1202 1347 1287 proprium

244 1311 494 1395 apprehensionis
509 1311 651 1376 humanae
665 1335 728 1376 non
742 1325 809 1376 esse'
822 1311 974 1378 obiectum
990 1335 1064 1397 pure
1078 1313 1281 1397 intelligibile,
1294 1315 1348 1378 sed

244 1422 396 1487 obiectum
411 1424 552 1489 sensibile
567 1423 705 1488 simulet
719 1423 921 1508 intelligibile.
966 1425 1007 1488 llt
1016 1426 1222 1489 confirmatur.
1264 1426 1347 1489 Nam

243 1532 396 1598 obiectum
419 1556 496 1619 pure
521 1533 712 1618 intelligibile
736 1557 799 1598 non
824 1544 924 1619 potest
948 1535 1060 1620 attingi
1084 1535 1122 1600 ab
1145 1536 1270 1600 homine
1292 1559 1348 1622 per

243 1645 375 1729 primam
390 1647 680 1731 apprehensionem:
703 1646 945 1732 unumquodque
967 1648 1047 1711 enim
1067 1648 1132 1732 agit
1146 1657 1237 1732 prout
1252 1657 1298 1712 est
1314 1648 1346 1712 in

245 1766 334 1822 actu:
357 1757 454 1822 virtus
483 1767 586 1823 autem
615 1758 834 1843 apprehensiva
863 1759 997 1823 hominis
1019 1767 1065 1823 est
1088 1768 1159 1823 actu
1188 1760 1349 1824 terminata

244 1867 359 1952 duplici
374 1870 557 1953 passivitate,
573 1868 757 1933 intellectiva
771 1891 882 1953 nempe
897 1878 928 1933 et
944 1870 1105 1948 sensitiva:
1128 1891 1200 1953 ergo
1216 1878 1246 1934 et
1261 1878 1347 1934 actus

245 1980 491 2066 apprehendendi
514 1980 604 2045 debet
622 1980 803 2044 naturaliter
822 1980 978 2044 terminari
992 1979 1031 2043 ad
1046 1989 1207 2064 utramque
1221 1980 1347 2064 passivi-

243 2098 356 2156 tatem:
379 2113 414 2154 ac
433 2090 562 2175 proinde
583 2090 736 2155 obiectum
759 2089 849 2154 debet
868 2091 934 2154 fieri
948 2113 1081 2175 praesens
1095 2090 1128 2154 in
1143 2099 1282 2175 utraque,
1295 2112 1349 2174 per

244 2202 375 2287 speciem
389 2202 613 2286 intelligibilem
625 2203 658 2266 in
671 2225 741 2281 una,
753 2202 928 2267 sensibilem
939 2201 972 2266 in
986 2203 1053 2267 alia.
1099 2203 1182 2286 Ergo
1193 2203 1345 2267 obiectum

243 2336 319 2398 pure
329 2313 520 2398 intelligibile
530 2335 593 2378 non
604 2325 650 2378 est
659 2314 927 2398 obiectumprimae
936 2314 1185 2399 apprehensionis
1193 2315 1346 2378 humanae.

286 2427 390 2512 Atque
407 2427 471 2492 haec
485 2427 605 2506 veritas,
621 2449 689 2513 quae
708 2435 755 2491 est
772 2426 1009 2492 fundamentum
1026 2427 1164 2492 omnium
1184 2449 1252 2512 quae
1266 2427 1346 2491 infra

244 2539 355 2605 dicturi
375 2562 482 2603 sumus
503 2538 542 2603 de
561 2538 679 2622 origine
700 2538 850 2618 idearum,
869 2538 998 2603 ulterius
1018 2538 1139 2622 probari
1157 2548 1259 2622 potest
1279 2539 1346 2603 aliis

243 2651 421 2717 rationibus.
467 2651 550 2715 Nam
572 2659 692 2714 constat
714 2650 908 2734 experientia,
924 2651 1114 2735 operationes
1135 2650 1344 2727 intellectivas,

243 2786 297 2847 per
320 2785 396 2848 quas
420 2762 561 2827 volumus
585 2761 713 2826 liberare
737 2770 920 2845 conceptum
943 2761 1075 2847 aliquem
1098 2760 1277 2825 rationalem
1307 2760 1344 2825 ab

242 2874 440 2939 associatione
459 2873 720 2958 phantasmatum,
734 2894 904 2956 numquam
922 2895 1011 2956 posse
1030 2872 1134 2957 perfici
1149 2896 1167 2935 a
1181 2872 1270 2936 nobis
1285 2873 1345 2936 nisi

243 3008 313 3050 cnm
338 3006 451 3069 magno
475 2994 596 3063 conatu,
622 2993 653 3049 et
678 3006 749 3048 cum
772 2982 858 3067 gravi
878 2982 986 3067 capitis
1003 2966 1237 3066 defatigatione:
1261 2983 1344 3068 quod

243 3097 317 3161 satis
327 3095 471 3174 ostendit,
483 3096 548 3159 fieri
564 3094 727 3180 quamdam
741 3093 804 3158 vim
819 3100 936 3157 naturae
950 3092 983 3155 in
998 3092 1146 3157 tentanda
1159 3093 1344 3176 cogitatione

243 3208 486 3292 intelligibilium
497 3208 563 3274 sine
574 3207 773 3272 associatione
783 3206 1042 3292 phantamatum.
1088 3205 1237 3269 Praeterea
1251 3206 1343 3270 ctiam

244 3345 314 3387 cum
328 3344 441 3405 magno
455 3321 509 3385 illo
524 3328 635 3385 conatu
650 3341 713 3383 non
729 3340 892 3403 possumus
906 3318 1121 3402 phantasmata
1137 3316 1271 3381 totaliter
1293 3338 1342 3381 ex·

243 3433 376 3513 cludere,
392 3433 444 3498 sed
466 3455 585 3517 semper
598 3433 647 3496 vel
665 3453 765 3495 unum
778 3430 827 3494 vel
849 3430 977 3494 alterum
1000 3430 1137 3508 recurrit,
1153 3437 1221 3493 tum
1240 3430 1273 3492 iu
1293 3451 1344 3494 co-

243 3546 391 3630 gitatione
406 3544 443 3609 de
457 3553 528 3608 ente
546 3543 694 3627 singulari
708 3566 736 3606 v.
758 3565 805 3625 gr.
828 3541 946 3625 angelo,
962 3549 1031 3605 tum
1048 3541 1081 3604 in
1102 3540 1284 3624 cogitatione
1305 3540 1343 3604 de

243 3666 314 3722 ente
336 3655 498 3721 universali
525 3663 615 3739 atque
637 3654 883 3732 indeterminato,
904 3675 932 3717 v.
953 3675 998 3737 gr.
1019 3652 1056 3715 de
1078 3653 1279 3730 humanitate,
1306 3652 1343 3715 de

245 3769 354 3853 spatio,
369 3767 407 3832 de
422 3767 591 3844 duratione,
607 3765 645 3830 de
659 3766 790 3844 infinito,
807 3764 845 3827 de
860 3764 1041 3842 substantia,
1057 3774 1115 3828 etc.
1162 3764 1229 3827 Hoc
1241 3772 1342 3827 autem

242 3880 286 3944 ita
299 3902 365 3943 esse
379 3878 599 3962 unisquisque,
615 3876 757 3940 instituto
778 3874 970 3958 diligentiore
990 3896 1113 3938 suarum
1132 3873 1343 3957 operationum

242 3990 390 4069 examine,
413 3989 501 4053 facile
522 3987 657 4052 advertet
680 4008 717 4051 er
745 3985 920 4050 testimonio
949 3984 1149 4049 conscientias.
1195 3984 1344 4049 Praeterea

242 4100 346 4163 omnia
359 4098 515 4176 vocabula,
531 4096 643 4181 quibus
657 4097 775 4160 utimur
789 4095 829 4159 ad
843 4094 1055 4179 exprimendos
1070 4103 1235 4178 conceptus
1252 4094 1342 4159 intel-

241 4210 396 4290 lectuales,
406 4209 536 4275 deducta
545 4216 619 4272 sunt
628 4230 663 4271 ex
675 4206 766 4271 rebus
775 4205 983 4270 sensibilibus:
1000 4214 1034 4269 ut
1043 4207 1190 4288 spiritura
1200 4205 1342 4290 spirando

243 4344 297 4387 seu
311 4320 599 4399 tandummodo
614 4342 631 4383 a
647 4325 726 4381 stare
740 4320 803 4395 rub,
814 4318 918 4381 relatio
935 4338 952 4379 a
966 4324 1052 4381 motu
1065 4338 1126 4400 quo
1138 4317 1344 4400 unumfcrtur
