3200 4975
290 347 356 411 890
690 368 733 413 nr
748 368 1003 413 sccrosurrnus.
1234 349 1320 435 [aar.
1338 371 1397 414 111.

290 554 411 598 summa
437 534 478 599 sit
505 532 663 598 diversitas
691 534 772 599 inter
799 532 1041 618 explicationem,
1071 554 1162 617 quam
1191 553 1338 617 propono,
1366 542 1399 597 et

288 644 504 730 explieationes
524 644 799 731 peripatetioorum,
821 644 968 709 eontinua
987 651 1092 709 tamen
1112 652 1159 707 est
1181 642 1398 707 ooneordantia

290 757 323 820 ia
344 758 440 821 read
456 759 626 841 mysterium
649 760 745 841 iprum
764 758 949 841 pertinente:
972 755 1011 820 ad
1033 754 1211 841 mysterium
1237 754 1397 819 revelatam

291 867 370 947 dieo,
399 889 463 931 non
492 868 532 931 ad
559 868 715 953 mysteria,
743 890 813 953 quae
840 889 876 933 ex
905 867 997 932 modo
1029 866 1175 951 loquendi
1208 865 1396 931 diversorum

291 979 364 1042 oriri
379 986 509 1062 possunt
517 1004 527 1057 3
550 978 614 1043 baer
624 978 708 1043 enim
723 1001 779 1045 neo
793 1000 915 1044 neoesse
929 985 977 1043 est
990 977 1151 1042 admittere
1165 998 1222 1041 neo
1236 977 1394 1061 explicare.

333 1091 385 1152 81.
420 1089 548 1154 Obiioier
563 1094 606 1154 1⁰.
652 1089 812 1155 Sententia
825 1089 890 1155 haee
913 1088 994 1155 favet
1013 1088 1254 1170 imperatoribus,
1270 1087 1323 1171 qui
1339 1087 1394 1151 da·

291 1200 389 1263 mnati
403 1209 487 1266 sunt.
522 1200 606 1265 Nam
618 1201 708 1285 ponit
722 1222 846 1267 manere
859 1208 1001 1265 naturam
1017 1198 1114 1283 panis.
1147 1198 1321 1282 Ergodalsa
1334 1206 1393 1263 est.

334 1309 517 1395 Respondeo
530 1334 596 1396 nep.
611 1321 685 1391 aar,
695 1312 734 1377 ad
748 1311 835 1395 prob.
850 1312 919 1377 dist.
935 1319 997 1375 ont.
1013 1310 1099 1396 ponit
1115 1332 1237 1375 monere
1250 1318 1393 1375 naturam

288 1422 379 1507 panis
393 1424 612 1489 accidentalem
627 1447 653 1490 c.
663 1432 737 1501 aaa,
749 1422 982 1489 substantialem
996 1445 1026 1487 a.
1042 1431 1104 1487 ont.
1119 1429 1151 1486 et
1165 1444 1243 1487 oona.
1288 1422 1392 1506 Impa-

288 1542 411 1598 natores
432 1534 588 1620 ponebant
609 1534 814 1599 substantiam
834 1534 922 1618 panis
946 1555 1078 1611 manere,
1098 1542 1130 1596 et
1150 1532 1219 1597 ideo
1239 1532 1391 1612 errabant,

287 1644 379 1709 siouti
398 1655 575 1710 erraverunt
595 1644 646 1709 alii
666 1653 816 1730 ponentes
830 1644 864 1709 in
878 1643 1002 1709 Christo
1022 1643 1098 1709 duas
1112 1666 1274 1728 personas:
1297 1666 1393 1728 quare

288 1756 410 1842 utrique
424 1756 490 1821 iure
504 1756 641 1821 damnati
655 1764 739 1834 sunt,
755 1777 862 1841 quum,
872 1755 951 1819 siout
966 1765 1124 1840 nequeunt
1137 1777 1204 1819 esse
1218 1756 1274 1819 dno
1285 1755 1391 1819 altimo

286 1867 320 1930 in
333 1867 524 1953 oomplendo,
538 1868 583 1933 ita
597 1874 751 1953 nequeant
764 1889 831 1933 esse
845 1868 902 1933 duo
911 1870 1012 1951 primo
1024 1867 1056 1930 in
1072 1866 1281 1933 sustentando.
1327 1865 1391 1930 Sed

286 1998 343 2041 nos
361 1979 485 2062 precise
507 1980 693 2045 eontrarium
714 1987 866 2045 tenemus.
911 1978 1004 2055 Quod
1024 1986 1127 2043 autem
1143 1987 1264 2043 maneat
1278 1985 1389 2041 natura

284 2088 400 2153 habens
424 2090 574 2154 rationem
600 2090 773 2169 accidentia,
797 2097 928 2168 constat,
952 2097 1022 2153 tum
1046 2111 1081 2152 ex
1104 2088 1241 2173 eoquod
1260 2089 1293 2151 in
1315 2110 1388 2151 oon-

285 2199 451 2265 seoratione
471 2200 550 2264 nihil
570 2200 757 2265 annihiletur
779 2208 833 2265 aut
854 2209 1076 2285 corrumpatur,
1099 2209 1167 2263 tum
1189 2222 1225 2265 ex
1245 2198 1387 2283 eoquod,

283 2311 426 2375 omnibus
449 2311 719 2391 consentientibus,
745 2321 890 2377 maneant
912 2333 1020 2377 omnes
1044 2311 1206 2396 qualitates
1228 2311 1331 2377 aetivae
1353 2332 1388 2375 ao

286 2421 413 2507 passivae
441 2423 530 2508 panis
559 2409 663 2489 melem
691 2447 829 2504 nomem
853 2423 1015 2510 qualitates
1052 2424 1144 2502 enim,
1170 2432 1206 2488 ut
1236 2423 1389 2508 superiore

282 2532 412 2598 articulo
425 2534 566 2614 vidimus,
583 2543 657 2600 sunt
670 2534 737 2620 ipsa
751 2543 862 2601 natura
876 2534 1067 2618 inodoequate
1082 2543 1214 2617 sumpta.
1229 2597 1232 2608 ,

326 2646 381 2709 82.
407 2646 535 2710 Obtioies
549 2647 594 2710 2⁰.
639 2645 698 2710 Per
718 2645 974 2710 consecrationem
994 2645 1122 2709 materia
1141 2652 1172 2708 et
1186 2643 1285 2707 forma
1298 2642 1387 2727 panis

281 2777 344 2820 non
367 2757 513 2821 amittunt
535 2756 685 2820 rationem
708 2754 905 2835 substantiae,
929 2755 1009 2818 fiunt
1030 2754 1115 2820 enim
1134 2775 1244 2838 eorpus
1259 2752 1385 2832 Christi,

281 2867 364 2952 quod
388 2876 435 2931 est
459 2867 639 2932 substantia.
684 2866 768 2951 Ergo
791 2888 854 2930 non
879 2874 926 2930 est
949 2888 1065 2945 verum,
1092 2887 1214 2930 manere
1243 2873 1384 2928 naturam

280 2979 368 3063 panis
383 2978 532 3063 privatam
546 2977 663 3042 ratione
678 2977 867 3042 substantioe.

323 3088 504 3174 Respondeo
518 3090 587 3153 dist.
603 3097 666 3152 ont.
687 3110 751 3152 non
770 3088 918 3152 amittunt
941 3088 1089 3152 rationem
1113 3087 1292 3152 substantia
1313 3109 1384 3172 pro

279 3199 377 3284 priam
398 3209 431 3264 et
448 3199 618 3264 naturalem
633 3222 663 3263 n.
679 3208 752 3278 ont,
766 3221 832 3262 non
846 3207 972 3264 manent
986 3199 1105 3285 privata
1118 3198 1177 3263 alio
1192 3206 1385 3264 sustentante

277 3335 300 3375 o.
318 3319 380 3376 ant.
395 3321 427 3374 et
440 3334 470 3374 n.
486 3333 565 3375 eona.
610 3309 685 3374 Ideo
706 3311 789 3374 enim
802 3309 936 3394 ¹praecise
959 3308 1131 3374 substantia
1152 3311 1240 3394 panis
1259 3310 1296 3376 lit
1310 3310 1383 3376 sub-

278 3423 392 3487 stantia
419 3422 554 3507 eorporis
583 3421 710 3500 Christi,
736 3421 809 3506 quia
838 3422 915 3487 ratio
941 3421 1120 3488 substantie
1149 3422 1237 3506 panis
1266 3423 1385 3488 tollitur

276 3533 456 3599 adveniente
481 3532 651 3598 substantia
674 3533 807 3617 eorporis
834 3532 960 3598 Christi.
1006 3532 1056 3596 Ad
1075 3533 1223 3598 rationem
1247 3535 1380 3598 additam

276 3642 454 3728 respondeo,
470 3643 553 3728 quod
566 3666 630 3708 non
648 3643 789 3709 obstante
808 3644 961 3729 frequenti
976 3643 1191 3709 vocabulorum
1212 3648 1382 3710 substantiae

275 3763 307 3818 et
320 3763 433 3820 notare
447 3753 635 3835 confusione,
655 3755 792 3838 theologi
808 3778 870 3820 non
885 3755 991 3820 dieunt
1007 3764 1147 3820 naturam
1166 3758 1254 3841 panis
1270 3758 1382 3822 mutari

274 3868 309 3931 in
322 3870 515 3936 substantiam
534 3867 668 3952 eorporis
690 3867 815 3947 Christi,
835 3868 896 3939 sed·
907 3870 1101 3934 substantiam
1123 3868 1222 3954 ipsam
1236 3869 1325 3952 panis
1339 3867 1382 3932 sie

275 3978 396 4042 mutar'a
442 3977 576 4047 Materia
604 3987 707 4041 autem
736 3985 768 4041 et
797 3977 896 4043 forma
924 3979 1045 4063 proprie
1074 3987 1148 4043 sunt
1176 3987 1296 4058 notura,
1325 4000 1382 4042 neo

275 4088 381 4152 diomm
404 4088 619 4167 substantiam,
641 4087 701 4151 nisi
723 4096 759 4152 ut
779 4090 838 4160 aidi
854 4089 961 4154 relicte
977 4089 1042 4152 sine
1056 4097 1270 4155 sustentante:
1293 4089 1382 4154 etsie

274 4209 310 4262 ut
325 4199 496 4263 substantia
511 4177 599 4283 panis
619 4199 672 4262 fiat
693 4199 864 4263 substantia
887 4199 1022 4283 eorporis
1046 4198 1172 4280 Christi,
1194 4221 1257 4264 non
1278 4201 1379 4284 requi-

273 4310 352 4374 ritur
366 4309 449 4394 quod
463 4309 529 4394 ipsa
544 4309 669 4383 materia
689 4319 720 4373 et
738 4310 835 4383 forma
857 4310 945 4395 panis
966 4319 997 4375 et
1013 4311 1135 4396 singula
1149 4313 1214 4376 eius
1230 4312 1380 4377 elementa
