3200 4975
266 320 330 386 932
714 347 757 390 nu
774 347 922 394 neurus.
1224 326 1310 412 [car.
1327 345 1370 386 11.

265 515 369 573 utrum
390 532 455 576 esse
474 511 507 576 iu
530 511 684 577 voluntate
707 536 743 578 eo
768 512 853 599 quod
879 513 1027 579 iudicium
1054 515 1221 599 practicum
1248 515 1372 580 exhibet

265 617 418 687 obiectum
437 647 474 688 ex
493 645 555 688 una
576 634 662 709 parte
683 633 720 689 ut
740 624 791 690 hic
813 634 844 691 et
865 649 950 691 nunc
972 626 1137 712 appetibile
1158 627 1198 692 ob
1220 628 1371 692 rationem

266 729 350 812 boui,
366 756 402 798 ex
416 734 474 800 ulia
491 745 576 820 purte
596 745 632 800 ut
655 736 704 800 hic
726 746 758 802 et
779 760 864 802 nuuc
886 761 949 802 non
972 738 1136 824 appetibile
1159 738 1198 804 ob
1221 741 1371 804 rationem

265 841 398 928 aliquam
419 843 667 931 imperfectionis.
712 846 792 923 Quia
814 857 928 927 autem,
952 850 1031 914 facta
1055 850 1262 935 propositione
1286 850 1371 928 boni,

266 955 364 1020 oritur
384 967 487 1024 motus
509 961 756 1046 proportionatae
777 959 811 1023 in
834 961 1010 1046 passivitate
1032 961 1180 1042 affectiva,
1196 972 1226 1026 et
1241 963 1371 1026 excitato

266 1077 363 1147 motu,
375 1071 514 1155 sequitur
527 1079 613 1136 actus
628 1070 854 1155 complacentia
870 1073 1018 1136 naturalis
1033 1073 1167 1138 debono
1182 1083 1371 1159 temperatus

268 1177 458 1263 displicentia
477 1183 579 1268 aliqua
593 1183 714 1248 virtuali
735 1183 858 1248 deeius
880 1185 1121 1270 imperfectione,
1143 1187 1212 1250 ideo
1234 1187 1372 1272 potentia

265 1291 400 1374 proxime
423 1295 564 1380 expedita
583 1296 623 1361 ad
644 1295 783 1382 opposita
806 1319 868 1361 non
890 1306 936 1361 est
956 1298 1094 1382 potentia
1117 1299 1251 1383 ponendi
1275 1299 1370 1362 istum

267 1412 379 1485 actum,
395 1407 448 1491 qui
462 1408 570 1494 nequit
588 1432 651 1472 non
671 1409 755 1493 poni,
776 1408 830 1473 sed
845 1422 891 1472 est
912 1409 1050 1495 potentia
1071 1410 1132 1475 sive
1148 1395 1323 1494 quiescendi
1337 1411 1371 1474 in

267 1515 329 1597 illo,
345 1519 427 1602 quod
447 1519 541 1585 habet
561 1521 711 1584 rationem
732 1543 909 1602 consensor,
931 1521 993 1586 sive
1009 1543 1071 1584 non
1087 1521 1272 1606 quiescendi,
1288 1521 1370 1606 quod

266 1629 359 1694 habet
373 1632 522 1697 rationem
538 1633 703 1697 dissensus.
747 1632 831 1716 Ergo
850 1632 897 1696 uti
918 1641 1070 1716 potestate
1092 1634 1227 1718 proxime
1251 1633 1370 1697 indiffe-

265 1751 352 1806 rente
366 1743 405 1807 ad
424 1746 564 1830 opposita
586 1753 709 1828 nonest
727 1767 838 1828 ponere
853 1753 966 1820 actum,
983 1745 1031 1808 vel
1051 1769 1239 1829 conponere,
1256 1745 1310 1809 sed
1324 1755 1370 1809 est

267 1854 421 1937 quiescere
436 1855 468 1919 in
479 1866 550 1920 actu
564 1855 760 1920 materialiter
778 1855 889 1938 posito,
906 1853 953 1918 vel
968 1877 1030 1918 non
1051 1855 1214 1939 quiescere.
1260 1855 1300 1920 In
1314 1855 1371 1920 hoc

266 1965 362 2048 igitur
376 1967 539 2032 consistere
555 1967 644 2031 debet
660 1967 827 2031 formalitas
843 1975 928 2030 actus
944 1966 1042 2047 liberi,
1059 1976 1094 2032 ut
1109 1968 1186 2032 liber
1201 1977 1247 2031 est
1256 1995 1266 2046 ;
1290 1968 1371 2032 unde

266 2075 338 2140 licet
363 2080 567 2143 communiter
593 2080 712 2143 dicatur
740 2079 790 2162 (ob
817 2077 935 2142 facilem
966 2079 1175 2143 confusionem
1206 2102 1372 2144 consensus

266 2210 337 2252 curn
357 2198 428 2253 actu
448 2189 498 2253 cui
519 2190 720 2272 consentitur)
743 2188 826 2273 quod
848 2188 900 2252 ille
922 2199 1008 2252 aetus
1030 2199 1077 2253 est
1098 2189 1265 2254 formaliter
1286 2190 1372 2271 liber,

268 2301 321 2384 qui
342 2300 469 2385 ponitur
491 2300 683 2383 avoluntate
706 2311 742 2363 ut
763 2299 895 2365 habente
918 2308 1101 2384 potestatem
1124 2301 1163 2365 ad
1186 2302 1372 2386 oppositum,

268 2413 367 2476 verius
390 2422 492 2476 tamen
515 2412 679 2478 dicendum
701 2421 758 2492 est,
779 2412 863 2497 quod
883 2421 970 2476 actus
987 2413 1156 2476 formaliter
1170 2412 1247 2477 liber
1261 2424 1308 2477 est
1322 2414 1373 2477 ille

267 2526 317 2590 cui
339 2526 481 2592 voluntas
509 2526 662 2590 consentit
692 2535 761 2611 post
790 2524 1021 2603 advertentiam,
1051 2525 1173 2610 quando
1186 2586 1188 2591 ,
1202 2526 1296 2591 habet
1319 2550 1372 2612 po-

267 2645 408 2701 testatem
432 2638 598 2722 proximam
622 2660 685 2701 uon
709 2636 929 2701 consentiendi.
976 2636 1144 2701 Diversitas
1168 2646 1270 2702 autem
1294 2639 1374 2703 inter

268 2750 345 2815 duos
369 2750 425 2814 hos
450 2750 596 2836 loquendi
626 2750 743 2829 modos,
770 2749 841 2813 licet
866 2748 905 2811 sit
929 2747 1044 2812 nullius
1074 2750 1222 2813 momenti
1251 2750 1374 2835 quando

267 2862 444 2947 simpliciter
458 2863 612 2948 loquimur
626 2862 664 2926 de
678 2862 797 2926 actibus
812 2861 956 2924 humanis
971 2862 1191 2946 praesupposita
1207 2863 1373 2927 voluntatis

266 2974 418 3054 libertate,
440 2984 487 3039 est
513 2984 616 3038 tamen
645 2973 751 3057 magni
780 2973 929 3055 momenti
951 2972 985 3035 in
1007 2973 1063 3037 hac
1093 2974 1278 3059 quaestione;
1300 2998 1373 3040 nam

269 3087 367 3151 dicere
393 3087 475 3172 quod
500 3087 642 3151 voluntas
667 3087 810 3150 consentit
835 3108 887 3149 suo
911 3088 992 3149 actui
1018 3085 1103 3149 ducit
1127 3086 1166 3150 ad
1190 3087 1372 3152 solutionem

268 3200 406 3264 omnium
436 3199 661 3276 difficultatum,
691 3197 790 3261 dicere
815 3219 887 3261 vero
916 3196 998 3282 quod
1025 3196 1165 3261 voluntas
1195 3198 1374 3283 simpliciter

261 3315 350 3396 ponit
364 3335 469 3375 novum
483 3320 580 3375 actum
598 3308 773 3394 positivum,
788 3318 825 3373 ut
840 3318 934 3392 ponat
949 3330 1131 3372 consensum
1153 3309 1292 3390 liberum,
1309 3333 1372 3374 non

267 3424 352 3489 ducit
378 3422 417 3487 ad
441 3423 576 3507 aliquam
605 3421 798 3500 solutionem,
830 3443 927 3505 quum
954 3420 992 3485 de
1018 3420 1076 3485 hoc
1099 3420 1165 3504 ipso
1195 3443 1272 3486 novo
1302 3434 1372 3487 actu

267 3534 465 3622 quaerendum
480 3535 622 3619 supersit,
637 3556 692 3618 per
706 3533 790 3618 quid,
806 3542 836 3596 et
853 3532 1008 3617 quomodo
1022 3533 1119 3617 possit
1135 3556 1199 3596 esse
1214 3532 1300 3599 liber.

311 3647 403 3725 Quod
418 3646 444 3711 si
458 3646 492 3709 in
506 3646 675 3710 obiectione
689 3653 797 3729 agatur
818 3643 855 3707 de
876 3644 994 3708 actibus
1016 3632 1080 3709 non
1103 3644 1210 3708 elicitis
1231 3646 1371 3709 avolun·
1424 3682 1426 3687 ·

266 3769 329 3825 tate
343 3779 400 3823 nec
415 3758 447 3821 in
462 3757 528 3841 ipsa
543 3756 770 3833 consummatis,
787 3754 840 3818 sed
861 3754 1017 3839 imperatis
1033 3753 1071 3819 ab
1092 3754 1167 3839 ipsa,
1184 3767 1214 3819 et
1229 3778 1284 3840 per
1297 3756 1372 3821 alias

264 3869 418 3957 potentias
433 3867 495 3931 sive
514 3868 649 3931 internas
673 3866 735 3930 sive
758 3873 897 3928 externas
923 3864 1074 3948 perfectis,
1096 3874 1171 3928 tunc
1191 3864 1266 3929 tales
1284 3877 1371 3930 actus

266 3983 334 4048 ideo
368 3981 508 4045 dicentur
543 3977 641 4057 liberi,
671 3976 743 4062 quia
770 3985 926 4060 ponuntur
955 3976 1134 4061 imperative
1168 3998 1186 4040 a
1215 3976 1372 4042 voluntate

263 4094 397 4160 habente
419 4099 604 4177 potestatem
626 4088 760 4174 proxime
782 4088 954 4172 expeditam
978 4087 1017 4152 ad
1040 4087 1253 4171 imperandum
1276 4110 1370 4173 oppo-

265 4208 357 4272 situm
368 4233 376 4271 ι
389 4214 430 4273 —ct
445 4206 488 4269 sic
503 4204 536 4268 in
550 4203 599 4268 his
614 4202 732 4267 actibus
747 4200 913 4266 salvabitur
934 4199 1107 4266 communis
1122 4199 1199 4263 ratio
1214 4199 1370 4285 loquendi.

264 4320 421 4397 Attamen,
437 4339 533 4401 quum
549 4314 594 4403 illi
609 4320 694 4378 actus
714 4335 776 4377 non
797 4311 993 4397 perficiantur
1009 4336 1026 4376 a
1042 4312 1187 4397 potentiis
1203 4314 1371 4379 secundum
1473 4316 1475 4323 ’
