3200 4975
710 392 828 438 ranan.
1256 368 1320 429 405

1272 504 1324 555 Pag-

288 560 411 617 Tertium
426 565 470 615 est
487 558 637 614 essentialia
654 556 821 631 conspiratio
834 553 934 613 horum
945 550 1060 612 duorum
1071 554 1254 611 absolutorum

323 658 358 711 ad
369 654 605 711 coinexistendum
615 654 694 725 sibi(
714 693 720 709 .
734 653 765 723 7)
802 688 1247 708 ..........................
1270 648 1322 702 293

288 752 341 806 Est
351 750 381 804 in
393 750 527 805 elemento
539 749 629 820 imago
636 748 693 803 Dei
705 748 745 819 (n
757 748 790 819 8)
805 782 1248 801 ..........................
1271 741 1324 796 294

289 846 372 917 Origo
384 843 499 900 aetionis
510 849 539 899 et
549 842 690 916 passionis,
702 840 868 897 ubiaationis
886 846 914 897 et
932 839 1114 913 quandeitatis
1129 836 1254 893 acciden-

324 940 389 995 talis
399 939 440 1011 (ιι.
452 938 484 1009 9)
491 973 1232 994 ...........................................
1231 946 1236 953 ’
1244 972 1250 987 .
1290 932 1323 985 a.

289 1035 373 1107 Origo
384 1032 532 1101 relationis,
545 1031 714 1105 quantitatis,
726 1030 877 1104 qualitatis,
889 1035 940 1086 ete.
955 1034 995 1103 (ιι.
1009 1030 1057 1102 10)
1086 1068 1250 1085 ..........
1273 1027 1326 1080 293

255 1131 330 1185 Aac.
343 1130 381 1183 Π.
400 1129 444 1183 Dc
455 1128 554 1199 oriam
565 1128 735 1183 accidentium
746 1128 775 1182 ia
785 1126 929 1181 mummia
940 1126 1076 1197 spirituali

291 1224 451 1279 Substantia
465 1223 614 1297 spiritualis
630 1228 673 1277 est
686 1222 852 1296 principium
865 1222 989 1291 actionis,
1001 1220 1133 1294 passionis
1145 1224 1174 1275 et
1183 1218 1255 1276 mul-

325 1320 453 1376 titudinis
462 1320 506 1392 (ιι.
521 1319 570 1390 11)
595 1354 1250 1376 ......................................
1273 1313 1326 1368 297
1341 1328 1344 1335 ’

293 1414 411 1489 Spiritum
427 1413 512 1469 habet
528 1414 583 1468 alia
599 1413 653 1467 tria
669 1412 852 1467 assidentium
866 1412 1005 1486 principia,
1017 1428 1114 1483 nempe
1125 1410 1171 1464 alai
1179 1408 1258 1464 abso·

327 1510 426 1579 lutum,
438 1509 541 1579 quondo
550 1506 720 1577 absolutum,
733 1508 961 1581 conspirationem
979 1506 1119 1578 utriusque
1136 1505 1171 1559 ad
1182 1503 1257 1559 coin·

304 1650 307 1656 .
329 1603 501 1658 existendum
514 1602 553 1674 (n.
567 1602 668 1674 12-14)
701 1638 1252 1657 ................................
1275 1596 1328 1651 298

294 1697 413 1771 Spiritus
424 1714 479 1750 non
490 1695 724 1751 habetabilocale
735 1696 841 1751 ratione
853 1696 896 1751 sui
909 1697 947 1769 (n.
959 1696 1006 1767 15)
1019 1732 1254 1750 ..............
1276 1691 1328 1745 301

296 1790 498 1863 Fatinspiritu
509 1790 600 1862 imago
611 1790 664 1845 Dei
677 1792 716 1862 (ιι.
730 1791 778 1860 16)
809 1826 1253 1846 ..........................
1294 1787 1327 1841 ὦ.

295 1887 379 1959 Origo
401 1890 480 1941 actare
501 1884 683 1949 immanentis,
706 1884 846 1957 passionis,
872 1884 1034 1940 ubicationis
1060 1881 1208 1957 spiritualis
1230 1885 1260 1935 et

306 2031 308 2034 .
332 1979 515 2052 quandeitatis
530 1978 723 2035 accidentalis:
740 1979 868 2051 analogia
878 1979 950 2034 inter
961 1983 1052 2034 motus
1064 1970 1261 2033 intellectuales

331 2081 361 2130 et
371 2076 471 2130 locales
484 2075 523 2148 (n.
535 2074 582 2145 17)
600 2113 1184 2130 ..................................
1187 2109 1202 2139 -.
1214 2112 1220 2125 .
1231 2111 1255 2126 ..
1277 2066 1331 2123 302

298 2169 671 2243 euremuarspiaaao.
687 2168 773 2241 1a)..·
775 2205 1255 2226 ............................
1273 2139 1331 2217 ’toa

298 2265 381 2337 Origo
393 2264 507 2319 actionis
518 2263 682 2319 transeuntis
694 2264 734 2337 (n.
748 2264 796 2335 19)
812 2300 1256 2320 ..........................
1276 2258 1331 2311 305

262 2364 338 2415 ΛΒΤ.
351 2360 403 2415 ΙΠ.
422 2361 467 2414 De
478 2360 577 2430 oripine
588 2360 759 2414 wddcntiam
769 2360 798 2413 in
810 2360 919 2413 homino.

297 2456 389 2511 Homo
400 2460 443 2512 est
453 2454 617 2528 principium
629 2453 751 2524 aetionis,
763 2454 895 2527 passionis
910 2458 939 2511 et
956 2452 1141 2509 multitudinis
1160 2452 1200 2525 (n.
1212 2450 1261 2522 20)
1297 2449 1330 2504 at.

297 2551 388 2606 Homo
400 2551 483 2605 habet
494 2551 548 2605 alia
558 2550 612 2604 tria
623 2549 806 2604 accidentium
817 2549 956 2622 principia,
965 2566 1062 2622 nempe
1071 2549 1174 2618 quondo
1183 2545 1261 2601 abso·

331 2645 423 2700 lutum
434 2643 641 2710 informationis,
653 2643 699 2696 oui
709 2647 771 2695 tum
782 2642 900 2714 corporis
915 2646 948 2695 ut
965 2641 1120 2714 recipientis
1135 2639 1261 2707 animum,

332 2741 394 2790 tum
412 2735 584 2790 conscientias
600 2740 633 2788 ut
648 2735 820 2790 terminantis
838 2740 931 2790 actum
947 2735 990 2790 sui
1007 2753 1065 2790 esse
1082 2732 1260 2807 cognitivum,

333 2828 506 2888 essentialem
520 2828 747 2902 conspirationem
762 2828 833 2884 inter
848 2830 909 2885 haec
924 2830 970 2884 ubi
979 2834 1008 2885 et
1019 2831 1121 2901 quondo
1132 2827 1261 2882 informa·

306 2977 309 2983 ,
334 2923 541 2996 timum(n.21)
565 2961 1257 2981 ........................................
1297 2921 1330 2976 a.

300 3019 392 3074 Homo
404 3018 713 3074 estadsimilitudinem
723 3018 776 3073 Dei
789 3020 829 3092 (n.
840 3019 891 3092 22)
917 3057 1257 3075 ....................
1258 3025 1259 3028 ’
1279 3017 1333 3072 307

298 3113 382 3186 Origo
393 3113 562 3169 diversorum
572 3112 917 3169 accidentiuminhomine
931 3113 971 3186 (n.
984 3113 1033 3185 23)
1055 3153 1256 3170 ............
1279 3111 1333 3166 308

230 3209 314 3264 uAP.
326 3208 365 3264 IL
384 3208 431 3262 Da
443 3222 872 3277 accmaurmnssmrnromns,
886 3223 942 3264 snu
953 3222 1126 3263 rnnarnrvrs.
1217 3197 1219 3204 ’

301 3303 407 3359 Divisio
418 3303 515 3376 capitis
528 3302 568 3375 (ιι.
580 3303 629 3374 24)
636 3342 1259 3361 ....................................
1298 3301 1331 3355 ti.

265 3400 340 3454 Aur.
353 3399 376 3453 Ι.
396 3399 440 3453 De
451 3399 556 3455 actione.
572 3465 577 3472 .

300 3493 438 3569 Actioest
449 3492 691 3549 actuatiovirtutis
702 3491 851 3565 activae(n.
864 3493 913 3566 25)
950 3531 1257 3550 ..................
1280 3490 1334 3544 309

188 3648 191 3656 ,
300 3589 385 3646 Aetio
397 3594 440 3644 cst
450 3589 607 3643 immediate
619 3587 799 3642 aeubstantia
810 3588 916 3659 agentis
930 3589 969 3659 (ιι.
982 3587 1031 3659 26)
1057 3627 1257 3645 ............
1280 3585 1333 3638 311

300 3680 1256 3756 Respondetndiffioultatibus(n.27-31)....................'..
1279 3678 1332 3732 313

301 3777 386 3833 Actio
396 3775 634 3831 nonestmutatio
645 3774 792 3830 intrinseca
803 3775 908 3848 agentis
922 3775 961 3847 (ιι.
974 3775 1017 3845 32,
1029 3776 1079 3847 33)
1093 3814 1257 3830 ..........
1280 3773 1333 3826 323

304 3871 497 3926 conclusiones
509 3871 608 3943 aliquae
621 3869 661 3943 (ιι.
674 3870 723 3941 34)
742 3908 1258 3927 ..............................
1281 3868 1334 3921 325

266 3965 593 4036 Aminnearum.
639 4011 642 4016 .
832 4007 957 4019 .
1046 3959 1048 3964 ’

301 4060 397 4117 Passio
410 4065 452 4114 est
461 4062 581 4116 actuatio
592 4059 722 4132 potentia
734 4059 849 4132 passivae
862 4061 900 4132 (n.
913 4060 962 4131 35)
986 4097 1258 4116 ................
1281 4057 1335 4110 326

303 4155 434 4211 Potentia
459 4153 567 4226 passiva
595 4159 637 4210 est
661 4154 694 4209 de
718 4172 747 4210 se
774 4154 898 4226 proxime
927 4160 1020 4228 parata
1043 4155 1079 4209 ad
1104 4152 1264 4226 patiendum

324 4251 378 4323 .(n.
391 4251 441 4320 30)
463 4285 1259 4306 ..............................................
1282 4246 1334 4301 327

302 4343 734 4401 Passioestmutatiointuinseca
746 4344 875 4416 patientis
889 4345 928 4416 (n.
941 4344 989 4415 37)
1023 4385 1135 4400 .......
1146 4391 1147 4394 ,
1148 4383 1258 4398 .......
1300 4341 1333 4394 ib.
