3200 4975
228 362 298 408 cur.
315 340 355 425 1.]
607 359 650 401 nn
667 358 925 402 iccrnrurrnns.
1273 330 1339 401 301·

228 526 363 605 tellecta,
374 524 447 589 dicit
459 522 695 608 possibilitatem
703 524 805 588 omnis
817 523 944 587 unitatis
955 519 1130 588 relatiiae'e't
1141 516 1333 588 accidentalis

229 638 310 703 inter
324 637 440 722 quondo
466 645 497 699 et
521 636 572 698 abi
595 634 752 719 spirituale
775 634 935 698 relativum
961 634 992 697 in
1016 633 1121 699 eadem
1144 632 1336 707 substantiae

232 749 313 813 sicut
350 756 455 813 autem
491 746 595 810 unitas
632 768 820 831 consequens
849 745 1104 830 conspirationem
1133 746 1337 829 intelligibilis

181 858 184 864 ’
231 883 302 924 cum
332 858 488 922 intellecto
517 857 556 921 ad
585 857 849 923 coinexistendum
882 856 956 921 dicit
988 879 1121 926 amorem
1153 858 1201 921 sui
1232 849 1337 922 ncces-

230 974 345 1038 sarium
360 982 391 1037 et
406 972 649 1051 substantialem,
662 982 693 1037 et
704 972 864 1037 constituit
875 972 1062 1036 voluntatem
1075 982 1227 1037 actualem
1236 972 1336 1056 primo

231 1087 309 1151 circa
325 1085 482 1170 proprium
498 1107 573 1165 esse,
589 1084 633 1148 ita
652 1083 755 1148 unitas
773 1106 963 1169 consequens
982 1080 1236 1168 conspirationem
1248 1098 1336 1148 'eam-

233 1198 302 1262 dem
325 1208 360 1261 ut
385 1197 611 1261 denominat-am
629 1196 856 1261 accidentaliter·
870 1196 908 1260 ab
924 1202 1017 1274 extra,
1033 1219 1088 1259 seu
1099 1194 1201 1260 unitas
1215 1195 1342 1259 relativa

232 1318 263 1373 et
285 1307 491 1387 accidentalis,
507 1306 581 1371 dicit
603 1329 737 1371 amorem
760 1307 989 1391 contingentem
1013 1315 1044 1370 et
1067 1306 1291 1385 accidentalem,
1308 1314 1342 1371 et¹

234 1419 395 1485 constituit
410 1419 600 1487 voluntatem
619 1418 752 1483 secundo
767 1428 919 1483 actuatam
935 1418 1013 1483 circa
1028 1418 1144 1503 aliquid
1159 1418 1343 1483 distinctum¹

234 1557 253 1596 a
266 1536 390 1617 proprio
405 1554 481 1595 csse.

202 1706 209 1723 ,
281 1645 333 1709 15.
355 1643 491 1708 Tandem
514 1643 732 1708 advertendum
755 1652 812 1723 est,
836 1643 987 1729 spiritum,
1006 1638 1115 1729 p'raeter
1136 1642 1339 1707 ubicationem

237 1756 320 1821 illam
332 1756 365 1819 in
377 1756 507 1819 termino
521 1755 646 1839 cognito
660 1763 691 1819 et
706 1765 899 1840 amata-qua
913 1754 958 1819 illi
973 1755 1114 1820 convenit
1129 1776 1183 1839 per
1198 1778 1230 1819 se
1245 1764 1280 1819 ut
1295 1762 1343 1819 est·

237 1868 409 1933 substantia
430 1867 624 1947 intellectiva,
640 1866 751 1931 babere
774 1890 861 1951 posse
884 1866 974 1931 aliam
998 1867 1202 1931 ubicationem
1218 1867 1342 1931 alterius

239 1980 359 2064 speciei,
381 1978 549 2042 secuudum
570 2001 665 2064 quam
684 1978 900 2043 denominatur
918 2000 1050 2063 praseus
1071 1978 1258 2063 corporibus,
1274 2001 1342 2064 quae

240 2092 395 2170 informat,
411 2101 464 2155 aut
479 2090 591 2175 quibus
613 2090 762 2175 imprimit
786 2101 915 2154 motum.
962 2090 1037 2154 Haec
1060 2090 1193 2155 ubicatio
1215 2100 1261 2154 est
1283 2100 1343 2155 ter-

240 2202 344 2266 minus
359 2202 449 2287 spatii
464 2202 591 2283 relativi,
607 2202 660 2267 sed
675 2211 723 2266 est
739 2202 871 2267 ubicatio
887 2201 1019 2287 corporis
1033 2200 1122 2281 moti,
1137 2202 1234 2287 magis
1249 2198 1342 2287 quam

241 2313 367 2399 spiritus
389 2314 549 2394 moventia,
565 2323 596 2378 et
618 2314 741 2400 praecise
763 2325 810 2378 est
829 2314 961 2378 ubicatio
977 2312 1145 2379 secundum
1161 2336 1254 2398 quam
1268 2314 1344 2378 recia

240 2426 324 2512 pitur
338 2426 435 2491 virtus
454 2427 635 2492 moventis..
660 2427 733 2492 Non
755 2444 829 2512 ergo
852 2436 898 2491 cst
922 2425 1054 2491 ubicatio
1074 2420 1200 2511 spiritus
1215 2448 1271 2491 nec
1285 2424 1345 2491 vir*

242 2539 319 2603 tutis
334 2539 399 2603 eius
415 2540 544 2618 motivae,
561 2539 615 2603 scd
629 2539 725 2624 ipsius
740 2538 879 2618 actionis,
895 2557 963 2624 quae
979 2537 1134 2622 recipitur,
1149 2547 1180 2603 et
1195 2547 1346 2623 quatenus

242 2651 389 2734 recipitur
402 2651 436 2713 in
451 2673 593 2735 corpore:
616 2660 663 2714 cst
678 2673 751 2734 ergo
765 2649 816 2714 abi
830 2651 863 2714 in
876 2673 936 2735 quo
948 2671 1057 2734 corpus
1069 2649 1175 2734 recipit
1186 2649 1346 2714 actionem

243 2759 376 2836 Quando
398 2784 471 2844 ergo
491 2761 562 2825 talis
581 2762 714 2826 ubicatio
732 2761 880 2826 tribuitur
900 2761 1030 2847 spiritui,
1046 2762 1160 2826 locutio
1175 2771 1221 2828 est
1235 2762 1348 2848 impro-

243 2871 310 2954 pria
319 2897 328 2950 3
340 2872 387 2950 ‚fit
407 2871 489 2936 enim
512 2873 660 2936 transitus
682 2872 720 2936 ab
742 2871 777 2937 eo
800 2872 883 2958 quod
901 2881 948 2937 cst
963 2872 1087 2938 effectus
1102 2873 1142 2938 ad
1157 2873 1189 2938 id
1203 2874 1287 2959 quod
1301 2883 1346 2939 cst

245 3004 344 3048 causa.
391 2983 478 3047 Idem
496 3007 514 3047 a
529 2983 645 3046 fortiori
659 2983 833 3061 dicendum,
849 2984 875 3046 si
891 2992 1082 3070 supponatur
1103 2985 1228 3070 spiritus
1246 2985 1348 3071 aliqua

246 3094 364 3158 actione
389 3117 478 3180 agere
501 3097 534 3158 in
564 3095 715 3180 spiritum.
762 3095 902 3180 Spatium
918 3094 1059 3175 enim,'in
1079 3119 1142 3183 quo
1160 3097 1224 3162 solo
1246 3099 1347 3162 conci-

247 3207 375 3290 piuntur
390 3229 456 3270 csse
470 3219 501 3271 et
517 3208 629 3271 moveri
644 3208 770 3292 spiritus
784 3218 832 3272 est
841 3209 1093 3292 metaphoricum,
1109 3232 1165 3274 nec
1174 3221 1220 3273 est
1233 3210 1348 3296 aliquid

246 3317 349 3396 locale,
373 3318 425 3382 sed
454 3319 521 3403 ipsa
542 3319 777 3402 intelligibilitas
799 3319 948 3384 obiectiva
969 3343 1082 3400 rerum,
1105 3321 1192 3385 cuius
1215 3322 1346 3408 aliquem

249 3432 416 3496 terminum
432 3431 592 3497 virtualem
614 3432 781 3498 extrinsece
803 3433 969 3496 terminant
985 3440 1015 3497 et
1031 3433 1229 3499 denominant
1247 3448 1349 3502 actua·

247 3552 326 3623 tum,
342 3543 465 3628 quando
478 3553 551 3609 actu
565 3554 638 3609 sunt
652 3567 723 3608 cum
738 3545 804 3608 cius
820 3545 918 3629 specie
933 3543 1132 3629 intelligibili.

293 3656 343 3719 16.
368 3655 513 3740 Sequitur
535 3679 571 3722 ex
593 3656 692 3734 dietis,
708 3657 741 3720 in
764 3657 937 3721 substantia
959 3657 1123 3742 spirituali,
1139 3659 1217 3722 sicut
1239 3659 1271 3722 in
1291 3659 1350 3724 ele÷

249 3774 353 3829 mento
368 3767 516 3830 materiali
530 3767 636 3831 haberi
651 3777 713 3832 tres
728 3767 876 3831 terminos
890 3766 989 3832 tribus
1004 3767 1273 3834 terminationibus
1292 3780 1352 3834 ter·

250 3878 391 3959 minatos,
415 3879 540 3944 alterius
564 3888 667 3944 tamen
690 3881 825 3945 rationis.
872 3881 953 3946 Sunt
983 3891 1085 3946 autem
1117 3887 1150 3946 1ο
1178 3883 1352 3947 intellectus

247 4009 344 4076 agens
359 3993 436 4057 dans
450 4015 516 4056 esse
529 3991 699 4057 intellectui
724 3995 851 4075 passivo,
868 3993 954 4056 cuius
976 3995 1151 4058 terminatio
1173 4005 1220 4060 est
1239 3986 1352 4080 quondo

249 4103 446 4169 absolutum:
470 4109 505 4170 2⁰
526 4104 699 4168 intellectus
721 4105 861 4189 passivus
882 4128 935 4169 seu
958 4107 1141 4171 conscicntia
1161 4098 1208 4171 sui
1223 4130 1288 4172 csse
1303 4095 1352 4174 coi

200 4257 203 4265 ,
252 4216 435 4298 gnoscentis,
451 4217 540 4281 cuius
553 4215 728 4280 terminatio
743 4225 789 4279 est
804 4219 855 4280 ubi
869 4217 1024 4302 spirituale
1040 4218 1238 4284 intrinsecum
1254 4229 1284 4284 et
1300 4220 1353 4285 ab·

250 4325 402 4390 solutum:
437 4331 472 4390 3⁰
504 4327 606 4390 unitas
633 4325 841 4391 substantialis
866 4327 1016 4392 'resultans
1041 4351 1076 4392 ex
1100 4339 1240 4414 utroque,
1265 4333 1351 4394 cuius
