3200 4975
270 346 333 409 148
708 366 750 409 nn
769 366 914 409 nonius.
1244 343 1328 427 [car.
1345 360 1369 403 1.

268 555 333 597 esse
353 530 507 617 appetitus
527 531 682 596 rationalis
708 533 897 597 sensibilium
923 554 977 617 per
995 533 1059 599 vim
1084 532 1183 617 primo
1209 530 1369 595 elicitivam

267 645 394 708 affectus
420 644 586 729 spiritualis
610 645 823 730 respondentis
848 645 1016 729 cognitioni
1045 644 1237 709 intellectiva
1261 644 1371 709 obiecti

269 755 441 821 sensibilis:
463 764 494 820 et
503 755 569 820 haec
578 754 622 819 vis
636 756 820 820 terminatur
834 755 996 842 adprimos
1007 765 1119 836 motus,
1132 747 1268 843 quisunt
1280 778 1370 842 spon·

267 868 361 934 tanei.
573 943 576 948 Α

310 983 356 1044 2⁰.
379 978 472 1056 Quod
496 980 633 1065 potentia
658 982 863 1045 conservativa
886 981 1050 1046 affectuum
1077 980 1277 1059 sensibilium,
1301 1002 1369 1064 quae

266 1091 403 1155 continet
412 1090 642 1175 dispositionem
657 1092 845 1156 habitualem
862 1093 900 1157 ad
913 1093 1062 1177 quosdam
1079 1102 1183 1157 motus
1201 1092 1368 1169 sensibiles,

266 1210 302 1265 ut
328 1201 508 1287 completiva
533 1202 670 1268 eiusdem
696 1213 792 1284 aetus,
809 1204 863 1289 qui
882 1204 1052 1289 completur
1074 1204 1167 1269 etiam
1188 1226 1244 1288 per
1263 1212 1370 1288 poten·

264 1315 340 1377 tiam
367 1314 532 1380 affectuum
556 1316 761 1395 rationalium,
777 1318 813 1380 fit
834 1318 1007 1381 auxiliativa
1029 1318 1184 1404 appetitus
1203 1315 1368 1395 rationalis,

265 1425 374 1489 saltem
395 1449 453 1511 pro
472 1428 599 1507 actibus,
617 1428 729 1513 quibus
751 1429 907 1513 appetitur
921 1429 1075 1493 obiectum
1091 1428 1232 1493 sensibile
1247 1428 1368 1513 utrique

265 1538 430 1603 conforme.

307 1652 352 1715 3⁰.
376 1649 470 1726 Quod
484 1652 529 1715 vis
544 1652 665 1716 volitiva
678 1652 753 1717 boui
768 1652 930 1732 sensibilis,
947 1676 1002 1718 seu
1017 1652 1159 1718 voluntas
1179 1652 1313 1733 inferior,
1329 1652 1368 1717 de

264 1769 483 1845 sespontanea,
500 1762 671 1847 completur
685 1764 719 1827 in
733 1786 799 1828 esse
815 1764 1014 1828 instrumenti
1028 1764 1183 1828 facultatis
1197 1764 1299 1829 liberae
1313 1786 1368 1849 per

262 1876 323 1941 vim
353 1878 505 1942 volitivam
536 1879 715 1943 rationalem
745 1890 979 1965 prosequentem
1010 1880 1041 1943 in
1072 1880 1191 1945 obiecto
1231 1880 1366 1945 sensibili

262 1988 380 2053 bonum
394 1990 511 2054 ratione
525 1992 694 2075 cognitum,
706 2000 737 2055 et
752 1992 796 2056 sic
810 1992 985 2057 flectentem
1000 2001 1092 2079 atque
1106 2001 1263 2077 regentem
1275 2014 1367 2078 spon-

262 2101 440 2166 taneitatem
454 2103 621 2166 instinctus
635 2102 785 2167 animalis.

275 2237 280 2246 ·
305 2212 457 2292 Vicissim,
472 2214 505 2277 in
520 2213 627 2277 eodem
643 2215 821 2298 composito,
837 2214 869 2277 in
885 2214 992 2279 ordine
1019 2213 1058 2279 ad
1082 2215 1259 2279 facultatem
1280 2233 1366 2300 oppe-

264 2328 378 2391 titiacm
392 2328 582 2391 rationalium
596 2325 787 2391 admittenda
802 2336 893 2391 erunt
907 2328 972 2392 haec
987 2328 1056 2407 tria,
1070 2341 1199 2413 nempe:

275 2435 278 2439 ’
306 2440 350 2502 1⁰.
375 2437 531 2516 Quodvis
552 2438 652 2523 primo
672 2438 803 2504 elicitiva
823 2438 988 2504 affectuum
1012 2440 1216 2521 rationalium,
1244 2440 1367 2526 quando

261 2551 365 2634 agitur
386 2549 424 2614 de
443 2549 524 2615 bono
543 2549 679 2615 sensibili
698 2573 753 2636 per
771 2537 905 2616 rationes
925 2551 1133 2635 intelligibiles
1153 2552 1286 2636 cognito,
1303 2574 1366 2615 non

261 2671 308 2727 est
333 2662 507 2727 seducibilis
531 2662 570 2726 ad
590 2670 703 2740 actum,
724 2663 784 2726 nisi
811 2661 976 2726 comitante
1003 2663 1104 2749 aliqua
1127 2663 1304 2728 reductione
1327 2665 1365 2728 ad

261 2782 363 2839 actum
379 2774 476 2859 ipsius
491 2773 536 2838 vis
549 2774 650 2859 primo
664 2774 802 2838 elicitivae
822 2761 987 2838 affectuum
1009 2773 1217 2838 sensibilium:
1240 2775 1366 2839 affectus

261 2895 365 2950 antem
379 2885 540 2950 'sensibilis
565 2894 595 2949 et
618 2886 774 2952 rationalis
798 2884 1037 2963 concordabunt,
1062 2884 1110 2949 vel
1137 2885 1364 2966 discordabunt,

260 3005 353 3082 prout
376 2997 529 3062 obiectum
556 2996 802 3082 apprehendetur
819 2995 943 3080 utrique
965 2996 1110 3081 potentiae
1128 2997 1298 3078 convenire,
1318 2998 1364 3062 vel

262 3131 336 3173 non.
389 3140 391 3143 ·

304 3222 349 3283 2⁰.
373 3217 465 3295 Quod
490 3219 626 3303 potentia
651 3218 856 3283 conservativa
879 3218 1043 3283 affectuum
1068 3217 1272 3298 rationalium,
1297 3236 1365 3305 quae

261 3331 355 3394 habet
377 3331 606 3415 dispositionem
627 3316 816 3394 habitualem
839 3328 881 3394 ‘ad
901 3330 1050 3415 quosdam
1070 3338 1173 3393 motus
1191 3331 1363 3410 rationales,

261 3422 301 3505 ut
312 3441 491 3524 completiva
505 3441 642 3506 eiusdem
656 3429 818 3525 aetus,‘qi1i
834 3441 1005 3526 completur
1019 3442 1111 3505 etiam
1126 3463 1181 3526 per
1195 3443 1363 3525 potentiam

262 3532 424 3616 affectuum
449 3552 649 3638 sensibilium,
666 3553 699 3615 fit
719 3542 893 3616 auxiliatrix
908 3552 1062 3636 appetitus
1078 3551 1238 3632 sensibilis,
1255 3553 1362 3618 saltem

260 3687 316 3750 pro
331 3663 458 3741 actibus,
475 3663 587 3748 quibus
603 3665 757 3748 appetitur
771 3663 925 3728 obiectum
941 3663 1064 3748 utrique
1079 3663 1242 3728 conforme.

219 3852 221 3857 ,
304 3779 355 3840 3⁰.
372 3774 465 3852 Quod
479 3777 523 3839 vis
538 3761 662 3839 electiva
676 3775 750 3839 boni
764 3774 921 3839 rationalis
937 3797 969 3838 se
984 3774 1154 3838 exhibentis
1169 3775 1202 3838 in
1218 3797 1249 3839 re
1267 3778 1362 3841 sensi-

260 3888 325 3967 bili,
337 3911 391 3952 seu
406 3886 546 3951 voluntas
562 3887 702 3971 superior
714 3884 928 3951 determinabit
940 3885 1095 3949 materiale
1111 3887 1158 3949 sui
1174 3897 1259 3951 actus
1274 3887 1363 3952 liberi

259 4024 315 4085 per
328 3999 476 4064 iudicium
491 4000 657 4083 practicum
674 3985 858 4082 dependens
871 4021 889 4061 a
911 3987 1157 4061 consideratione
1171 3997 1280 4062 obiecti
1298 4021 1361 4064 non

259 4101 359 4177 solum
385 4119 420 4175 ut
446 4110 652 4174 convenientis
678 4110 907 4196 cum‘potentia
927 4108 1077 4186 rationali,
1100 4108 1153 4172 sed
1175 4109 1266 4174 etiam
1290 4133 1360 4175 cum

259 4224 411 4288 sensitiva.
457 4222 560 4298 Quare
585 4244 744 4306 processus
765 4221 1001 4300 deliberationis,
1022 4243 1083 4305 qua
1103 4220 1243 4284 voluntas
1262 4221 1361 4285 deter-

257 4336 355 4400 minat
381 4357 470 4398 suum
491 4343 593 4398 actum
605 4333 674 4396 -erit
696 4333 728 4396 in
749 4333 928 4417 composit0,
945 4333 983 4396 de
1002 4354 1063 4416 quo
1087 4332 1217 4415 agimus,
1234 4333 1362 4417 compli-
