<?xml version="1.0" encoding="UTF-8"?>
<!DOCTYPE html PUBLIC "-//W3C//DTD XHTML 1.0 Transitional//EN"
    "http://www.w3.org/TR/xhtml1/DTD/xhtml1-transitional.dtd">
<html xmlns="http://www.w3.org/1999/xhtml" xml:lang="en" lang="en">
 <head>
  <title>
</title>
<meta http-equiv="Content-Type" content="text/html;charset=utf-8" />
  <meta name='ocr-system' content='tesseract 3.04.00' />
  <meta name='ocr-capabilities' content='ocr_page ocr_carea ocr_par ocr_line ocrx_word'/>
</head>
<body>
  <div class='ocr_page' id='page_1' title='image "./realisphilosoph02baymgoog_0284.png"; bbox 0 0 3200 4975; ppageno 0'>
   <div class='ocr_carea' id='block_1_1' title="bbox 263 332 1369 417">
    <p class='ocr_par' dir='ltr' id='par_1_1' title="bbox 263 332 1369 417">
     <span class='ocr_line' id='line_1_1' title="bbox 263 332 1369 417; baseline -0.004 -19"><span class='ocrx_word' id='word_1_1' title='bbox 263 336 329 400; x_wconf 79' lang='lat'>270</span> <span class='ocrx_word' id='word_1_2' title='bbox 691 352 733 398; x_wconf 81' lang='lat' dir='ltr'>nn</span> <span class='ocrx_word' id='word_1_3' title='bbox 751 354 898 399; x_wconf 80' lang='lat' dir='ltr'>nonius.</span> <span class='ocrx_word' id='word_1_4' title='bbox 1210 332 1296 417; x_wconf 75' lang='lat' dir='ltr'>[car.</span> <span class='ocrx_word' id='word_1_5' title='bbox 1314 352 1369 394; x_wconf 89' lang='lat'>111.</span> 
     </span>
    </p>
   </div>
   <div class='ocr_carea' id='block_1_2' title="bbox 183 518 1372 4396">
    <p class='ocr_par' dir='ltr' id='par_1_2' title="bbox 261 518 1371 1163">
     <span class='ocr_line' id='line_1_2' title="bbox 262 518 1370 605; baseline -0.005 -21"><span class='ocrx_word' id='word_1_6' title='bbox 262 542 336 605; x_wconf 84' lang='lat' dir='ltr'>ergo</span> <span class='ocrx_word' id='word_1_7' title='bbox 358 521 476 585; x_wconf 85' lang='lat' dir='ltr'><strong>excludi</strong></span> <span class='ocrx_word' id='word_1_8' title='bbox 499 543 608 599; x_wconf 89' lang='lat' dir='ltr'>unum,</span> <span class='ocrx_word' id='word_1_9' title='bbox 629 542 693 585; x_wconf 89' lang='lat' dir='ltr'>non</span> <span class='ocrx_word' id='word_1_10' title='bbox 714 530 833 585; x_wconf 90' lang='lat' dir='ltr'>retento</span> <span class='ocrx_word' id='word_1_11' title='bbox 854 521 958 599; x_wconf 87' lang='lat' dir='ltr'>altero,</span> <span class='ocrx_word' id='word_1_12' title='bbox 975 528 1006 584; x_wconf 89' lang='lat' dir='ltr'>et</span> <span class='ocrx_word' id='word_1_13' title='bbox 1021 528 1242 604; x_wconf 88' lang='lat' dir='ltr'>consequenter</span> <span class='ocrx_word' id='word_1_14' title='bbox 1262 518 1370 603; x_wconf 86' lang='lat' dir='ltr'>nequit</span> 
     </span>
     <span class='ocr_line' id='line_1_3' title="bbox 262 629 1369 716; baseline -0.005 -20"><span class='ocrx_word' id='word_1_15' title='bbox 262 632 390 716; x_wconf 85' lang='lat' dir='ltr'>cogitari</span> <span class='ocrx_word' id='word_1_16' title='bbox 404 655 460 697; x_wconf 91' lang='lat' dir='ltr'>ens</span> <span class='ocrx_word' id='word_1_17' title='bbox 473 632 517 696; x_wconf 87' lang='lat' dir='ltr'>ita</span> <span class='ocrx_word' id='word_1_18' title='bbox 531 632 766 697; x_wconf 79' lang='lat' dir='ltr'>indeterminate</span> <span class='ocrx_word' id='word_1_19' title='bbox 781 641 817 695; x_wconf 92' lang='lat' dir='ltr'>ut</span> <span class='ocrx_word' id='word_1_20' title='bbox 832 654 894 696; x_wconf 92' lang='lat' dir='ltr'>non</span> <span class='ocrx_word' id='word_1_21' title='bbox 911 632 951 695; x_wconf 91' lang='lat' dir='ltr'>sit</span> <span class='ocrx_word' id='word_1_22' title='bbox 966 652 1066 715; x_wconf 91' lang='lat' dir='ltr'>neque</span> <span class='ocrx_word' id='word_1_23' title='bbox 1081 629 1254 694; x_wconf 87' lang='lat' dir='ltr'>substantia</span> <span class='ocrx_word' id='word_1_24' title='bbox 1270 650 1369 711; x_wconf 87' lang='lat' dir='ltr'>neque</span> 
     </span>
     <span class='ocr_line' id='line_1_4' title="bbox 263 740 1371 828; baseline -0.003 -22"><span class='ocrx_word' id='word_1_25' title='bbox 263 742 412 822; x_wconf 88' lang='lat' dir='ltr'>accidens,</span> <span class='ocrx_word' id='word_1_26' title='bbox 428 743 482 808; x_wconf 88' lang='lat' dir='ltr'>sed</span> <span class='ocrx_word' id='word_1_27' title='bbox 502 743 577 827; x_wconf 88' lang='lat' dir='ltr'>quid</span> <span class='ocrx_word' id='word_1_28' title='bbox 597 742 680 808; x_wconf 90' lang='lat' dir='ltr'>aliud</span> <span class='ocrx_word' id='word_1_29' title='bbox 697 742 729 807; x_wconf 91' lang='lat' dir='ltr'>in</span> <span class='ocrx_word' id='word_1_30' title='bbox 745 742 883 828; x_wconf 88' lang='lat' dir='ltr'>potentia</span> <span class='ocrx_word' id='word_1_31' title='bbox 897 742 936 807; x_wconf 92' lang='lat' dir='ltr'>ad</span> <span class='ocrx_word' id='word_1_32' title='bbox 954 740 1145 807; x_wconf 85' lang='lat' dir='ltr'>utrumlibet.</span> <span class='ocrx_word' id='word_1_33' title='bbox 1190 742 1231 805; x_wconf 80' lang='lat' dir='ltr'>llt</span> <span class='ocrx_word' id='word_1_34' title='bbox 1246 750 1371 826; x_wconf 87' lang='lat' dir='ltr'>propter</span> 
     </span>
     <span class='ocr_line' id='line_1_5' title="bbox 262 853 1369 941; baseline -0.003 -23"><span class='ocrx_word' id='word_1_35' title='bbox 262 854 399 919; x_wconf 89' lang='lat' dir='ltr'>eamdem</span> <span class='ocrx_word' id='word_1_36' title='bbox 415 856 564 921; x_wconf 88' lang='lat' dir='ltr'>rationem</span> <span class='ocrx_word' id='word_1_37' title='bbox 584 856 692 941; x_wconf 88' lang='lat' dir='ltr'>nequit</span> <span class='ocrx_word' id='word_1_38' title='bbox 712 855 833 920; x_wconf 78' lang='lat' dir='ltr'>excludi</span> <span class='ocrx_word' id='word_1_39' title='bbox 847 854 885 919; x_wconf 90' lang='lat' dir='ltr'>ab</span> <span class='ocrx_word' id='word_1_40' title='bbox 901 862 971 918; x_wconf 88' lang='lat' dir='ltr'>ente</span> <span class='ocrx_word' id='word_1_41' title='bbox 986 854 1044 918; x_wconf 91' lang='lat' dir='ltr'>hoc</span> <span class='ocrx_word' id='word_1_42' title='bbox 1058 853 1141 938; x_wconf 90' lang='lat' dir='ltr'>quod</span> <span class='ocrx_word' id='word_1_43' title='bbox 1156 860 1202 917; x_wconf 88' lang='lat' dir='ltr'>est</span> <span class='ocrx_word' id='word_1_44' title='bbox 1217 873 1282 917; x_wconf 87' lang='lat' dir='ltr'>esso</span> <span class='ocrx_word' id='word_1_45' title='bbox 1297 874 1369 916; x_wconf 92' lang='lat' dir='ltr'>con-</span> 
     </span>
     <span class='ocr_line' id='line_1_6' title="bbox 261 964 1368 1052; baseline -0.002 -24"><span class='ocrx_word' id='word_1_46' title='bbox 261 965 395 1049; x_wconf 84' lang='lat' dir='ltr'>tingens,</span> <span class='ocrx_word' id='word_1_47' title='bbox 411 966 487 1050; x_wconf 91' lang='lat' dir='ltr'>quin</span> <span class='ocrx_word' id='word_1_48' title='bbox 497 964 609 1051; x_wconf 88' lang='lat' dir='ltr'>eoipso</span> <span class='ocrx_word' id='word_1_49' title='bbox 620 974 753 1051; x_wconf 86' lang='lat' dir='ltr'>ponatur</span> <span class='ocrx_word' id='word_1_50' title='bbox 768 964 851 1052; x_wconf 87' lang='lat' dir='ltr'>quod</span> <span class='ocrx_word' id='word_1_51' title='bbox 867 966 906 1030; x_wconf 88' lang='lat' dir='ltr'>sit</span> <span class='ocrx_word' id='word_1_52' title='bbox 920 966 1135 1045; x_wconf 87' lang='lat' dir='ltr'>necessarium,</span> <span class='ocrx_word' id='word_1_53' title='bbox 1147 972 1178 1028; x_wconf 91' lang='lat' dir='ltr'>et</span> <span class='ocrx_word' id='word_1_54' title='bbox 1187 965 1250 1027; x_wconf 84' lang='lat' dir='ltr'>vice</span> <span class='ocrx_word' id='word_1_55' title='bbox 1265 984 1368 1027; x_wconf 87' lang='lat' dir='ltr'>versa:</span> 
     </span>
     <span class='ocr_line' id='line_1_7' title="bbox 262 1075 1159 1163; baseline -0.001 -23"><span class='ocrx_word' id='word_1_56' title='bbox 262 1099 318 1141; x_wconf 89' lang='lat' dir='ltr'>nec</span> <span class='ocrx_word' id='word_1_57' title='bbox 332 1076 451 1141; x_wconf 82' lang='lat' dir='ltr'>excludi</span> <span class='ocrx_word' id='word_1_58' title='bbox 466 1077 655 1163; x_wconf 77' lang='lat' dir='ltr'>simplicitas,</span> <span class='ocrx_word' id='word_1_59' title='bbox 671 1078 747 1162; x_wconf 89' lang='lat' dir='ltr'>quin</span> <span class='ocrx_word' id='word_1_60' title='bbox 762 1086 894 1162; x_wconf 85' lang='lat' dir='ltr'>ponatur</span> <span class='ocrx_word' id='word_1_61' title='bbox 909 1075 1087 1161; x_wconf 80' lang='lat' dir='ltr'>compositio</span> <span class='ocrx_word' id='word_1_62' title='bbox 1103 1084 1159 1140; x_wconf 89' lang='lat' dir='ltr'>etc.</span> 
     </span>
    </p>

    <p class='ocr_par' dir='ltr' id='par_1_3' title="bbox 258 1182 1372 2946">
     <span class='ocr_line' id='line_1_8' title="bbox 282 1182 1367 1275; baseline -0.003 -23"><span class='ocrx_word' id='word_1_63' title='bbox 282 1182 372 1252; x_wconf 75' lang='lat' dir='ltr'>&#39;Neo</span> <span class='ocrx_word' id='word_1_64' title='bbox 392 1189 490 1273; x_wconf 83' lang='lat' dir='ltr'>magis</span> <span class='ocrx_word' id='word_1_65' title='bbox 509 1188 657 1275; x_wconf 84' lang='lat' dir='ltr'>proficies,</span> <span class='ocrx_word' id='word_1_66' title='bbox 677 1189 703 1253; x_wconf 93' lang='lat' dir='ltr'>si</span> <span class='ocrx_word' id='word_1_67' title='bbox 725 1188 808 1256; x_wconf 90' lang='lat' dir='ltr'>dicas</span> <span class='ocrx_word' id='word_1_68' title='bbox 829 1188 1033 1252; x_wconf 80' lang='lat' dir='ltr'>exclusionem</span> <span class='ocrx_word' id='word_1_69' title='bbox 1055 1186 1138 1251; x_wconf 87' lang='lat' dir='ltr'>illam</span> <span class='ocrx_word' id='word_1_70' title='bbox 1160 1209 1224 1251; x_wconf 92' lang='lat' dir='ltr'>non</span> <span class='ocrx_word' id='word_1_71' title='bbox 1244 1186 1367 1271; x_wconf 83' lang='lat' dir='ltr'>requiri,</span> 
     </span>
     <span class='ocr_line' id='line_1_9' title="bbox 262 1298 1368 1386; baseline -0.002 -23"><span class='ocrx_word' id='word_1_72' title='bbox 262 1298 317 1365; x_wconf 88' lang='lat' dir='ltr'>sed</span> <span class='ocrx_word' id='word_1_73' title='bbox 339 1301 475 1364; x_wconf 90' lang='lat' dir='ltr'>sufficere</span> <span class='ocrx_word' id='word_1_74' title='bbox 501 1299 670 1386; x_wconf 77' lang='lat' dir='ltr'>simplicem</span> <span class='ocrx_word' id='word_1_75' title='bbox 697 1300 942 1378; x_wconf 79' lang='lat' dir='ltr'>abstractionem,</span> <span class='ocrx_word' id='word_1_76' title='bbox 967 1322 1021 1385; x_wconf 91' lang='lat' dir='ltr'>per</span> <span class='ocrx_word' id='word_1_77' title='bbox 1044 1321 1137 1383; x_wconf 88' lang='lat' dir='ltr'>quam</span> <span class='ocrx_word' id='word_1_78' title='bbox 1162 1298 1368 1383; x_wconf 88' lang='lat' dir='ltr'>concipiamus</span> 
     </span>
     <span class='ocr_line' id='line_1_10' title="bbox 262 1410 1366 1496; baseline -0.003 -20"><span class='ocrx_word' id='word_1_79' title='bbox 262 1434 318 1476; x_wconf 90' lang='lat' dir='ltr'>ens</span> <span class='ocrx_word' id='word_1_80' title='bbox 332 1411 416 1496; x_wconf 88' lang='lat' dir='ltr'>quod</span> <span class='ocrx_word' id='word_1_81' title='bbox 430 1420 477 1477; x_wconf 88' lang='lat' dir='ltr'>est</span> <span class='ocrx_word' id='word_1_82' title='bbox 491 1413 524 1475; x_wconf 93' lang='lat' dir='ltr'>in</span> <span class='ocrx_word' id='word_1_83' title='bbox 540 1434 573 1477; x_wconf 92' lang='lat' dir='ltr'>se</span> <span class='ocrx_word' id='word_1_84' title='bbox 587 1421 642 1476; x_wconf 88' lang='lat' dir='ltr'>aut</span> <span class='ocrx_word' id='word_1_85' title='bbox 657 1412 689 1475; x_wconf 92' lang='lat' dir='ltr'>in</span> <span class='ocrx_word' id='word_1_86' title='bbox 704 1412 773 1493; x_wconf 91' lang='lat' dir='ltr'>alio,</span> <span class='ocrx_word' id='word_1_87' title='bbox 789 1411 975 1496; x_wconf 80' lang='lat' dir='ltr'>negligendo</span> <span class='ocrx_word' id='word_1_88' title='bbox 994 1411 1051 1475; x_wconf 86' lang='lat' dir='ltr'>has</span> <span class='ocrx_word' id='word_1_89' title='bbox 1073 1410 1261 1475; x_wconf 85' lang='lat' dir='ltr'>differentias</span> <span class='ocrx_word' id='word_1_90' title='bbox 1280 1413 1312 1473; x_wconf 83' lang='lat' dir='ltr'>iu</span> <span class='ocrx_word' id='word_1_91' title='bbox 1326 1433 1366 1487; x_wconf 86' lang='lat' dir='ltr'>se,</span> 
     </span>
     <span class='ocr_line' id='line_1_11' title="bbox 262 1520 1367 1609; baseline -0.003 -22"><span class='ocrx_word' id='word_1_92' title='bbox 262 1526 294 1587; x_wconf 84' lang='lat' dir='ltr'>in</span> <span class='ocrx_word' id='word_1_93' title='bbox 308 1524 378 1603; x_wconf 83' lang='lat' dir='ltr'>ulio,</span> <span class='ocrx_word' id='word_1_94' title='bbox 393 1523 469 1609; x_wconf 90' lang='lat' dir='ltr'>quin</span> <span class='ocrx_word' id='word_1_95' title='bbox 485 1523 613 1609; x_wconf 84' lang='lat' dir='ltr'>positive</span> <span class='ocrx_word' id='word_1_96' title='bbox 635 1523 846 1588; x_wconf 86' lang='lat' dir='ltr'>excludantur.</span> <span class='ocrx_word' id='word_1_97' title='bbox 893 1520 1109 1606; x_wconf 87' lang='lat' dir='ltr'>Respondetur</span> <span class='ocrx_word' id='word_1_98' title='bbox 1130 1521 1223 1601; x_wconf 90' lang='lat' dir='ltr'>enim,</span> <span class='ocrx_word' id='word_1_99' title='bbox 1244 1521 1367 1606; x_wconf 89' lang='lat' dir='ltr'>quodsi</span> 
     </span>
     <span class='ocr_line' id='line_1_12' title="bbox 261 1632 1367 1718; baseline -0.002 -20"><span class='ocrx_word' id='word_1_100' title='bbox 261 1657 325 1699; x_wconf 91' lang='lat' dir='ltr'>non</span> <span class='ocrx_word' id='word_1_101' title='bbox 347 1634 548 1700; x_wconf 84' lang='lat' dir='ltr'>excludantur</span> <span class='ocrx_word' id='word_1_102' title='bbox 569 1634 629 1699; x_wconf 85' lang='lat' dir='ltr'>illae</span> <span class='ocrx_word' id='word_1_103' title='bbox 650 1634 918 1699; x_wconf 86' lang='lat' dir='ltr'>determinationes</span> <span class='ocrx_word' id='word_1_104' title='bbox 938 1635 969 1695; x_wconf 83' lang='lat' dir='ltr'>in</span> <span class='ocrx_word' id='word_1_105' title='bbox 983 1654 1015 1697; x_wconf 84' lang='lat' dir='ltr'>ae</span> <span class='ocrx_word' id='word_1_106' title='bbox 1029 1641 1059 1697; x_wconf 86' lang='lat' dir='ltr'>et</span> <span class='ocrx_word' id='word_1_107' title='bbox 1075 1634 1107 1696; x_wconf 85' lang='lat' dir='ltr'>ia</span> <span class='ocrx_word' id='word_1_108' title='bbox 1120 1633 1189 1713; x_wconf 85' lang='lat' dir='ltr'>ulio,</span> <span class='ocrx_word' id='word_1_109' title='bbox 1209 1655 1264 1697; x_wconf 86' lang='lat' dir='ltr'>cns</span> <span class='ocrx_word' id='word_1_110' title='bbox 1284 1632 1367 1718; x_wconf 91' lang='lat' dir='ltr'>quod</span> 
     </span>
     <span class='ocr_line' id='line_1_13' title="bbox 261 1744 1369 1831; baseline -0.004 -20"><span class='ocrx_word' id='word_1_111' title='bbox 261 1747 414 1831; x_wconf 85' lang='lat' dir='ltr'>cogitatur</span> <span class='ocrx_word' id='word_1_112' title='bbox 427 1768 491 1812; x_wconf 90' lang='lat' dir='ltr'>non</span> <span class='ocrx_word' id='word_1_113' title='bbox 510 1747 564 1810; x_wconf 90' lang='lat' dir='ltr'>fiet</span> <span class='ocrx_word' id='word_1_114' title='bbox 586 1746 685 1830; x_wconf 84' lang='lat' dir='ltr'>magis</span> <span class='ocrx_word' id='word_1_115' title='bbox 707 1744 887 1809; x_wconf 87' lang='lat' dir='ltr'>universale.</span> <span class='ocrx_word' id='word_1_116' title='bbox 932 1746 1015 1808; x_wconf 90' lang='lat' dir='ltr'>Nam</span> <span class='ocrx_word' id='word_1_117' title='bbox 1036 1766 1098 1809; x_wconf 91' lang='lat' dir='ltr'>non</span> <span class='ocrx_word' id='word_1_118' title='bbox 1113 1752 1215 1829; x_wconf 84' lang='lat' dir='ltr'>potest</span> <span class='ocrx_word' id='word_1_119' title='bbox 1230 1766 1295 1809; x_wconf 86' lang='lat' dir='ltr'>esse</span> <span class='ocrx_word' id='word_1_120' title='bbox 1310 1766 1369 1807; x_wconf 52' lang='lat' dir='ltr'>cns*</span> 
     </span>
     <span class='ocr_line' id='line_1_14' title="bbox 259 1854 1365 1933; baseline -0.004 -12"><span class='ocrx_word' id='word_1_121' title='bbox 259 1857 530 1926; x_wconf 88' lang='lat' dir='ltr'>indeterminatum</span> <span class='ocrx_word' id='word_1_122' title='bbox 552 1858 590 1922; x_wconf 90' lang='lat' dir='ltr'>ad</span> <span class='ocrx_word' id='word_1_123' title='bbox 612 1855 815 1921; x_wconf 81' lang='lat' dir='ltr'>exhibendam</span> <span class='ocrx_word' id='word_1_124' title='bbox 838 1854 1052 1931; x_wconf 86' lang='lat' dir='ltr'>substantiam,</span> <span class='ocrx_word' id='word_1_125' title='bbox 1068 1854 1115 1918; x_wconf 88' lang='lat' dir='ltr'>vel</span> <span class='ocrx_word' id='word_1_126' title='bbox 1135 1855 1284 1933; x_wconf 90' lang='lat' dir='ltr'>accidens,</span> <span class='ocrx_word' id='word_1_127' title='bbox 1305 1855 1365 1918; x_wconf 90' lang='lat' dir='ltr'>nisi</span> 
     </span>
     <span class='ocr_line' id='line_1_15' title="bbox 260 1964 1365 2053; baseline -0.004 -20"><span class='ocrx_word' id='word_1_128' title='bbox 260 1968 447 2053; x_wconf 88' lang='lat' dir='ltr'>concipiatur</span> <span class='ocrx_word' id='word_1_129' title='bbox 468 1976 506 2033; x_wconf 88' lang='lat' dir='ltr'>ut</span> <span class='ocrx_word' id='word_1_130' title='bbox 526 1990 583 2033; x_wconf 91' lang='lat' dir='ltr'>nec</span> <span class='ocrx_word' id='word_1_131' title='bbox 604 1978 674 2032; x_wconf 89' lang='lat' dir='ltr'>actu</span> <span class='ocrx_word' id='word_1_132' title='bbox 697 1967 879 2046; x_wconf 86' lang='lat' dir='ltr'>substantia,</span> <span class='ocrx_word' id='word_1_133' title='bbox 909 1988 966 2030; x_wconf 86' lang='lat' dir='ltr'>nec</span> <span class='ocrx_word' id='word_1_134' title='bbox 995 1975 1066 2029; x_wconf 91' lang='lat' dir='ltr'>actu</span> <span class='ocrx_word' id='word_1_135' title='bbox 1095 1965 1252 2044; x_wconf 88' lang='lat' dir='ltr'>accidens;</span> <span class='ocrx_word' id='word_1_136' title='bbox 1276 1964 1365 2029; x_wconf 83' lang='lat' dir='ltr'>debet</span> 
     </span>
     <span class='ocr_line' id='line_1_16' title="bbox 260 2072 1365 2161; baseline -0.003 -19"><span class='ocrx_word' id='word_1_137' title='bbox 260 2078 344 2142; x_wconf 90' lang='lat' dir='ltr'>enim</span> <span class='ocrx_word' id='word_1_138' title='bbox 359 2078 417 2142; x_wconf 89' lang='lat' dir='ltr'>sub</span> <span class='ocrx_word' id='word_1_139' title='bbox 431 2077 484 2142; x_wconf 91' lang='lat' dir='ltr'>illa</span> <span class='ocrx_word' id='word_1_140' title='bbox 502 2078 590 2142; x_wconf 88' lang='lat' dir='ltr'>totali</span> <span class='ocrx_word' id='word_1_141' title='bbox 611 2077 899 2142; x_wconf 85' lang='lat' dir='ltr'>indeterminatione</span> <span class='ocrx_word' id='word_1_142' title='bbox 921 2075 1063 2142; x_wconf 83' lang='lat' dir='ltr'>exhibere</span> <span class='ocrx_word' id='word_1_143' title='bbox 1084 2098 1115 2140; x_wconf 89' lang='lat' dir='ltr'>se</span> <span class='ocrx_word' id='word_1_144' title='bbox 1130 2077 1213 2140; x_wconf 89' lang='lat' dir='ltr'>utin</span> <span class='ocrx_word' id='word_1_145' title='bbox 1228 2072 1365 2161; x_wconf 87' lang='lat' dir='ltr'>potentia</span> 
     </span>
     <span class='ocr_line' id='line_1_17' title="bbox 259 2187 1365 2273; baseline -0.003 -19"><span class='ocrx_word' id='word_1_146' title='bbox 259 2189 299 2254; x_wconf 89' lang='lat' dir='ltr'>ad</span> <span class='ocrx_word' id='word_1_147' title='bbox 320 2192 496 2273; x_wconf 83' lang='lat' dir='ltr'>utrumque.</span> <span class='ocrx_word' id='word_1_148' title='bbox 542 2189 647 2266; x_wconf 84' lang='lat' dir='ltr'>Quum</span> <span class='ocrx_word' id='word_1_149' title='bbox 667 2198 771 2254; x_wconf 89' lang='lat' dir='ltr'>antem</span> <span class='ocrx_word' id='word_1_150' title='bbox 791 2190 851 2255; x_wconf 86' lang='lat' dir='ltr'>hoc</span> <span class='ocrx_word' id='word_1_151' title='bbox 871 2189 911 2253; x_wconf 90' lang='lat' dir='ltr'>sit</span> <span class='ocrx_word' id='word_1_152' title='bbox 934 2188 1073 2253; x_wconf 90' lang='lat' dir='ltr'>absolute</span> <span class='ocrx_word' id='word_1_153' title='bbox 1095 2187 1294 2273; x_wconf 90' lang='lat' dir='ltr'>impossibile,</span> <span class='ocrx_word' id='word_1_154' title='bbox 1319 2210 1365 2251; x_wconf 89' lang='lat' dir='ltr'>se-</span> 
     </span>
     <span class='ocr_line' id='line_1_18' title="bbox 260 2298 1364 2385; baseline -0.003 -21"><span class='ocrx_word' id='word_1_155' title='bbox 260 2300 366 2385; x_wconf 89' lang='lat' dir='ltr'>qnitur</span> <span class='ocrx_word' id='word_1_156' title='bbox 380 2298 600 2385; x_wconf 89' lang='lat' dir='ltr'>impossibilem</span> <span class='ocrx_word' id='word_1_157' title='bbox 620 2321 686 2363; x_wconf 88' lang='lat' dir='ltr'>csse</span> <span class='ocrx_word' id='word_1_158' title='bbox 707 2299 808 2363; x_wconf 90' lang='lat' dir='ltr'>ideam</span> <span class='ocrx_word' id='word_1_159' title='bbox 830 2300 910 2363; x_wconf 90' lang='lat' dir='ltr'>entis</span> <span class='ocrx_word' id='word_1_160' title='bbox 932 2298 1317 2383; x_wconf 49' lang='lat' dir='ltr'>prorsus‘indeterminati,</span> <span class='ocrx_word' id='word_1_161' title='bbox 1333 2306 1364 2362; x_wconf 91' lang='lat' dir='ltr'>et</span> 
     </span>
     <span class='ocr_line' id='line_1_19' title="bbox 259 2410 1364 2497; baseline -0.001 -23"><span class='ocrx_word' id='word_1_162' title='bbox 259 2410 488 2496; x_wconf 84' lang='lat' dir='ltr'>generalissimi.</span> <span class='ocrx_word' id='word_1_163' title='bbox 532 2411 615 2475; x_wconf 91' lang='lat' dir='ltr'>Addi</span> <span class='ocrx_word' id='word_1_164' title='bbox 635 2420 736 2497; x_wconf 90' lang='lat' dir='ltr'>potest</span> <span class='ocrx_word' id='word_1_165' title='bbox 760 2411 838 2475; x_wconf 89' lang='lat' dir='ltr'>ratio</span> <span class='ocrx_word' id='word_1_166' title='bbox 860 2411 1035 2476; x_wconf 87' lang='lat' dir='ltr'>intrinseca.</span> <span class='ocrx_word' id='word_1_167' title='bbox 1081 2411 1164 2475; x_wconf 88' lang='lat' dir='ltr'>Nam</span> <span class='ocrx_word' id='word_1_168' title='bbox 1179 2411 1318 2475; x_wconf 89' lang='lat' dir='ltr'>accidens</span> <span class='ocrx_word' id='word_1_169' title='bbox 1333 2419 1364 2475; x_wconf 87' lang='lat' dir='ltr'>et</span> 
     </span>
     <span class='ocr_line' id='line_1_20' title="bbox 258 2521 1363 2606; baseline -0.003 -19"><span class='ocrx_word' id='word_1_170' title='bbox 258 2521 430 2588; x_wconf 81' lang='lat' dir='ltr'>substantia</span> <span class='ocrx_word' id='word_1_171' title='bbox 452 2545 515 2587; x_wconf 90' lang='lat' dir='ltr'>non</span> <span class='ocrx_word' id='word_1_172' title='bbox 541 2531 614 2587; x_wconf 90' lang='lat' dir='ltr'>sunt</span> <span class='ocrx_word' id='word_1_173' title='bbox 637 2545 692 2586; x_wconf 90' lang='lat' dir='ltr'>ens</span> <span class='ocrx_word' id='word_1_174' title='bbox 718 2522 855 2602; x_wconf 84' lang='lat' dir='ltr'>univoce,</span> <span class='ocrx_word' id='word_1_175' title='bbox 886 2523 940 2586; x_wconf 87' lang='lat' dir='ltr'>sed</span> <span class='ocrx_word' id='word_1_176' title='bbox 968 2521 1132 2606; x_wconf 85' lang='lat' dir='ltr'>aequivoce.</span> <span class='ocrx_word' id='word_1_177' title='bbox 1188 2521 1260 2585; x_wconf 88' lang='lat' dir='ltr'>Non</span> <span class='ocrx_word' id='word_1_178' title='bbox 1289 2543 1363 2605; x_wconf 86' lang='lat' dir='ltr'>ergo</span> 
     </span>
     <span class='ocr_line' id='line_1_21' title="bbox 258 2608 1372 2721; baseline -0.004 -20"><span class='ocrx_word' id='word_1_179' title='bbox 258 2644 360 2720; x_wconf 88' lang='lat' dir='ltr'>potest</span> <span class='ocrx_word' id='word_1_180' title='bbox 380 2658 444 2700; x_wconf 90' lang='lat' dir='ltr'>una</span> <span class='ocrx_word' id='word_1_181' title='bbox 464 2636 542 2701; x_wconf 87' lang='lat' dir='ltr'>ratio</span> <span class='ocrx_word' id='word_1_182' title='bbox 562 2608 644 2700; x_wconf 72' lang='lat' dir='ltr'>entis</span> <span class='ocrx_word' id='word_1_183' title='bbox 656 2637 723 2700; x_wconf 89' lang='lat' dir='ltr'>erui</span> <span class='ocrx_word' id='word_1_184' title='bbox 737 2657 792 2721; x_wconf 91' lang='lat' dir='ltr'>per</span> <span class='ocrx_word' id='word_1_185' title='bbox 807 2635 1015 2721; x_wconf 89' lang='lat' dir='ltr'>praecisionem</span> <span class='ocrx_word' id='word_1_186' title='bbox 1031 2657 1048 2699; x_wconf 90' lang='lat' dir='ltr'>a</span> <span class='ocrx_word' id='word_1_187' title='bbox 1063 2635 1180 2698; x_wconf 89' lang='lat' dir='ltr'>ratione</span> <span class='ocrx_word' id='word_1_188' title='bbox 1195 2633 1315 2698; x_wconf 81' lang='lat' dir='ltr'>essendi</span> <span class='ocrx_word' id='word_1_189' title='bbox 1330 2635 1372 2697; x_wconf 88' lang='lat' dir='ltr'>in·</span> 
     </span>
     <span class='ocr_line' id='line_1_22' title="bbox 258 2745 1364 2830; baseline -0.004 -18"><span class='ocrx_word' id='word_1_190' title='bbox 258 2770 300 2826; x_wconf 93' lang='lat' dir='ltr'>se,</span> <span class='ocrx_word' id='word_1_191' title='bbox 315 2756 346 2811; x_wconf 89' lang='lat' dir='ltr'>ct</span> <span class='ocrx_word' id='word_1_192' title='bbox 362 2770 380 2812; x_wconf 89' lang='lat' dir='ltr'>a</span> <span class='ocrx_word' id='word_1_193' title='bbox 394 2749 511 2813; x_wconf 85' lang='lat' dir='ltr'>ratione</span> <span class='ocrx_word' id='word_1_194' title='bbox 525 2747 646 2829; x_wconf 83' lang='lat' dir='ltr'>essendi</span> <span class='ocrx_word' id='word_1_195' title='bbox 659 2747 692 2811; x_wconf 91' lang='lat' dir='ltr'>in</span> <span class='ocrx_word' id='word_1_196' title='bbox 708 2747 767 2811; x_wconf 88' lang='lat' dir='ltr'>alio</span> <span class='ocrx_word' id='word_1_197' title='bbox 775 2771 785 2824; x_wconf 90' lang='lat'>;</span> <span class='ocrx_word' id='word_1_198' title='bbox 808 2746 892 2810; x_wconf 88' lang='lat' dir='ltr'>etsie</span> <span class='ocrx_word' id='word_1_199' title='bbox 904 2768 966 2810; x_wconf 90' lang='lat' dir='ltr'>non</span> <span class='ocrx_word' id='word_1_200' title='bbox 983 2756 1084 2830; x_wconf 87' lang='lat' dir='ltr'>potest</span> <span class='ocrx_word' id='word_1_201' title='bbox 1098 2746 1204 2811; x_wconf 88' lang='lat' dir='ltr'>haberi</span> <span class='ocrx_word' id='word_1_202' title='bbox 1220 2765 1281 2810; x_wconf 87' lang='lat' dir='ltr'>una</span> <span class='ocrx_word' id='word_1_203' title='bbox 1295 2745 1364 2809; x_wconf 88' lang='lat' dir='ltr'>idea</span> 
     </span>
     <span class='ocr_line' id='line_1_23' title="bbox 258 2858 1136 2946; baseline -0.002 -22"><span class='ocrx_word' id='word_1_204' title='bbox 258 2861 338 2924; x_wconf 88' lang='lat' dir='ltr'>entis</span> <span class='ocrx_word' id='word_1_205' title='bbox 353 2860 583 2946; x_wconf 80' lang='lat' dir='ltr'>praescmdentis</span> <span class='ocrx_word' id='word_1_206' title='bbox 598 2859 690 2924; x_wconf 82' lang='lat' dir='ltr'>simul</span> <span class='ocrx_word' id='word_1_207' title='bbox 705 2883 723 2924; x_wconf 91' lang='lat' dir='ltr'>a</span> <span class='ocrx_word' id='word_1_208' title='bbox 738 2859 911 2923; x_wconf 86' lang='lat' dir='ltr'>substantia</span> <span class='ocrx_word' id='word_1_209' title='bbox 925 2867 956 2922; x_wconf 92' lang='lat' dir='ltr'>et</span> <span class='ocrx_word' id='word_1_210' title='bbox 972 2858 1136 2924; x_wconf 90' lang='lat' dir='ltr'>accidente.</span> 
     </span>
    </p>

    <p class='ocr_par' dir='ltr' id='par_1_4' title="bbox 183 2969 1365 4396">
     <span class='ocr_line' id='line_1_24' title="bbox 312 2969 1363 3056; baseline -0.003 -21"><span class='ocrx_word' id='word_1_211' title='bbox 312 2975 384 3036; x_wconf 90' lang='lat'>108.</span> <span class='ocrx_word' id='word_1_212' title='bbox 417 2972 502 3048; x_wconf 79' lang='lat' dir='ltr'>Quid</span> <span class='ocrx_word' id='word_1_213' title='bbox 535 2993 609 3056; x_wconf 81' lang='lat' dir='ltr'>ergo</span> <span class='ocrx_word' id='word_1_214' title='bbox 644 2969 819 3050; x_wconf 90' lang='lat' dir='ltr'>dicendum,</span> <span class='ocrx_word' id='word_1_215' title='bbox 853 2970 985 3054; x_wconf 83' lang='lat' dir='ltr'>inquies,</span> <span class='ocrx_word' id='word_1_216' title='bbox 1015 2969 1052 3033; x_wconf 92' lang='lat' dir='ltr'>de</span> <span class='ocrx_word' id='word_1_217' title='bbox 1081 2969 1237 3034; x_wconf 91' lang='lat' dir='ltr'>communi</span> <span class='ocrx_word' id='word_1_218' title='bbox 1272 2969 1363 3033; x_wconf 90' lang='lat' dir='ltr'>modo</span> 
     </span>
     <span class='ocr_line' id='line_1_25' title="bbox 258 3079 1363 3167; baseline -0.001 -23"><span class='ocrx_word' id='word_1_219' title='bbox 258 3081 413 3167; x_wconf 91' lang='lat' dir='ltr'>loquendi,</span> <span class='ocrx_word' id='word_1_220' title='bbox 436 3090 583 3167; x_wconf 88' lang='lat' dir='ltr'>quotam</span> <span class='ocrx_word' id='word_1_221' title='bbox 606 3081 703 3145; x_wconf 91' lang='lat' dir='ltr'>multa</span> <span class='ocrx_word' id='word_1_222' title='bbox 732 3080 896 3145; x_wconf 88' lang='lat' dir='ltr'>asserimus</span> <span class='ocrx_word' id='word_1_223' title='bbox 919 3080 957 3144; x_wconf 90' lang='lat' dir='ltr'>de</span> <span class='ocrx_word' id='word_1_224' title='bbox 979 3088 1049 3144; x_wconf 88' lang='lat' dir='ltr'>ente</span> <span class='ocrx_word' id='word_1_225' title='bbox 1073 3079 1250 3165; x_wconf 89' lang='lat' dir='ltr'>simpliciter</span> <span class='ocrx_word' id='word_1_226' title='bbox 1271 3088 1302 3143; x_wconf 91' lang='lat' dir='ltr'>ct</span> <span class='ocrx_word' id='word_1_227' title='bbox 1326 3080 1363 3144; x_wconf 90' lang='lat' dir='ltr'>de</span> 
     </span>
     <span class='ocr_line' id='line_1_26' title="bbox 257 3190 1363 3276; baseline -0.002 -20"><span class='ocrx_word' id='word_1_228' title='bbox 257 3193 323 3256; x_wconf 90' lang='lat' dir='ltr'>eius</span> <span class='ocrx_word' id='word_1_229' title='bbox 337 3193 428 3257; x_wconf 79' lang='lat' dir='ltr'>idea?</span> <span class='ocrx_word' id='word_1_230' title='bbox 459 3192 543 3269; x_wconf 80' lang='lat' dir='ltr'>Quid</span> <span class='ocrx_word' id='word_1_231' title='bbox 557 3214 627 3257; x_wconf 83' lang='lat' dir='ltr'>vero</span> <span class='ocrx_word' id='word_1_232' title='bbox 645 3191 685 3256; x_wconf 89' lang='lat' dir='ltr'>de</span> <span class='ocrx_word' id='word_1_233' title='bbox 703 3191 742 3255; x_wconf 88' lang='lat' dir='ltr'>iis</span> <span class='ocrx_word' id='word_1_234' title='bbox 763 3191 963 3276; x_wconf 88' lang='lat' dir='ltr'>philosophis,</span> <span class='ocrx_word' id='word_1_235' title='bbox 988 3192 1042 3276; x_wconf 92' lang='lat' dir='ltr'>qui</span> <span class='ocrx_word' id='word_1_236' title='bbox 1064 3199 1160 3255; x_wconf 89' lang='lat' dir='ltr'>totam</span> <span class='ocrx_word' id='word_1_237' title='bbox 1182 3190 1363 3276; x_wconf 84' lang='lat' dir='ltr'>ideologiam</span> 
     </span>
     <span class='ocr_line' id='line_1_27' title="bbox 256 3301 1362 3386; baseline 0 -20"><span class='ocrx_word' id='word_1_238' title='bbox 256 3326 293 3366; x_wconf 85' lang='lat' dir='ltr'>ex</span> <span class='ocrx_word' id='word_1_239' title='bbox 314 3303 384 3367; x_wconf 85' lang='lat' dir='ltr'>idea</span> <span class='ocrx_word' id='word_1_240' title='bbox 405 3303 486 3366; x_wconf 91' lang='lat' dir='ltr'>entis</span> <span class='ocrx_word' id='word_1_241' title='bbox 511 3301 759 3366; x_wconf 86' lang='lat' dir='ltr'>universalissimi</span> <span class='ocrx_word' id='word_1_242' title='bbox 789 3302 1006 3366; x_wconf 80' lang='lat' dir='ltr'>deduxerunt?</span> <span class='ocrx_word' id='word_1_243' title='bbox 1037 3302 1220 3386; x_wconf 78' lang='lat' dir='ltr'>Respondes</span> <span class='ocrx_word' id='word_1_244' title='bbox 1244 3302 1362 3367; x_wconf 86' lang='lat' dir='ltr'>nullam</span> 
     </span>
     <span class='ocr_line' id='line_1_28' title="bbox 256 3397 1363 3498; baseline -0.001 -21"><span class='ocrx_word' id='word_1_245' title='bbox 256 3399 322 3477; x_wconf 79' lang='lat' dir='ltr'>esse</span> <span class='ocrx_word' id='word_1_246' title='bbox 337 3413 436 3477; x_wconf 89' lang='lat' dir='ltr'>ideam</span> <span class='ocrx_word' id='word_1_247' title='bbox 451 3412 531 3477; x_wconf 89' lang='lat' dir='ltr'>entis</span> <span class='ocrx_word' id='word_1_248' title='bbox 546 3397 622 3476; x_wconf 77' lang='lat' dir='ltr'>ddeo</span> <span class='ocrx_word' id='word_1_249' title='bbox 642 3411 854 3491; x_wconf 86' lang='lat' dir='ltr'>universalem,</span> <span class='ocrx_word' id='word_1_250' title='bbox 869 3421 905 3476; x_wconf 91' lang='lat' dir='ltr'>ut</span> <span class='ocrx_word' id='word_1_251' title='bbox 920 3413 1102 3498; x_wconf 84' lang='lat' dir='ltr'>praescindat</span> <span class='ocrx_word' id='word_1_252' title='bbox 1114 3435 1131 3477; x_wconf 99' lang='lat' dir='ltr'>a</span> <span class='ocrx_word' id='word_1_253' title='bbox 1146 3413 1318 3478; x_wconf 89' lang='lat' dir='ltr'>substantia</span> <span class='ocrx_word' id='word_1_254' title='bbox 1332 3422 1363 3477; x_wconf 92' lang='lat' dir='ltr'>et</span> 
     </span>
     <span class='ocr_line' id='line_1_29' title="bbox 256 3523 1362 3609; baseline 0.001 -21"><span class='ocrx_word' id='word_1_255' title='bbox 256 3525 429 3590; x_wconf 87' lang='lat' dir='ltr'>accidente:</span> <span class='ocrx_word' id='word_1_256' title='bbox 452 3533 484 3588; x_wconf 89' lang='lat' dir='ltr'>et</span> <span class='ocrx_word' id='word_1_257' title='bbox 497 3545 564 3603; x_wconf 90' lang='lat' dir='ltr'>nos,</span> <span class='ocrx_word' id='word_1_258' title='bbox 576 3524 699 3609; x_wconf 89' lang='lat' dir='ltr'>quando</span> <span class='ocrx_word' id='word_1_259' title='bbox 711 3523 842 3587; x_wconf 87' lang='lat' dir='ltr'>dicimus</span> <span class='ocrx_word' id='word_1_260' title='bbox 856 3547 911 3588; x_wconf 91' lang='lat' dir='ltr'>ens</span> <span class='ocrx_word' id='word_1_261' title='bbox 923 3524 1110 3608; x_wconf 88' lang='lat' dir='ltr'>simpliciter,</span> <span class='ocrx_word' id='word_1_262' title='bbox 1122 3524 1169 3588; x_wconf 92' lang='lat' dir='ltr'>vel</span> <span class='ocrx_word' id='word_1_263' title='bbox 1184 3547 1248 3588; x_wconf 90' lang='lat' dir='ltr'>non</span> <span class='ocrx_word' id='word_1_264' title='bbox 1264 3525 1362 3589; x_wconf 88' lang='lat' dir='ltr'>dicere</span> 
     </span>
     <span class='ocr_line' id='line_1_30' title="bbox 256 3635 1363 3722; baseline 0 -22"><span class='ocrx_word' id='word_1_265' title='bbox 256 3636 372 3722; x_wconf 87' lang='lat' dir='ltr'>aliquid</span> <span class='ocrx_word' id='word_1_266' title='bbox 397 3636 556 3720; x_wconf 77' lang='lat' dir='ltr'>cognitum</span> <span class='ocrx_word' id='word_1_267' title='bbox 580 3636 748 3700; x_wconf 84' lang='lat' dir='ltr'>secundum</span> <span class='ocrx_word' id='word_1_268' title='bbox 774 3635 858 3720; x_wconf 93' lang='lat' dir='ltr'>quod</span> <span class='ocrx_word' id='word_1_269' title='bbox 881 3637 955 3720; x_wconf 79' lang='lat' dir='ltr'>quid</span> <span class='ocrx_word' id='word_1_270' title='bbox 977 3644 1020 3700; x_wconf 81' lang='lat' dir='ltr'>eat</span> <span class='ocrx_word' id='word_1_271' title='bbox 1046 3637 1088 3719; x_wconf 90' lang='lat' dir='ltr'>(et</span> <span class='ocrx_word' id='word_1_272' title='bbox 1112 3637 1155 3700; x_wconf 91' lang='lat' dir='ltr'>sic</span> <span class='ocrx_word' id='word_1_273' title='bbox 1178 3659 1240 3700; x_wconf 90' lang='lat' dir='ltr'>non</span> <span class='ocrx_word' id='word_1_274' title='bbox 1264 3636 1363 3700; x_wconf 87' lang='lat' dir='ltr'>dicere</span> 
     </span>
     <span class='ocr_line' id='line_1_31' title="bbox 258 3747 1365 3833; baseline 0 -21"><span class='ocrx_word' id='word_1_275' title='bbox 258 3747 412 3814; x_wconf 87' lang='lat' dir='ltr'>obiectum</span> <span class='ocrx_word' id='word_1_276' title='bbox 427 3747 555 3812; x_wconf 87' lang='lat' dir='ltr'>alicuius</span> <span class='ocrx_word' id='word_1_277' title='bbox 575 3747 661 3827; x_wconf 78' lang='lat' dir='ltr'>ideae,</span> <span class='ocrx_word' id='word_1_278' title='bbox 677 3747 731 3810; x_wconf 90' lang='lat' dir='ltr'>sed</span> <span class='ocrx_word' id='word_1_279' title='bbox 745 3754 866 3810; x_wconf 85' lang='lat' dir='ltr'>tantum</span> <span class='ocrx_word' id='word_1_280' title='bbox 891 3747 1007 3810; x_wconf 90' lang='lat' dir='ltr'>notitiae</span> <span class='ocrx_word' id='word_1_281' title='bbox 1022 3747 1169 3833; x_wconf 88' lang='lat' dir='ltr'>simplicis</span> <span class='ocrx_word' id='word_1_282' title='bbox 1184 3747 1222 3812; x_wconf 90' lang='lat' dir='ltr'>de</span> <span class='ocrx_word' id='word_1_283' title='bbox 1236 3771 1272 3812; x_wconf 90' lang='lat' dir='ltr'>eo</span> <span class='ocrx_word' id='word_1_284' title='bbox 1286 3750 1365 3832; x_wconf 79' lang='lat' dir='ltr'>quod</span> 
     </span>
     <span class='ocr_line' id='line_1_32' title="bbox 256 3858 1361 3945; baseline 0 -21"><span class='ocrx_word' id='word_1_285' title='bbox 256 3863 311 3945; x_wconf 82' lang='lat' dir='ltr'>cat)</span> <span class='ocrx_word' id='word_1_286' title='bbox 328 3861 376 3927; x_wconf 90' lang='lat' dir='ltr'>vel</span> <span class='ocrx_word' id='word_1_287' title='bbox 389 3860 561 3944; x_wconf 84' lang='lat' dir='ltr'>intelligere</span> <span class='ocrx_word' id='word_1_288' title='bbox 575 3859 778 3924; x_wconf 87' lang='lat' dir='ltr'>substantiam</span> <span class='ocrx_word' id='word_1_289' title='bbox 798 3858 1007 3938; x_wconf 89' lang='lat' dir='ltr'>determinate,</span> <span class='ocrx_word' id='word_1_290' title='bbox 1025 3881 1123 3943; x_wconf 92' lang='lat' dir='ltr'>quum</span> <span class='ocrx_word' id='word_1_291' title='bbox 1143 3859 1284 3924; x_wconf 89' lang='lat' dir='ltr'>accidens</span> <span class='ocrx_word' id='word_1_292' title='bbox 1298 3883 1361 3924; x_wconf 89' lang='lat' dir='ltr'>non</span> 
     </span>
     <span class='ocr_line' id='line_1_33' title="bbox 257 3971 1362 4057; baseline -0.002 -19"><span class='ocrx_word' id='word_1_293' title='bbox 257 3974 296 4038; x_wconf 90' lang='lat' dir='ltr'>sit</span> <span class='ocrx_word' id='word_1_294' title='bbox 311 3997 366 4039; x_wconf 89' lang='lat' dir='ltr'>ens</span> <span class='ocrx_word' id='word_1_295' title='bbox 387 3975 448 4038; x_wconf 91' lang='lat' dir='ltr'>nisi</span> <span class='ocrx_word' id='word_1_296' title='bbox 467 3973 634 4038; x_wconf 87' lang='lat' dir='ltr'>secundum</span> <span class='ocrx_word' id='word_1_297' title='bbox 658 3971 742 4057; x_wconf 91' lang='lat' dir='ltr'>quid,</span> <span class='ocrx_word' id='word_1_298' title='bbox 758 3993 869 4056; x_wconf 87' lang='lat' dir='ltr'>nempe</span> <span class='ocrx_word' id='word_1_299' title='bbox 887 3979 923 4036; x_wconf 89' lang='lat' dir='ltr'>ut</span> <span class='ocrx_word' id='word_1_300' title='bbox 939 3981 985 4036; x_wconf 85' lang='lat' dir='ltr'>est</span> <span class='ocrx_word' id='word_1_301' title='bbox 1007 3972 1122 4057; x_wconf 88' lang='lat' dir='ltr'>aliquid</span> <span class='ocrx_word' id='word_1_302' title='bbox 1137 3975 1170 4035; x_wconf 94' lang='lat' dir='ltr'>in</span> <span class='ocrx_word' id='word_1_303' title='bbox 1189 3973 1362 4037; x_wconf 88' lang='lat' dir='ltr'>substantia</span> 
     </span>
     <span class='ocr_line' id='line_1_34' title="bbox 256 4082 1361 4170; baseline -0.001 -22"><span class='ocrx_word' id='word_1_304' title='bbox 256 4094 309 4148; x_wconf 88' lang='lat' dir='ltr'>ant</span> <span class='ocrx_word' id='word_1_305' title='bbox 332 4107 388 4170; x_wconf 87' lang='lat' dir='ltr'>per</span> <span class='ocrx_word' id='word_1_306' title='bbox 412 4083 627 4148; x_wconf 85' lang='lat' dir='ltr'>substantiam.</span> <span class='ocrx_word' id='word_1_307' title='bbox 672 4083 711 4146; x_wconf 92' lang='lat' dir='ltr'>In</span> <span class='ocrx_word' id='word_1_308' title='bbox 734 4082 834 4166; x_wconf 89' lang='lat' dir='ltr'>primo</span> <span class='ocrx_word' id='word_1_309' title='bbox 860 4103 934 4146; x_wconf 87' lang='lat' dir='ltr'>casu</span> <span class='ocrx_word' id='word_1_310' title='bbox 957 4105 1018 4146; x_wconf 84' lang='lat' dir='ltr'>esse</span> <span class='ocrx_word' id='word_1_311' title='bbox 1043 4083 1195 4166; x_wconf 86' lang='lat' dir='ltr'>significat</span> <span class='ocrx_word' id='word_1_312' title='bbox 1219 4085 1361 4147; x_wconf 69' lang='lat' dir='ltr'>existere:</span> 
     </span>
     <span class='ocr_line' id='line_1_35' title="bbox 256 4192 1362 4280; baseline -0.005 -20"><span class='ocrx_word' id='word_1_313' title='bbox 256 4196 371 4280; x_wconf 88' lang='lat' dir='ltr'>aliquid</span> <span class='ocrx_word' id='word_1_314' title='bbox 385 4205 491 4260; x_wconf 88' lang='lat' dir='ltr'>autem</span> <span class='ocrx_word' id='word_1_315' title='bbox 499 4194 636 4274; x_wconf 81' lang='lat' dir='ltr'>existere,</span> <span class='ocrx_word' id='word_1_316' title='bbox 649 4194 763 4259; x_wconf 88' lang='lat' dir='ltr'>scimus</span> <span class='ocrx_word' id='word_1_317' title='bbox 778 4215 832 4278; x_wconf 90' lang='lat' dir='ltr'>per·</span> <span class='ocrx_word' id='word_1_318' title='bbox 845 4195 986 4258; x_wconf 87' lang='lat' dir='ltr'>notitiam</span> <span class='ocrx_word' id='word_1_319' title='bbox 1002 4194 1210 4258; x_wconf 85' lang='lat' dir='ltr'>immediatam</span> <span class='ocrx_word' id='word_1_320' title='bbox 1226 4216 1262 4257; x_wconf 82' lang='lat' dir='ltr'>ex</span> <span class='ocrx_word' id='word_1_321' title='bbox 1273 4192 1362 4258; x_wconf 92' lang='lat' dir='ltr'>nobis</span> 
     </span>
     <span class='ocr_line' id='line_1_36' title="bbox 183 4304 1362 4396; baseline 0 -28"><span class='ocrx_word' id='word_1_322' title='bbox 183 4388 185 4396; x_wconf 18' lang='lat' dir='ltr'>y</span> <span class='ocrx_word' id='word_1_323' title='bbox 255 4307 340 4390; x_wconf 90' lang='lat' dir='ltr'>ipsis,</span> <span class='ocrx_word' id='word_1_324' title='bbox 356 4305 408 4370; x_wconf 88' lang='lat' dir='ltr'>sed</span> <span class='ocrx_word' id='word_1_325' title='bbox 423 4307 616 4370; x_wconf 81' lang='lat' dir='ltr'>existentiam</span> <span class='ocrx_word' id='word_1_326' title='bbox 634 4329 699 4370; x_wconf 92' lang='lat' dir='ltr'>non</span> <span class='ocrx_word' id='word_1_327' title='bbox 713 4327 877 4390; x_wconf 87' lang='lat' dir='ltr'>possumus</span> <span class='ocrx_word' id='word_1_328' title='bbox 900 4305 1071 4391; x_wconf 82' lang='lat' dir='ltr'>intelligere</span> <span class='ocrx_word' id='word_1_329' title='bbox 1086 4305 1252 4370; x_wconf 88' lang='lat' dir='ltr'>secundum</span> <span class='ocrx_word' id='word_1_330' title='bbox 1277 4304 1362 4390; x_wconf 91' lang='lat' dir='ltr'>quod</span> 
     </span>
    </p>
   </div>
   <div class='ocr_carea' id='block_1_3' title="bbox 0 0 1604 4975">
    <p class='ocr_par' dir='ltr' id='par_1_5' title="bbox 0 0 1604 4975">
     <span class='ocr_line' id='line_1_37' title="bbox 0 0 1604 4975; baseline 0 2"><span class='ocrx_word' id='word_1_331' title='bbox 0 0 1604 4975; x_wconf 95' lang='lat' dir='ltr'> </span> 
     </span>
    </p>
   </div>
  </div>
 </body>
</html>
