3200 4975
256 313 321 379 328
663 337 705 379 uu
722 336 978 381 scamnumuus.
1224 314 1309 397 [cae.
1325 332 1366 376 11.

257 522 341 586 ergo,
357 500 541 587 principium
557 502 710 586 passivum
721 524 784 567 uon
799 500 912 567 habere
927 502 1051 587 aliquod
1067 524 1158 566 suum
1170 524 1245 581 esse,
1257 502 1364 585 inquo

257 612 355 697 possit
378 613 509 700 recipere
532 614 729 679 intrinsecam
759 615 981 679 mutationem:
1005 623 1036 678 et
1060 614 1140 679 siout
1164 612 1365 677 essentialiter

259 733 305 788 est
325 725 476 790 terminus
497 726 542 808 (et
562 748 625 790 non
641 749 745 791 verum
766 725 952 811 subiectum)
975 734 1062 790 aetus
1082 723 1301 803 substantialis,
1320 724 1365 787 ita

258 834 349 899 debet
379 836 439 901 dici
467 836 627 916 terminus,
641 904 644 907 ,
658 846 689 901 et
720 859 786 901 non
821 837 1004 917 subiectum,
1040 844 1126 901 actus
1160 836 1364 901 accidentalis.

258 946 404 1012 Brevius:
427 947 511 1033 quod
525 970 588 1011 non
608 947 701 1013 habet
724 972 816 1013 suum
839 949 1000 1034 proprium
1020 970 1096 1028 esse,
1114 971 1178 1011 non
1193 947 1284 1012 habet
1299 970 1366 1012 esse

258 1057 428 1122 subiectum
444 1059 624 1123 mutationis
643 1060 838 1125 accidentalis
859 1060 1049 1125 intrinsecae:
1074 1060 1161 1144 atqui
1181 1058 1365 1145 principium

258 1169 414 1254 passivum
429 1192 492 1236 uon
507 1171 600 1235 habet
615 1195 705 1237 suum
721 1172 880 1257 proprium
896 1194 979 1251 esse3
1003 1194 1087 1255 ergo.

302 1282 485 1367 Respondeo
507 1283 577 1347 dist.
598 1285 648 1348 M.
669 1284 752 1370 quod
775 1283 954 1347 nonhabet
977 1282 1134 1368 proprium
1159 1304 1224 1347 esre
1247 1282 1365 1347 actuale

258 1415 316 1458 uec
330 1394 496 1478 potentiale
511 1419 537 1458 c.
554 1397 615 1473 M„
631 1395 714 1480 quod
728 1418 791 1459 non
808 1394 901 1459 habet
915 1395 1074 1479 proprium
1089 1417 1154 1459 esse
1169 1393 1295 1473 actuale,
1312 1394 1367 1458 sed

258 1505 351 1571 habet
373 1529 439 1571 esse
461 1506 628 1591 potentiale
651 1529 681 1570 a.
706 1508 756 1570 M.
780 1508 848 1571 dist.
859 1533 869 1585 3
899 1508 969 1571 mira.
996 1506 1180 1591 principium
1208 1507 1364 1590 passivum

257 1617 378 1682 nullum
393 1618 486 1683 habet
495 1641 586 1682 suum
596 1618 752 1702 proprium
769 1641 835 1683 esse
850 1618 968 1683 actuale
983 1628 1023 1683 tr.
1038 1620 1120 1697 mira,
1137 1618 1241 1683 saltem
1255 1630 1363 1702 poten-

258 1730 330 1795 tiale
344 1754 374 1794 a.
390 1734 460 1795 mio.
476 1740 507 1795 et
525 1755 556 1794 o.
578 1754 656 1795 corae
701 1732 793 1795 Ratio
814 1743 860 1795 est
884 1731 956 1815 quia
980 1732 1109 1796 mutatio
1133 1730 1306 1809 intrinseca,
1328 1730 1365 1794 de

257 1864 318 1926 qua
329 1842 441 1926 agitur,
456 1866 520 1907 non
535 1852 582 1907 est
597 1843 635 1906 de
650 1857 721 1907 actu
735 1842 769 1907 in
783 1852 898 1923 aetum,
911 1844 965 1907 sed
981 1842 1019 1907 de
1036 1842 1173 1927 potentia
1187 1842 1227 1906 ad
1240 1852 1362 1921 aetum;

257 1965 288 2017 et
303 1954 346 2017 sio
361 1954 532 2019 subiectum
546 1954 639 2019 huius
653 1956 834 2020 mutationis
849 1978 912 2020 uon
927 1956 1046 2040 indiget
1069 1956 1234 2019 intrinseca
1248 1963 1278 2017 et
1293 1976 1362 2039 pro-

256 2066 323 2149 pria
337 2065 454 2130 ratione
468 2066 589 2129 essendi
602 2077 684 2146 actu,
700 2067 754 2131 sed
769 2077 892 2132 tautum
913 2068 1003 2132 debet
1024 2067 1172 2131 constitui
1192 2088 1245 2151 per
1260 2074 1362 2131 aetum

256 2199 319 2244 suae
341 2176 446 2241 formae
467 2177 500 2240 iu
524 2178 640 2242 ratione
661 2179 807 2263 potentiae
831 2178 929 2243 realis.
974 2179 1023 2242 De
1044 2201 1098 2241 suo
1118 2177 1210 2241 babet
1225 2176 1309 2261 quod
1324 2176 1363 2240 rit

256 2292 288 2351 in
297 2291 442 2372 potentio,
458 2288 588 2353 aforma
603 2312 673 2354 vero
689 2313 744 2354 seu
758 2290 797 2354 ab
813 2300 883 2354 actu
904 2289 1100 2354 substantiali
1120 2290 1317 2365 constituitur
1330 2288 1363 2352 in

255 2398 355 2482 gradu
375 2400 520 2483 potentiae
539 2400 639 2477 realis,
660 2422 757 2486 quum
780 2399 882 2463 omnis
905 2398 1027 2463 realitas
1045 2399 1084 2462 s'it
1105 2396 1143 2461 ab
1164 2398 1267 2482 aliquo
1282 2405 1363 2461 actu.

258 2510 320 2575 Sed
334 2512 406 2596 quia
424 2512 489 2576 haee
504 2511 647 2576 videntur
668 2510 789 2576 trahere
815 2513 1015 2597 quaestionem
1041 2511 1199 2597 physicam
1225 2511 1265 2575 ad
1282 2506 1363 2595 ¹prae·

255 2623 383 2688 cisiones
397 2624 630 2710 metaphysieas,
646 2633 717 2687 utar
731 2623 866 2687 secunda
881 2622 1087 2708 responsione.

301 2736 442 2800 Secundo
464 2737 568 2820 itaque
591 2759 670 2800 coac.
696 2738 745 2800 M.
770 2748 801 2800 et
821 2759 851 2798 o.
875 2739 944 2800 min.
991 2735 1083 2800 Ratio
1105 2744 1162 2816 est,
1189 2735 1262 2821 quia
1285 2735 1363 2800 actio

256 2848 401 2932 recipitur
424 2849 457 2912 in
480 2848 655 2932 passivitate
680 2847 809 2912 alieuius
833 2848 917 2926 reali,
941 2847 973 2912 id
997 2856 1044 2911 est
1069 2870 1133 2911 non
1158 2849 1191 2911 iu
1215 2847 1364 2932 principio

255 2961 375 3044 passivo
389 2969 481 3045 prout
495 2960 805 3044 contradistinguitur
819 2960 973 3045 praecisive
985 2982 1003 3024 a
1014 2960 1164 3045 principio
1179 2960 1276 3024 activo
1288 2962 1364 3044 (quo

256 3074 348 3138 modo
370 3074 492 3138 nullum
518 3074 610 3138 babet
635 3073 792 3158 proprium
820 3075 909 3157 esse),
937 3074 990 3138 sed
1016 3073 1049 3136 iu
1072 3073 1222 3158 principio
1244 3075 1364 3156 passivo

255 3195 347 3271 prout
362 3186 464 3250 existit
476 3207 531 3270 per
545 3185 731 3269 principium
746 3185 879 3248 activum
897 3185 1052 3249 secuudum
1066 3207 1156 3248 uuum
1170 3193 1200 3248 et
1214 3186 1289 3250 idem
1303 3205 1364 3250 esec

250 3299 407 3380 physicum
432 3297 490 3360 sibi
519 3289 788 3374 communicatum,
826 3305 858 3360 et
888 3297 979 3361 efficit
1008 3319 1078 3361 cum
1106 3296 1213 3361 eodem
1241 3297 1363 3361 unicam

260 3408 474 3478 substantiam.
520 3407 622 3484 Quare
637 3409 759 3493 proprie
774 3409 875 3493 passio
890 3418 937 3473 est
951 3412 1075 3473 mutatio
1091 3411 1183 3493 puae
1196 3410 1365 3474 substantie

258 3529 401 3604 quatenus
412 3530 457 3584 eat
472 3521 627 3604 receptiva,
644 3542 707 3583 non
723 3531 825 3584 autem
847 3521 978 3585 mutatio
1000 3520 1142 3606 principii
1161 3520 1274 3605 passivi
1288 3542 1364 3605 prae-

255 3632 345 3696 cisive
368 3632 501 3716 sumpti;
523 3641 555 3696 et
576 3632 645 3696 ideo
666 3632 851 3716 principium
875 3633 1041 3717 passivum,
1066 3642 1101 3697 ut
1120 3632 1281 3696 subiicitur
1295 3655 1363 3716 pas·

257 3744 345 3822 sioni,
360 3744 452 3808 habet
464 3767 555 3808 suum
571 3767 636 3808 esse
650 3745 820 3828 proprium,
836 3745 974 3829 quamvis
989 3745 1259 3810 communicatum.

254 3881 258 3885 ’
298 3858 439 3921 instabis.
463 3857 496 3920 Si
505 3857 547 3921 ita
558 3865 615 3935 est,
626 3856 728 3940 passio
736 3857 869 3924 mutabit
879 3879 934 3920 ens
943 3879 1008 3924 nou
1019 3857 1117 3921 solum
1129 3857 1363 3936 accidentaliter,

256 3968 310 4031 sed
324 3967 585 4046 substantialiter3
610 3977 710 4031 mutat
724 3968 807 4032 euim
829 3968 993 4033 intrinsece
1007 3990 1104 4032 uuum
1121 3993 1138 4034 e
1159 3965 1363 4034 constitutivis

255 4078 521 4142 substantialibus.

299 4190 481 4274 Respondeo
492 4214 557 4276 nep.
567 4200 650 4268 uut.;
673 4192 711 4255 ad
727 4193 876 4256 rationem
889 4193 956 4256 dest.
973 4204 1072 4257 mutat
1088 4193 1251 4258 intrinsece
1266 4217 1362 4257 unum

254 4325 270 4364 e
294 4300 499 4363 constitutivis
520 4300 773 4365 substantialibus
797 4303 966 4366 secundum
988 4303 1019 4366 id
1046 4304 1129 4388 quod
1150 4303 1189 4368 ad
1211 4305 1360 4368 rationem
