3200 4975
262 328 306 391 26
575 348 618 391 nn
634 348 832 394 suasissem
848 345 1048 391 curaremur.
1070 322 1081 333 ”
1237 322 1321 407 [ιιι.
1339 343 1361 389 1,

264 518 317 574 aut
332 511 492 575 convenire
507 513 539 577 iu
562 511 660 576 forma
674 512 829 578 secuudum
843 534 954 575 omnem
968 511 1092 589 randum,
1108 519 1162 573 aut
1177 508 1297 575 differre
1310 531 1364 594 per

263 622 419 687 materiam
441 624 563 707 proprie
585 625 713 689 dictam:
736 623 810 709 quia
830 623 928 687 torma
950 620 1125 686 intensionis
1147 622 1278 700 virtutis,
1292 621 1364 685 licet

263 756 326 799 non
341 734 426 799 omni
440 756 476 799 ex
494 742 580 819 parte
595 735 753 802 conveniat
769 757 840 799 cum
860 734 959 799 forma
972 733 1101 797 minoris
1115 732 1247 811 virtutis,
1262 741 1363 817 potest

263 853 366 909 tamen
392 866 457 909 esse
478 844 614 909 eiusdem
639 844 776 929 specifice
797 843 931 923 virtutis,
954 853 990 908 ut
1008 852 1134 929 apparet
1152 843 1186 907 in
1207 842 1365 907 elementis

264 954 413 1021 materiae:
437 962 469 1021 et
484 955 609 1022 materia
629 956 750 1041 proprie
767 955 850 1021 dicta
873 978 936 1021 non
950 964 998 1020 eat
1016 954 1185 1023 necessaria
1198 953 1238 1018 ad
1256 953 1363 1019 distin-

263 1066 395 1131 ctionem
410 1066 607 1131 numericam.
652 1066 693 1134 Ει
708 1068 750 1131 sic
764 1066 962 1152 principium,
978 1066 1012 1130 in
1034 1088 1097 1152 quo
1111 1065 1259 1133 fundatur
1272 1087 1365 1149 argu-

264 1187 413 1256 mentum,
426 1178 458 1242 in
473 1178 531 1243 hoc
542 1201 634 1245 sensu
649 1166 818 1263 acceptum,
831 1177 1007 1263 negandum
1021 1186 1075 1243 est.
1123 1177 1183 1241 Sed
1198 1176 1274 1241 illud
1283 1176 1363 1240 idem

264 1290 448 1376 principium
471 1290 504 1358 in
524 1291 582 1355 hoc
602 1290 661 1355 alio
676 1314 768 1357 sensu
786 1290 883 1376 accipi
904 1298 1023 1375 potest:
1047 1291 1098 1353 Eu
1113 1312 1176 1373 quc
1195 1291 1366 1354 conveniunt

263 1402 357 1485 specie
378 1410 408 1466 et
432 1401 572 1485 differunt
593 1404 767 1480 cumeani
789 1402 1007 1467 omrridcrcntur·
1027 1401 1182 1465 secundam
1200 1408 1366 1485 conceptum

161 1514 163 1521 '
256 1513 423 1596 formalem,
439 1515 619 1592 conveniunt,
634 1514 687 1577 ced
698 1513 918 1596 delinquuntur
931 1513 1088 1578 secuudum
1102 1534 1163 1577 eece
1176 1513 1368 1577 materialiter

264 1634 429 1709 acceptum:
453 1624 531 1689 etin
552 1625 609 1688 hoc
625 1647 715 1688 sensu
735 1624 990 1709 propositionem
1009 1632 1067 1703 est,
1083 1622 1214 1687 sednon
1229 1632 1276 1688 est
1295 1633 1367 1708 apta

265 1736 305 1804 ad
324 1736 522 1821 probandum
532 1736 614 1821 quod
635 1736 817 1802 intenditur.
863 1736 944 1801 Nam
959 1734 999 1801 ad
1021 1735 1266 1800 concludendum
1283 1734 1366 1819 quod

265 1849 367 1933 angeli
385 1848 530 1925 differunt
552 1848 661 1933 specie,
677 1857 830 1933 oporteret
850 1848 934 1933 quod
956 1847 1193 1931 subiungeretnr
1214 1848 1279 1911 haec
1298 1870 1367 1932 pro-

267 1960 377 2045 positio
386 1959 503 2024 minor:
527 1961 624 2043 Atqui
635 1961 732 2044 napoli
746 1984 806 2026 ron
813 1969 939 2043 poscunt
951 1961 1130 2025 cornidcrori
1142 1960 1297 2024 secundum
1308 1982 1369 2023 cccc

266 2073 468 2138 materialiter·
479 2079 636 2154 occeptum,
652 2072 704 2135 ced
722 2079 836 2140 rantum
852 2073 1007 2137 secuudum
1024 2071 1241 2155 formalitotem
1257 2072 1367 2156 capeli-

267 2185 375 2249 citatir.
431 2182 507 2247 Haec
533 2191 635 2248 autem
665 2189 712 2246 est
741 2182 919 2267 simpliciter
947 2182 1033 2260 falsa,
1056 2182 1177 2246 etiamsi
1199 2183 1239 2245 ιιι
1262 2204 1367 2245 verum

270 2293 395 2378 angelos
418 2316 481 2361 nen
496 2302 635 2363 constare
654 2317 691 2358 ex
713 2294 840 2359 materia
854 2302 885 2358 et
904 2293 1011 2360 forma.
1057 2294 1138 2358 Nam
1156 2316 1194 2357 ex
1215 2295 1370 2359 communi

267 2428 358 2469 sensu
373 2404 625 2491 philosophorum
640 2406 842 2490 distinguitur
856 2406 1011 2470 materiale
1033 2415 1064 2472 et
1078 2406 1205 2470 formale
1222 2407 1314 2471 etiam
1334 2406 1367 2469 in

267 2518 314 2598 iis,
344 2541 413 2605 qua
436 2540 505 2583 vera
534 2518 661 2586 materia
690 2540 753 2581 non
782 2527 935 2597 constant,
959 2517 999 2585 ob
1028 2518 1200 2602 analogiam
1226 2528 1312 2584 actus
1338 2527 1369 2582 et
1415 2607 1419 2610 ῃ

267 2630 414 2716 potentiae
437 2629 598 2697 cuiuslibet
629 2628 668 2694 ad
696 2629 827 2695 formam
852 2639 884 2694 et
913 2631 1071 2695 materiam
1097 2631 1219 2716 proprie
1244 2631 1367 2695 dictam.

269 2742 370 2821 Unde,
386 2742 456 2807 licet
470 2741 573 2826 angeli
595 2749 748 2826 nequeant
766 2741 827 2806 dici
842 2742 1003 2826 compositi
1025 2765 1062 2806 ex
1076 2743 1202 2806 materia
1215 2751 1247 2805 et
1260 2742 1368 2820 forma,

266 2864 395 2939 possunt
410 2863 514 2921 tamen
523 2852 728 2938 metaphysica
740 2853 923 2919 considerari
939 2855 1135 2918 materialiter
1145 2864 1176 2918 et
1187 2854 1354 2919 formaliter
1358 2880 1369 2933 3

267 2979 298 3035 et
320 2967 364 3032 sic
381 2967 496 3052 optime
510 2975 655 3051 poterunt
673 2967 833 3032 convenire
847 2967 880 3031 in
907 2966 1016 3050 specie,
1032 2975 1063 3030 et
1085 2966 1205 3031 differre
1231 2989 1367 3030 numero.

268 3079 391 3150 Etenim
413 3076 563 3161 distingui
580 3076 776 3142 materialiter
790 3100 889 3142 unum
913 3077 952 3142 ab
967 3077 1027 3142 alio
1048 3078 1200 3162 significat
1221 3078 1371 3162 distingui

270 3189 438 3255 secundum
464 3188 624 3255 entitatem
653 3187 803 3252 actualem
834 3188 973 3253 absolute
1002 3189 1235 3270 consideratam,
1261 3191 1295 3254 id
1323 3199 1369 3254 est

197 3341 199 3346 -
269 3298 436 3362 secundum
452 3319 517 3361 esre
536 3296 716 3382 physicum:
740 3297 823 3381 quod
847 3321 912 3362 esse
930 3298 1091 3384 physicum
1107 3299 1223 3364 nullam
1243 3299 1370 3364 involvit

269 3408 479 3476 necessitatem
508 3406 651 3484 materiae,
682 3407 735 3470 sed
764 3406 876 3471 dicitur
907 3409 1062 3472 materiale
1097 3433 1116 3472 a
1144 3411 1369 3496 metaphysicis,

269 3520 340 3604 quia
362 3517 533 3600 concipitur
555 3519 670 3581 actuari
689 3539 745 3602 per
765 3516 905 3597 formam,
924 3541 1018 3603 quam
1043 3520 1184 3586 includit.
1228 3522 1271 3585 Et
1289 3523 1369 3602 ideo,

269 3641 305 3696 ut
327 3630 388 3696 duo
406 3628 547 3704 differant
567 3651 704 3718 numero,
728 3630 840 3694 sufficit
859 3639 894 3694 ut
915 3631 1020 3696 eadem
1042 3632 1209 3697 for-malitae
1232 3635 1372 3717 specifica

269 3743 316 3814 bis
341 3741 514 3807 inveniatur
542 3741 574 3804 in
603 3763 689 3804 esse:
719 3741 778 3804 hoc
804 3743 887 3806 enim
917 3765 992 3820 esse,
1018 3752 1110 3828 prout
1138 3753 1185 3808 est
1213 3744 1271 3823 bis,
1296 3745 1371 3810 dicit

269 3854 497 3946 distinctionem
523 3851 719 3930 materialem,
737 3863 828 3935 prout
849 3875 919 3917 vero
939 3862 986 3917 est
1010 3853 1146 3918 eiusdem
1166 3855 1371 3933 formalitatis,

270 3989 323 4030 seu
343 3964 478 4044 rationis,
495 3962 569 4026 dicit
592 3963 835 4027 convenientiam
855 3963 889 4026 in
913 3963 1022 4048 specie.
1066 3964 1145 4029 Dico
1168 3975 1271 4030 autem
1292 3967 1373 4030 eius-

270 4078 340 4142 dem
367 4076 573 4159 formolr'totir,
603 4074 707 4158 potius
736 4096 830 4158 quam
860 4074 996 4140 eiusdem
1020 4076 1128 4159 fornace
1138 4102 1148 4154 ;
1175 4078 1247 4162 quia
1274 4079 1373 4142 forma

268 4200 314 4253 est
343 4185 521 4252 vocabulum
553 4194 737 4263 concretum,
764 4195 795 4248 et
826 4186 933 4269 nequit
962 4209 1037 4265 csse,
1064 4197 1100 4251 ut
1131 4189 1183 4266 sic,
1210 4211 1372 4255 commune

268 4297 425 4390 pluribus:
448 4295 615 4360 formalitas
645 4318 714 4361 vero
745 4295 818 4359 dicit
846 4298 976 4361 formam
1006 4299 1040 4360 in
1069 4298 1231 4378 abstracto,
1260 4311 1294 4365 ut
1320 4302 1370 4366 hic
