3200 4975
227 371 300 417 oar.
317 350 372 435 ra]
676 366 719 410 ne
736 365 882 410 nomiae.
1270 345 1332 409 169

226 543 319 624 φάτω
333 541 471 624 corporis,
487 558 546 622 qus
560 538 628 601 losa
645 559 702 620 per
716 537 830 614 marre,
846 538 911 620 baso
929 547 1098 622 coeperest
1111 539 1190 603 ultra
1205 537 1246 602 ibi
1260 561 1331 604 esse.

227 652 417 717 Unde
440 656 540 734 operte
562 656 687 725 constat,
714 671 747 711 eo
772 655 943 732 argumento
969 651 1084 728 amisse,
1114 650 1191 714 nihil
1216 653 1331 714 omnino

228 766 336 842 amitti,
352 764 432 846 qrwd
443 764 507 825 iure
521 761 673 825 dolervdm
686 762 736 823 sit.
779 759 822 822 Et
836 759 894 823 boe
909 759 1033 845 quidem
1047 761 1113 825 iure
1128 759 1244 840 asserit,
1259 762 1332 847 quia

229 876 269 942 ad
287 874 526 961 retorquendum
544 880 764 956 argumentum
786 871 937 935 sufficeret
955 871 1071 937 dicere:
1096 871 1122 936 si
1136 874 1238 937 anima
1252 883 1332 938 esset

229 989 263 1052 in
285 1010 409 1072 corpore
430 994 565 1062 extenso,
589 984 719 1067 singulae
742 983 876 1068 corporis
901 992 1004 1068 partes
1023 984 1169 1049 deberent
1195 965 1332 1070 singulas

229 1097 588 1183 animaeparteshabere3
611 1095 745 1180 adeoque
760 1093 1032 1178 nnllaparsvitam
1045 1096 1201 1180 acciperet.
1226 1097 1331 1174 Quum

230 1221 333 1276 antem
347 1211 412 1274 haec
426 1208 652 1293 argumentatio
667 1207 707 1270 sit
722 1206 824 1285 fallax,
840 1206 979 1290 seqnitur
999 1229 1061 1270 non
1077 1209 1180 1272 minus
1195 1209 1333 1273 fallacem

230 1346 296 1388 esae
311 1321 434 1408 qnando
449 1323 551 1385 aalma
561 1319 760 1384 substituitur
768 1319 917 1402 cecitatis.
963 1319 1142 1384 Notandum
1159 1329 1262 1386 tamen
1277 1330 1333 1402 est,

230 1432 443 1499 materialistas
456 1453 519 1494 non
534 1453 622 1515 posse
632 1429 679 1492 uti
688 1427 826 1513 exemplo
837 1429 946 1492 animae
956 1421 1169 1496 aBosehovieh
1181 1432 1331 1497 adducto:

231 1556 262 1612 et
277 1547 320 1610 sic
335 1543 508 1630 praecedens
522 1550 749 1626 argumentum,
766 1539 825 1602 etsi
846 1561 909 1604 non
930 1540 1003 1605 satis
1023 1542 1168 1623 validum,
1190 1545 1333 1609 maiorem

232 1659 292 1724 vim
308 1681 345 1722 ex
359 1655 534 1741 praeiudicio
548 1652 787 1718 adversariorum
803 1652 947 1736 acquiret.

274 1774 328 1836 43.
361 1768 518 1846 Quantnr
538 1766 682 1844 secundo,
705 1774 804 1829 utrum
826 1766 859 1828 id
878 1767 957 1849 quod
974 1774 1020 1830 est
1041 1767 1072 1830 io
1093 1768 1207 1832 domine
1225 1778 1336 1854 prater

232 1885 393 1960 materam,
407 1884 448 1945 sit
462 1881 562 1964 ulique
576 1879 748 1942 substantio.

276 1991 458 2078 Respondes
472 1989 660 2055 affirmative.
705 1988 797 2066 Nam,
814 1988 951 2053 sistendo
970 2011 1028 2076 pro
1049 1991 1180 2055 nuncin
1195 1991 1336 2058 solavita

234 2104 387 2182 sensitiva,
403 2103 526 2167 evidens
540 2111 597 2178 eat,
616 2100 802 2185 principium
820 2099 890 2163 vitae
910 2090 1061 2166 sensitiva
1081 2124 1144 2167 non
1164 2125 1252 2189 posse
1272 2103 1339 2170 esse

233 2219 294 2283 nisi
308 2214 513 2280 substantiam
521 2237 531 2292 3
554 2234 641 2276 secus
655 2211 738 2275 enim
753 2219 834 2275 esset
848 2211 997 2292 accidens,
1013 2221 1043 2278 et
1059 2214 1182 2299 quidem
1198 2217 1337 2283 accidens

234 2328 398 2394 materiale.
443 2325 540 2410 Atqui
554 2323 709 2388 evidenter
723 2323 863 2386 accidens
879 2323 1033 2390 materiale
1052 2327 1160 2412 nequit
1173 2350 1238 2393 esse
1253 2331 1338 2414 prin·

234 2440 348 2526 cipinm
372 2439 442 2503 vita
465 2435 625 2501 sensitiva.
670 2433 764 2519 Ergo.
800 2433 905 2500 Minor
923 2425 1054 2502 'constat'
1075 2459 1111 2503 ex
1137 2441 1339 2527 supradictis;

236 2554 308 2637 qnia
323 2550 463 2617 accidens
477 2546 634 2611 materiale
647 2546 755 2630 nequit
769 2545 882 2610 babere
896 2548 1050 2628 virtutem,
1063 2571 1156 2634 quam
1169 2574 1209 2616 ne
1224 2566 1340 2620 remote

236 2665 361 2751 quidem
375 2661 469 2725 habet
484 2659 656 2723 substantia
670 2658 845 2723 materialis.
890 2659 991 2724 Maior
1005 2682 1076 2725 vero
1096 2662 1156 2727 cito
1172 2665 1339 2748 probatur;

236 2777 308 2862 quia
321 2776 354 2839 in
370 2774 477 2840 ordine
490 2771 618 2858 physico
637 2791 701 2834 non
721 2770 814 2835 datur
836 2770 970 2835 medinm
992 2773 1073 2838 inter
1092 2774 1293 2841 substantiam
1310 2787 1340 2843 et

237 2889 391 2972 accidens„
1342 2887 1344 2891 ’

280 3003 383 3086 Atque
406 2997 458 3062 hic
483 3004 587 3082 posset
613 2994 724 3081 aliquis
742 2995 852 3074 dicere,
872 2995 1059 3082 principium
1081 2998 1151 3063 vitae
1167 3000 1199 3065 in
1217 3008 1341 3068 tantum

237 3114 346 3179 debere
360 3110 420 3175 diei
436 3108 641 3173 substantiam
651 3107 700 3171 vel
716 3106 865 3185 accidens,
880 3106 912 3170 in
929 3116 1079 3193 qnantum
1094 3119 1174 3175 esset
1189 3134 1255 3177 ens.
1284 3114 1341 3178 At·

237 3226 290 3311 qui
309 3247 374 3287 non
391 3226 439 3285 est
456 3242 579 3285 necesse
599 3217 787 3304 principium
803 3217 873 3282 vitae
892 3241 958 3283 esse
972 3241 1047 3297 ens3
1069 3242 1143 3285 nam
1157 3223 1343 3309 principium

239 3336 308 3400 vitae
321 3344 369 3399 est
383 3335 482 3399 forma
497 3330 626 3396 viventis
639 3355 649 3409 ς
672 3329 726 3393 sed
741 3329 840 3393 forma
855 3350 918 3393 non
934 3337 980 3393 est
1000 3352 1064 3411 ens,
1081 3332 1134 3396 sed
1154 3332 1185 3397 id
1206 3357 1267 3419 qno
1287 3358 1342 3401 ens

237 3456 303 3524 est;
326 3468 410 3530 ergo.
455 3444 505 3508 Ad
525 3442 608 3528 quod
628 3440 876 3526 respondendum
897 3448 953 3520 est,
970 3442 1053 3527 quod
1072 3444 1257 3530 principium
1273 3448 1341 3513 vitae

173 3561 175 3566 ’
238 3566 285 3621 est
310 3557 433 3643 quidem
459 3555 558 3619 forma
582 3553 729 3618 naturalis
751 3551 880 3616 viventis
904 3553 1050 3633 sensitivi,
1077 3555 1130 3619 sed
1155 3578 1219 3621 non
1245 3558 1342 3624 forme

239 3671 343 3735 stricte
371 3668 590 3734 ubstantialis:
622 3674 653 3729 et
681 3664 753 3730 lieet
775 3664 875 3729 forma
900 3664 1110 3732 substantialis
1135 3691 1198 3733 non
1225 3671 1265 3735 sit
1288 3694 1343 3737 ens

239 3782 356 3846 ordinis
378 3778 508 3865 physici,
527 3777 626 3842 forma
651 3784 755 3841 tamen
775 3775 925 3840 naturalis
946 3786 992 3841 est
1015 3778 1076 3843 tale
1095 3803 1160 3844 ens.
1205 3781 1247 3847 Et
1265 3784 1344 3849 ratio

240 3891 446 3979 responsionis
460 3898 517 3968 est,
529 3889 602 3974 quie
614 3887 799 3972 principium
816 3887 907 3955 vitale
922 3880 985 3951 non
1000 3888 1144 3954 informat
1160 3912 1269 3977 corpus
1284 3894 1344 3959 nisi

239 4005 411 4091 physicum,
427 4001 618 4086 organicum,
633 4008 665 4063 et
680 3999 713 4062 in
734 3999 873 4085 potentia
893 3999 986 4063 vitam
1005 4000 1131 4066 habens.
1176 4003 1248 4068 Non
1271 4028 1344 4090 ergo

241 4111 350 4202 corpus
370 4114 480 4200 accipit
497 4113 630 4200 primum
650 4135 716 4177 esse
737 4112 916 4198 simpliciter
931 4112 969 4177 ab
984 4120 1055 4177 actu
1070 4114 1163 4194 vitali,
1180 4115 1242 4195 sed,
1258 4129 1343 4183 ante-

241 4254 333 4315 quam
348 4230 539 4304 informetur,
550 4226 611 4291 iam
626 4225 719 4289 babet
734 4234 765 4289 et
779 4226 911 4310 primum
925 4218 1000 4306 esse,
1014 4235 1043 4290 et
1055 4250 1120 4291 ease
1132 4230 1344 4314 compositum,

242 4350 273 4405 et
298 4365 364 4407 esse
383 4340 572 4425 organicum,
589 4347 620 4402 et
643 4360 709 4401 esse
730 4344 837 4430 aptum
858 4336 897 4401 ad
912 4338 1004 4401 vitam
1015 4364 1025 4416 3
1047 4338 1079 4402 id
1099 4348 1146 4404 est
1166 4340 1257 4406 babet
1277 4350 1345 4407 tum
