3200 4975
283 368 345 430 122
731 388 774 430 ns
792 387 938 431 neurus.
1261 366 1345 451 [css.
1363 386 1386 431 1.

281 550 374 630 modi,
396 559 433 615 ut
455 574 510 636 per
531 550 608 615 illud
630 559 741 615 natura
762 552 933 637 composita
953 552 1008 616 fiat
1030 559 1102 637 apta
1130 551 1169 616 ad
1198 552 1386 637 recipiendas

281 661 396 747 species
420 661 620 742 sensibilium,
639 662 832 728 extendendo
858 662 963 728 sicud
987 661 1142 727 sensibilia
1165 672 1196 727 et
1220 664 1387 729 materialia

281 771 488 859 passivitatem
503 773 686 854 intellectus,
702 797 771 859 quae
784 774 823 839 de
841 797 874 839 se
891 796 954 839 non
975 782 1022 839 est
1041 775 1193 860 receptiva
1213 774 1273 840 nisi
1290 776 1386 862 speci-

281 910 368 951 erum
390 886 641 972 intelligibilium.
687 887 824 952 Habebit
838 909 909 953 sero
929 888 1105 967 secundam,
1121 887 1147 952 si
1167 887 1207 952 sit
1226 889 1386 970 eiusmodi,

280 1007 317 1063 ut
331 1020 386 1083 per
399 998 477 1064 illud
491 1007 603 1065 natura
615 1000 784 1084 composita
797 1000 852 1064 fiat
867 1009 938 1085 apta
952 1000 992 1065 sd
1002 999 1205 1085 recipiendam
1219 1000 1386 1065 motionem

281 1111 450 1177 affectivam
468 1134 487 1177 a
508 1134 541 1177 re
555 1134 610 1197 per
624 1113 756 1198 speciem
771 1113 945 1178 sensibilem
961 1122 1119 1199 praesente,
1135 1113 1328 1179 extendendo
1343 1114 1386 1179 sic

281 1224 322 1288 ad
345 1223 500 1289 sensibilia
524 1232 556 1289 et
580 1224 749 1289 materialia
773 1224 982 1310 passivitatem
1011 1225 1180 1291 affectivam
1207 1226 1385 1306 voluntatis,

282 1359 351 1420 quae
369 1335 407 1400 de
427 1358 459 1400 se
480 1357 544 1400 non
565 1337 711 1421 reciperet
725 1337 894 1402 motionem
915 1337 975 1401 nisi
994 1336 1032 1402 ab
1052 1336 1172 1402 obiecto
1197 1360 1252 1422 ρει
1271 1338 1385 1402 intelli-

282 1447 407 1531 gibilem
438 1446 569 1533 speciem
599 1448 799 1533 apprehenso.
843 1448 891 1513 Er
916 1448 1028 1533 quibus
1054 1449 1115 1514 iarn
1144 1449 1232 1513 facile
1262 1448 1385 1514 deduci-

283 1569 344 1640 tur,
360 1561 561 1646 proprietates
584 1584 618 1626 ac
640 1562 801 1626 facultates
817 1561 978 1647 compositi
993 1583 1030 1626 ex
1044 1561 1217 1626 substantia
1232 1561 1385 1647 spirituali

282 1682 314 1735 ct
337 1672 486 1736 materiali
510 1673 575 1736 fore
596 1673 637 1737 ad
665 1673 868 1737 imitationem
893 1694 1007 1753 earum,
1031 1672 1144 1757 quibus
1168 1673 1235 1758 ipse
1259 1672 1386 1758 spiritus

282 1792 419 1848 ornatur.

325 1899 356 1961 6.
381 1896 451 1961 Ηοε
472 1904 577 1961 autem
600 1895 698 1982 magis
718 1896 751 1961 in
772 1896 951 1982 particulari
971 1895 1113 1981 explicari
1135 1903 1238 1981 potest
1261 1918 1385 1981 percur-

283 2007 378 2072 rendo
397 2007 565 2094 praecipuas
587 2007 778 2092 operationes
798 2008 879 2088 vitae,
901 2030 1032 2093 quarum
1055 2014 1165 2073 natura
1186 2007 1239 2072 illa
1260 2029 1384 2093 compo·

282 2117 341 2182 sita
356 2117 446 2183 debet
461 2140 527 2183 esse
541 2117 726 2203 principium
742 2118 946 2203 adaequatum.

324 2231 366 2295 Et
388 2231 496 2316 primo,
519 2230 620 2315 quoad
642 2230 810 2314 simplicem
833 2230 1115 2317 apprehensionem,
1138 2252 1173 2294 ea
1194 2231 1230 2294 fit
1252 2230 1285 2294 in
1308 2252 1386 2316 puro

282 2344 392 2429 spiritu
412 2364 467 2427 ρει
484 2342 551 2421 hoc,
567 2341 651 2427 quod
672 2343 787 2428 species
808 2343 1010 2427 intelligibilis
1029 2343 1223 2429 imprimatur
1240 2343 1279 2407 ab
1295 2342 1385 2407 iutel-

282 2454 392 2540 ligibili
420 2455 452 2518 in
481 2454 639 2520 intellectu
667 2455 798 2541 passivo,
829 2462 859 2520 et
888 2455 1075 2541 exprimetur
1103 2478 1159 2541 per
1194 2453 1386 2521 intellectum

281 2577 435 2651 agentem,
451 2590 506 2632 seu
525 2567 709 2633 intuentem.
755 2567 876 2654 Corpus
898 2590 982 2652 ergo,
998 2567 1081 2653 quod
1103 2567 1285 2632 naturaliter
1305 2568 1385 2632 ordi·

281 2686 373 2743 netur
396 2678 435 2744 ad
457 2679 655 2745 exercendam
677 2703 771 2744 unam
798 2681 891 2744 vitam
918 2702 987 2743 eum
1011 2679 1065 2743 illo
1090 2679 1211 2764 spiritu,
1238 2701 1301 2743 non
1328 2679 1386 2744 erit

280 2801 389 2876 aptum
411 2790 451 2854 ad
474 2791 718 2855 concurrendum
741 2790 883 2855 adhunc
906 2790 1114 2876 operationem
1132 2789 1254 2854 vitalem
1277 2811 1385 2875 appre-

280 2903 445 2982 hendendi,
464 2903 524 2967 nisi
544 2903 642 2989 possit
664 2903 703 2968 ab
725 2902 852 2967 obiectis
874 2901 1081 2967 materialibus
1103 2901 1236 2988 recipere
1257 2902 1385 2986 impres·

280 3015 382 3079 aiones
404 3015 541 3100 ipsorum
558 3014 747 3079 obiectorum
768 3013 1038 3099 repraesentativas,
1054 3035 1165 3097 easque
1184 3013 1314 3077 retinere
1335 3013 1387 3094 (ad

280 3127 482 3191 imitationem
493 3125 665 3190 intellectus
675 3125 797 3211 passivi,
808 3125 862 3209 qui
873 3124 984 3189 retinet
994 3125 1107 3210 species
1121 3123 1342 3208 intelligibiles)
1353 3134 1385 3188 et

279 3238 409 3304 obiicere
423 3238 561 3303 facultati
570 3237 721 3323 spirituali
728 3247 886 3322 tamquam
901 3237 1059 3316 terminos,
1069 3236 1109 3301 ad
1123 3259 1200 3322 quos
1216 3237 1281 3301 eius
1297 3246 1384 3301 aetus

280 3349 530 3434 apprehendendi
557 3349 759 3427 terminetur3
783 3349 826 3412 sic
855 3350 937 3412 enirn
964 3357 1050 3413 actus
1074 3349 1196 3413 virtutis
1219 3348 1385 3433 spiritualis

280 3459 496 3525 terminabitur
517 3460 556 3525 ad
575 3460 692 3545 aliquid
714 3469 750 3524 ut
771 3481 905 3546 praesens
928 3460 959 3523 in
980 3460 1155 3544 passivitate
1177 3460 1331 3544 corporis:
1354 3468 1386 3523 et

280 3579 367 3634 actm
381 3571 481 3634 vitalis
495 3571 744 3657 apprehendendi
758 3593 822 3634 non
838 3570 1041 3656 complebitur
1056 3570 1088 3634 in
1110 3570 1174 3634 solo
1194 3570 1314 3655 spiritu,
1331 3569 1386 3635 sed

280 3683 313 3745 in
327 3689 394 3746 toto
408 3683 587 3766 composito.

325 3793 467 3859 Secundo
482 3793 709 3860 consideremus
729 3803 816 3858 actus
833 3793 1001 3872 iudicandi,
1022 3793 1222 3872 discurrendi,
1238 3802 1273 3857 et·
1292 3815 1385 3876 gene-

281 3907 383 3985 ratim,
398 3906 563 3991 cogitandi.
609 3905 749 3970 iudicare
767 3915 824 3984 est,
840 3905 983 3970 instituta
1003 3905 1238 3990 comparatione,
1255 3904 1385 3969 duarum

280 4020 418 4084 idearum
443 4019 631 4084 relationem·
647 4040 847 4102 cognoscere:
872 4017 1040 4082 discurrere
1063 4027 1112 4082 est·
1133 4039 1169 4080 ex
1195 4015 1316 4102 duobus
1336 4017 1384 4080 iu-

281 4133 368 4198 diciis
381 4129 507 4199 tertium
517 4155 632 4196 eruere.
655 4130 776 4215 Corpus
790 4153 873 4214 ergo,
886 4127 969 4214 quod
981 4128 1152 4193 destinatur
1160 4127 1199 4192 ad
1212 4127 1387 4192 habendam

281 4255 397 4330 partem
422 4247 454 4309 in
473 4243 702 4330 operationibus
720 4241 873 4320 vitalibus,
897 4239 988 4304 debet
1006 4263 1094 4326 posse
1114 4241 1252 4325 potentis
1270 4249 1386 4304 remota

283 4359 364 4440 (quac
372 4378 426 4440 ρει
438 4356 531 4419 vitam
546 4355 580 4418 lit
590 4355 737 4439 proxima)
749 4353 881 4436 recipere
897 4353 933 4415 ab
945 4351 1046 4415 iisdem
1058 4353 1175 4414 obiectis
1185 4351 1386 4414 materialibus
