<?xml version="1.0" encoding="UTF-8"?>
<!DOCTYPE html PUBLIC "-//W3C//DTD XHTML 1.0 Transitional//EN"
    "http://www.w3.org/TR/xhtml1/DTD/xhtml1-transitional.dtd">
<html xmlns="http://www.w3.org/1999/xhtml" xml:lang="en" lang="en">
 <head>
  <title>
</title>
<meta http-equiv="Content-Type" content="text/html;charset=utf-8" />
  <meta name='ocr-system' content='tesseract 3.04.00' />
  <meta name='ocr-capabilities' content='ocr_page ocr_carea ocr_par ocr_line ocrx_word'/>
</head>
<body>
  <div class='ocr_page' id='page_1' title='image "./realisphilosoph02baymgoog_0064.png"; bbox 0 0 3200 4975; ppageno 0'>
   <div class='ocr_carea' id='block_1_1' title="bbox 296 362 1397 445">
    <p class='ocr_par' dir='ltr' id='par_1_1' title="bbox 296 362 1397 445">
     <span class='ocr_line' id='line_1_1' title="bbox 296 362 1397 445; baseline 0.001 -20"><span class='ocrx_word' id='word_1_1' title='bbox 296 364 338 425; x_wconf 89' lang='lat'><strong><em>50</em></strong></span> <span class='ocrx_word' id='word_1_2' title='bbox 600 384 641 427; x_wconf 84' lang='lat' dir='ltr'><strong><em>nu</em></strong></span> <span class='ocrx_word' id='word_1_3' title='bbox 658 384 860 427; x_wconf 76' lang='lat' dir='ltr'><strong><em>summum</em></strong></span> <span class='ocrx_word' id='word_1_4' title='bbox 876 382 1080 426; x_wconf 74' lang='lat' dir='ltr'><strong><em>sesamum.</em></strong></span> <span class='ocrx_word' id='word_1_5' title='bbox 1256 362 1341 445; x_wconf 78' lang='lat' dir='ltr'><strong><em>[css.</em></strong></span> <span class='ocrx_word' id='word_1_6' title='bbox 1358 384 1397 426; x_wconf 85' lang='lat'><strong><em>11.</em></strong></span> 
     </span>
    </p>
   </div>
   <div class='ocr_carea' id='block_1_2' title="bbox 294 548 1403 2427">
    <p class='ocr_par' dir='ltr' id='par_1_2' title="bbox 294 548 1403 2314">
     <span class='ocr_line' id='line_1_2' title="bbox 296 548 1402 633; baseline 0.003 -23"><span class='ocrx_word' id='word_1_7' title='bbox 296 548 342 612; x_wconf 84' lang='lat' dir='ltr'><strong><em>Et</em></strong></span> <span class='ocrx_word' id='word_1_8' title='bbox 359 548 437 631; x_wconf 82' lang='lat' dir='ltr'><strong><em>quod</em></strong></span> <span class='ocrx_word' id='word_1_9' title='bbox 457 569 515 610; x_wconf 92' lang='lat' dir='ltr'><strong><em>non</em></strong></span> <span class='ocrx_word' id='word_1_10' title='bbox 536 548 577 611; x_wconf 85' lang='lat' dir='ltr'><strong><em>ait</em></strong></span> <span class='ocrx_word' id='word_1_11' title='bbox 595 569 694 610; x_wconf 88' lang='lat' dir='ltr'><strong><em>eorum</em></strong></span> <span class='ocrx_word' id='word_1_12' title='bbox 715 556 834 627; x_wconf 87' lang='lat' dir='ltr'><strong><em>natura,</em></strong></span> <span class='ocrx_word' id='word_1_13' title='bbox 850 558 973 633; x_wconf 84' lang='lat' dir='ltr'><strong><em>apparet</em></strong></span> <span class='ocrx_word' id='word_1_14' title='bbox 994 572 1032 613; x_wconf 82' lang='lat' dir='ltr'><strong><em>en</em></strong></span> <span class='ocrx_word' id='word_1_15' title='bbox 1051 551 1114 628; x_wconf 75' lang='lat' dir='ltr'><strong><em>doc,</em></strong></span> <span class='ocrx_word' id='word_1_16' title='bbox 1130 550 1209 633; x_wconf 74' lang='lat' dir='ltr'><strong><em>prod</em></strong></span> <span class='ocrx_word' id='word_1_17' title='bbox 1228 557 1336 613; x_wconf 88' lang='lat' dir='ltr'><strong><em>natura</em></strong></span> <span class='ocrx_word' id='word_1_18' title='bbox 1355 551 1402 613; x_wconf 88' lang='lat' dir='ltr'><strong><em>vel</em></strong></span> 
     </span>
     <span class='ocr_line' id='line_1_3' title="bbox 296 660 1403 745; baseline 0.002 -22"><span class='ocrx_word' id='word_1_19' title='bbox 296 662 420 725; x_wconf 80' lang='lat' dir='ltr'><strong><em>essentia</em></strong></span> <span class='ocrx_word' id='word_1_20' title='bbox 440 660 564 723; x_wconf 85' lang='lat' dir='ltr'><strong><em>alienius</em></strong></span> <span class='ocrx_word' id='word_1_21' title='bbox 583 661 627 723; x_wconf 85' lang='lat' dir='ltr'><strong><em>rei</em></strong></span> <span class='ocrx_word' id='word_1_22' title='bbox 646 662 727 724; x_wconf 89' lang='lat' dir='ltr'><strong><em>intra</em></strong></span> <span class='ocrx_word' id='word_1_23' title='bbox 749 662 844 744; x_wconf 88' lang='lat' dir='ltr'><strong><em>ipsam</em></strong></span> <span class='ocrx_word' id='word_1_24' title='bbox 864 684 925 725; x_wconf 88' lang='lat' dir='ltr'><strong><em>rern</em></strong></span> <span class='ocrx_word' id='word_1_25' title='bbox 945 661 1204 745; x_wconf 77' lang='lat' dir='ltr'><strong><em>comprehenditur.</em></strong></span> <span class='ocrx_word' id='word_1_26' title='bbox 1253 662 1403 745; x_wconf 78' lang='lat' dir='ltr'><strong><em>Quidquid</em></strong></span> 
     </span>
     <span class='ocr_line' id='line_1_4' title="bbox 294 772 1400 857; baseline 0.003 -22"><span class='ocrx_word' id='word_1_27' title='bbox 294 795 363 857; x_wconf 86' lang='lat' dir='ltr'><strong><em>erpo</em></strong></span> <span class='ocrx_word' id='word_1_28' title='bbox 385 794 416 837; x_wconf 86' lang='lat' dir='ltr'><strong><em>se</em></strong></span> <span class='ocrx_word' id='word_1_29' title='bbox 440 772 571 837; x_wconf 75' lang='lat' dir='ltr'><strong><em>tetendit</em></strong></span> <span class='ocrx_word' id='word_1_30' title='bbox 591 772 684 836; x_wconf 89' lang='lat' dir='ltr'><strong><em>adid</em></strong></span> <span class='ocrx_word' id='word_1_31' title='bbox 704 774 782 856; x_wconf 87' lang='lat' dir='ltr'><strong><em>quod</em></strong></span> <span class='ocrx_word' id='word_1_32' title='bbox 802 782 847 838; x_wconf 88' lang='lat' dir='ltr'><strong><em>est</em></strong></span> <span class='ocrx_word' id='word_1_33' title='bbox 866 782 951 837; x_wconf 81' lang='lat' dir='ltr'><strong><em>eatra</em></strong></span> <span class='ocrx_word' id='word_1_34' title='bbox 974 796 1045 854; x_wconf 87' lang='lat' dir='ltr'><strong><em>rem,</em></strong></span> <span class='ocrx_word' id='word_1_35' title='bbox 1060 796 1119 837; x_wconf 92' lang='lat' dir='ltr'><strong><em>non</em></strong></span> <span class='ocrx_word' id='word_1_36' title='bbox 1140 776 1244 838; x_wconf 86' lang='lat' dir='ltr'><strong><em>estrei</em></strong></span> <span class='ocrx_word' id='word_1_37' title='bbox 1266 778 1400 839; x_wconf 79' lang='lat' dir='ltr'><strong><em>essentia.</em></strong></span> 
     </span>
     <span class='ocr_line' id='line_1_5' title="bbox 302 884 1401 971; baseline 0.001 -23"><span class='ocrx_word' id='word_1_38' title='bbox 302 884 382 948; x_wconf 81' lang='lat' dir='ltr'><strong><em>Unde</em></strong></span> <span class='ocrx_word' id='word_1_39' title='bbox 403 884 530 947; x_wconf 80' lang='lat' dir='ltr'><strong><em>ridemus</em></strong></span> <span class='ocrx_word' id='word_1_40' title='bbox 547 886 580 947; x_wconf 90' lang='lat' dir='ltr'><strong><em>in</em></strong></span> <span class='ocrx_word' id='word_1_41' title='bbox 599 886 766 969; x_wconf 83' lang='lat' dir='ltr'><strong><em>corporibus</em></strong></span> <span class='ocrx_word' id='word_1_42' title='bbox 785 887 978 965; x_wconf 77' lang='lat' dir='ltr'><strong><em>naturalibus,</em></strong></span> <span class='ocrx_word' id='word_1_43' title='bbox 995 887 1074 971; x_wconf 84' lang='lat' dir='ltr'><strong><em>quod</em></strong></span> <span class='ocrx_word' id='word_1_44' title='bbox 1091 887 1254 965; x_wconf 78' lang='lat' dir='ltr'><em>inclinatio,</em></span> <span class='ocrx_word' id='word_1_45' title='bbox 1275 910 1338 971; x_wconf 83' lang='lat' dir='ltr'><strong><em>qua</em></strong></span> <span class='ocrx_word' id='word_1_46' title='bbox 1357 895 1401 950; x_wconf 89' lang='lat' dir='ltr'><strong><em>est</em></strong></span> 
     </span>
     <span class='ocr_line' id='line_1_6' title="bbox 297 996 1401 1082; baseline 0.002 -23"><span class='ocrx_word' id='word_1_47' title='bbox 297 996 338 1059; x_wconf 90' lang='lat' dir='ltr'><strong><em>ad</em></strong></span> <span class='ocrx_word' id='word_1_48' title='bbox 361 1018 420 1061; x_wconf 87' lang='lat' dir='ltr'><strong><em>esse</em></strong></span> <span class='ocrx_word' id='word_1_49' title='bbox 443 998 497 1074; x_wconf 90' lang='lat' dir='ltr'><strong><em>rei,</em></strong></span> <span class='ocrx_word' id='word_1_50' title='bbox 520 1018 578 1060; x_wconf 89' lang='lat' dir='ltr'><strong><em>non</em></strong></span> <span class='ocrx_word' id='word_1_51' title='bbox 603 1006 647 1062; x_wconf 87' lang='lat' dir='ltr'><strong><em>est</em></strong></span> <span class='ocrx_word' id='word_1_52' title='bbox 666 1020 724 1081; x_wconf 87' lang='lat' dir='ltr'><strong><em>per</em></strong></span> <span class='ocrx_word' id='word_1_53' title='bbox 749 998 864 1082; x_wconf 83' lang='lat' dir='ltr'><strong><em>aliquid</em></strong></span> <span class='ocrx_word' id='word_1_54' title='bbox 882 999 1100 1082; x_wconf 88' lang='lat' dir='ltr'><strong><em>superadditum</em></strong></span> <span class='ocrx_word' id='word_1_55' title='bbox 1121 1000 1260 1078; x_wconf 81' lang='lat' dir='ltr'><strong><em>essentia,</em></strong></span> <span class='ocrx_word' id='word_1_56' title='bbox 1278 999 1331 1063; x_wconf 88' lang='lat' dir='ltr'><strong><em>sed</em></strong></span> <span class='ocrx_word' id='word_1_57' title='bbox 1342 1021 1401 1082; x_wconf 89' lang='lat' dir='ltr'><strong><em>per</em></strong></span> 
     </span>
     <span class='ocr_line' id='line_1_7' title="bbox 297 1110 1401 1195; baseline 0.004 -24"><span class='ocrx_word' id='word_1_58' title='bbox 297 1110 459 1187; x_wconf 79' lang='lat' dir='ltr'><strong><em>materiam,</em></strong></span> <span class='ocrx_word' id='word_1_59' title='bbox 475 1130 538 1191; x_wconf 83' lang='lat' dir='ltr'><strong><em>qua</em></strong></span> <span class='ocrx_word' id='word_1_60' title='bbox 555 1112 668 1193; x_wconf 87' lang='lat' dir='ltr'><strong><em>appetit</em></strong></span> <span class='ocrx_word' id='word_1_61' title='bbox 683 1132 743 1175; x_wconf 86' lang='lat' dir='ltr'><strong><em>esse</em></strong></span> <span class='ocrx_word' id='word_1_62' title='bbox 762 1119 920 1194; x_wconf 72' lang='lat' dir='ltr'><strong><em>antequam</em></strong></span> <span class='ocrx_word' id='word_1_63' title='bbox 942 1112 1057 1189; x_wconf 80' lang='lat' dir='ltr'><strong><em>lateat,</em></strong></span> <span class='ocrx_word' id='word_1_64' title='bbox 1072 1120 1102 1175; x_wconf 90' lang='lat' dir='ltr'><strong><em>et</em></strong></span> <span class='ocrx_word' id='word_1_65' title='bbox 1111 1134 1168 1195; x_wconf 88' lang='lat' dir='ltr'><strong><em>per</em></strong></span> <span class='ocrx_word' id='word_1_66' title='bbox 1181 1111 1401 1195; x_wconf 75' lang='lat' dir='ltr'><strong><em>formamque</em></strong></span> 
     </span>
     <span class='ocr_line' id='line_1_8' title="bbox 299 1220 1398 1307; baseline 0.001 -23"><span class='ocrx_word' id='word_1_67' title='bbox 299 1227 375 1284; x_wconf 83' lang='lat' dir='ltr'><strong><em>tenet</em></strong></span> <span class='ocrx_word' id='word_1_68' title='bbox 392 1242 453 1283; x_wconf 91' lang='lat' dir='ltr'><strong><em>rem</em></strong></span> <span class='ocrx_word' id='word_1_69' title='bbox 470 1220 502 1282; x_wconf 89' lang='lat' dir='ltr'><strong><em>in</em></strong></span> <span class='ocrx_word' id='word_1_70' title='bbox 517 1242 577 1284; x_wconf 87' lang='lat' dir='ltr'><strong><em>esse</em></strong></span> <span class='ocrx_word' id='word_1_71' title='bbox 592 1228 752 1305; x_wconf 77' lang='lat' dir='ltr'><strong><em>postquam</em></strong></span> <span class='ocrx_word' id='word_1_72' title='bbox 767 1222 876 1305; x_wconf 79' lang='lat' dir='ltr'><strong><em>fuecit.</em></strong></span> <span class='ocrx_word' id='word_1_73' title='bbox 922 1223 984 1287; x_wconf 84' lang='lat' dir='ltr'><strong><em>Sed</em></strong></span> <span class='ocrx_word' id='word_1_74' title='bbox 998 1223 1150 1287; x_wconf 80' lang='lat' dir='ltr'><strong><em>inclinatio</em></strong></span> <span class='ocrx_word' id='word_1_75' title='bbox 1171 1224 1211 1286; x_wconf 92' lang='lat' dir='ltr'><strong><em>ad</em></strong></span> <span class='ocrx_word' id='word_1_76' title='bbox 1223 1223 1337 1307; x_wconf 84' lang='lat' dir='ltr'><strong><em>aliquid</em></strong></span> <span class='ocrx_word' id='word_1_77' title='bbox 1348 1246 1398 1285; x_wconf 84' lang='lat' dir='ltr'><strong><em>ea-</em></strong></span> 
     </span>
     <span class='ocr_line' id='line_1_9' title="bbox 297 1333 1399 1423; baseline 0.001 -28"><span class='ocrx_word' id='word_1_78' title='bbox 297 1333 451 1395; x_wconf 90' lang='lat' dir='ltr'><strong><em>trinsecum</em></strong></span> <span class='ocrx_word' id='word_1_79' title='bbox 471 1340 515 1396; x_wconf 88' lang='grc' dir='ltr'><strong><em>εει</em></strong></span> <span class='ocrx_word' id='word_1_80' title='bbox 525 1354 583 1415; x_wconf 87' lang='lat' dir='ltr'><strong><em>per</em></strong></span> <span class='ocrx_word' id='word_1_81' title='bbox 601 1333 716 1416; x_wconf 87' lang='lat' dir='ltr'><strong><em>aliquid</em></strong></span> <span class='ocrx_word' id='word_1_82' title='bbox 735 1335 962 1417; x_wconf 85' lang='lat' dir='ltr'><strong><em>superadditam,</em></strong></span> <span class='ocrx_word' id='word_1_83' title='bbox 977 1336 1055 1399; x_wconf 69' lang='lat' dir='ltr'><strong><em>mont</em></strong></span> <span class='ocrx_word' id='word_1_84' title='bbox 1076 1335 1228 1423; x_wconf 85' lang='lat' dir='ltr'><strong><em>inclinatio</em></strong></span> <span class='ocrx_word' id='word_1_85' title='bbox 1250 1335 1291 1398; x_wconf 90' lang='lat' dir='ltr'><strong><em>ad</em></strong></span> <span class='ocrx_word' id='word_1_86' title='bbox 1307 1335 1399 1397; x_wconf 88' lang='lat' dir='ltr'><strong><em>locum</em></strong></span> 
     </span>
     <span class='ocr_line' id='line_1_10' title="bbox 297 1444 1398 1531; baseline 0.003 -26"><span class='ocrx_word' id='word_1_87' title='bbox 297 1450 340 1505; x_wconf 88' lang='lat' dir='ltr'><strong><em>est</em></strong></span> <span class='ocrx_word' id='word_1_88' title='bbox 355 1466 413 1527; x_wconf 87' lang='lat' dir='ltr'><strong><em>per</em></strong></span> <span class='ocrx_word' id='word_1_89' title='bbox 424 1444 602 1526; x_wconf 85' lang='lat' dir='ltr'><strong><em>pravitatem</em></strong></span> <span class='ocrx_word' id='word_1_90' title='bbox 617 1445 663 1507; x_wconf 87' lang='lat' dir='ltr'><strong><em>ael</em></strong></span> <span class='ocrx_word' id='word_1_91' title='bbox 684 1445 839 1509; x_wconf 89' lang='lat' dir='ltr'><strong><em>leuitatem.</em></strong></span> <span class='ocrx_word' id='word_1_92' title='bbox 885 1447 1045 1510; x_wconf 84' lang='lat' dir='ltr'><strong><em>Inclinatio</em></strong></span> <span class='ocrx_word' id='word_1_93' title='bbox 1065 1455 1162 1510; x_wconf 87' lang='lat' dir='ltr'><strong><em>autem</em></strong></span> <span class='ocrx_word' id='word_1_94' title='bbox 1182 1447 1398 1531; x_wconf 76' lang='lat' dir='ltr'><strong><em>adfaciendum</em></strong></span> 
     </span>
     <span class='ocr_line' id='line_1_11' title="bbox 296 1555 1399 1639; baseline 0.004 -23"><span class='ocrx_word' id='word_1_95' title='bbox 296 1555 353 1617; x_wconf 84' lang='lat' dir='ltr'><strong><em>sibi</em></strong></span> <span class='ocrx_word' id='word_1_96' title='bbox 366 1555 460 1617; x_wconf 83' lang='lat' dir='ltr'><strong><em>simile</em></strong></span> <span class='ocrx_word' id='word_1_97' title='bbox 474 1562 518 1618; x_wconf 87' lang='lat' dir='ltr'><strong><em>est</em></strong></span> <span class='ocrx_word' id='word_1_98' title='bbox 531 1578 589 1639; x_wconf 87' lang='lat' dir='ltr'><strong><em>per</em></strong></span> <span class='ocrx_word' id='word_1_99' title='bbox 604 1556 762 1639; x_wconf 85' lang='lat' dir='ltr'><strong><em>qualitates</em></strong></span> <span class='ocrx_word' id='word_1_100' title='bbox 776 1559 897 1622; x_wconf 79' lang='lat' dir='ltr'><strong><em>activas.</em></strong></span> <span class='ocrx_word' id='word_1_101' title='bbox 949 1559 1092 1622; x_wconf 80' lang='lat' dir='ltr'><strong><em>Voluntas</em></strong></span> <span class='ocrx_word' id='word_1_102' title='bbox 1105 1566 1202 1622; x_wconf 84' lang='lat' dir='ltr'><strong><em>autern</em></strong></span> <span class='ocrx_word' id='word_1_103' title='bbox 1216 1559 1302 1622; x_wconf 81' lang='lat' dir='ltr'><strong><em>labet</em></strong></span> <span class='ocrx_word' id='word_1_104' title='bbox 1316 1558 1399 1621; x_wconf 87' lang='lat' dir='ltr'><strong><em>incli-</em></strong></span> 
     </span>
     <span class='ocr_line' id='line_1_12' title="bbox 296 1668 1399 1735; baseline 0.005 -7"><span class='ocrx_word' id='word_1_105' title='bbox 296 1668 442 1730; x_wconf 89' lang='lat' dir='ltr'><strong><em>nationem</em></strong></span> <span class='ocrx_word' id='word_1_106' title='bbox 464 1668 495 1729; x_wconf 89' lang='lat' dir='ltr'><strong><em>in</em></strong></span> <span class='ocrx_word' id='word_1_107' title='bbox 510 1668 615 1731; x_wconf 82' lang='lat' dir='ltr'><strong><em>bonum</em></strong></span> <span class='ocrx_word' id='word_1_108' title='bbox 636 1668 835 1733; x_wconf 83' lang='lat' dir='ltr'><strong><em>naturaliter:</em></strong></span> <span class='ocrx_word' id='word_1_109' title='bbox 857 1670 934 1734; x_wconf 87' lang='lat' dir='ltr'><strong><em>unde</em></strong></span> <span class='ocrx_word' id='word_1_110' title='bbox 948 1671 990 1732; x_wconf 82' lang='lat' dir='ltr'><strong><em>iti</em></strong></span> <span class='ocrx_word' id='word_1_111' title='bbox 1008 1669 1101 1733; x_wconf 86' lang='lat' dir='ltr'><strong><em>solum</em></strong></span> <span class='ocrx_word' id='word_1_112' title='bbox 1116 1679 1166 1734; x_wconf 83' lang='lat' dir='ltr'><strong><em>est</em></strong></span> <span class='ocrx_word' id='word_1_113' title='bbox 1181 1670 1255 1733; x_wconf 87' lang='lat' dir='ltr'><strong><em>idem</em></strong></span> <span class='ocrx_word' id='word_1_114' title='bbox 1275 1672 1399 1735; x_wconf 86' lang='lat' dir='ltr'><strong><em>essentie</em></strong></span> 
     </span>
     <span class='ocr_line' id='line_1_13' title="bbox 297 1779 1398 1861; baseline 0.005 -20"><span class='ocrx_word' id='word_1_115' title='bbox 297 1787 326 1842; x_wconf 90' lang='lat' dir='ltr'><strong><em>et</em></strong></span> <span class='ocrx_word' id='word_1_116' title='bbox 350 1779 494 1857; x_wconf 84' lang='lat' dir='ltr'><strong><em>uoluntas,</em></strong></span> <span class='ocrx_word' id='word_1_117' title='bbox 518 1780 569 1843; x_wconf 81' lang='lat' dir='ltr'><strong><em>ubi</em></strong></span> <span class='ocrx_word' id='word_1_118' title='bbox 594 1781 725 1845; x_wconf 88' lang='lat' dir='ltr'><strong><em>totaliter</em></strong></span> <span class='ocrx_word' id='word_1_119' title='bbox 747 1783 852 1846; x_wconf 83' lang='lat' dir='ltr'><strong><em>bonum</em></strong></span> <span class='ocrx_word' id='word_1_120' title='bbox 877 1784 1042 1847; x_wconf 81' lang='lat' dir='ltr'><strong><em>continetur</em></strong></span> <span class='ocrx_word' id='word_1_121' title='bbox 1066 1784 1098 1845; x_wconf 92' lang='lat' dir='ltr'><strong><em>in</em></strong></span> <span class='ocrx_word' id='word_1_122' title='bbox 1121 1785 1246 1847; x_wconf 87' lang='lat' dir='ltr'><strong><em>essentia</em></strong></span> <span class='ocrx_word' id='word_1_123' title='bbox 1267 1783 1398 1861; x_wconf 81' lang='lat' dir='ltr'><strong><em>volentis,</em></strong></span> 
     </span>
     <span class='ocr_line' id='line_1_14' title="bbox 295 1892 1396 1977; baseline 0.004 -24"><span class='ocrx_word' id='word_1_124' title='bbox 295 1892 406 1956; x_wconf 79' lang='lat' dir='ltr'><strong><em>seilicet</em></strong></span> <span class='ocrx_word' id='word_1_125' title='bbox 420 1893 452 1954; x_wconf 91' lang='lat' dir='ltr'><strong><em>in</em></strong></span> <span class='ocrx_word' id='word_1_126' title='bbox 466 1895 543 1971; x_wconf 88' lang='lat' dir='ltr'><strong><em>Dea,</em></strong></span> <span class='ocrx_word' id='word_1_127' title='bbox 558 1896 609 1977; x_wconf 85' lang='lat' dir='ltr'><strong><em>qui</em></strong></span> <span class='ocrx_word' id='word_1_128' title='bbox 623 1895 700 1957; x_wconf 82' lang='lat' dir='ltr'><strong><em>niltil</em></strong></span> <span class='ocrx_word' id='word_1_129' title='bbox 712 1896 775 1959; x_wconf 85' lang='lat' dir='ltr'><strong><em>uult</em></strong></span> <span class='ocrx_word' id='word_1_130' title='bbox 789 1904 875 1959; x_wconf 83' lang='lat' dir='ltr'><strong><em>entra</em></strong></span> <span class='ocrx_word' id='word_1_131' title='bbox 889 1918 929 1975; x_wconf 90' lang='lat' dir='ltr'><strong><em>se,</em></strong></span> <span class='ocrx_word' id='word_1_132' title='bbox 945 1897 1004 1959; x_wconf 87' lang='lat' dir='ltr'><strong><em>nisi</em></strong></span> <span class='ocrx_word' id='word_1_133' title='bbox 1025 1897 1139 1959; x_wconf 87' lang='lat' dir='ltr'><strong><em>ratione</em></strong></span> <span class='ocrx_word' id='word_1_134' title='bbox 1155 1918 1215 1959; x_wconf 82' lang='lat' dir='ltr'><strong><em>sua</em></strong></span> <span class='ocrx_word' id='word_1_135' title='bbox 1235 1896 1396 1959; x_wconf 84' lang='lat' dir='ltr'><strong><em>bonitatis:</em></strong></span> 
     </span>
     <span class='ocr_line' id='line_1_15' title="bbox 297 2004 1400 2091; baseline 0.004 -26"><span class='ocrx_word' id='word_1_136' title='bbox 297 2004 376 2086; x_wconf 87' lang='lat' dir='ltr'><strong><em>quod</em></strong></span> <span class='ocrx_word' id='word_1_137' title='bbox 388 2005 422 2068; x_wconf 84' lang='lat' dir='ltr'><strong><em>de</em></strong></span> <span class='ocrx_word' id='word_1_138' title='bbox 437 2004 517 2069; x_wconf 84' lang='lat' dir='ltr'><strong><em>nulla</em></strong></span> <span class='ocrx_word' id='word_1_139' title='bbox 533 2016 667 2071; x_wconf 87' lang='lat' dir='ltr'><strong><em>creatura</em></strong></span> <span class='ocrx_word' id='word_1_140' title='bbox 681 2007 743 2070; x_wconf 86' lang='lat' dir='ltr'><strong><em>dici</em></strong></span> <span class='ocrx_word' id='word_1_141' title='bbox 752 2015 860 2091; x_wconf 90' lang='lat' dir='ltr'><strong><em>potest,</em></strong></span> <span class='ocrx_word' id='word_1_142' title='bbox 877 2030 966 2090; x_wconf 86' lang='lat' dir='ltr'><strong><em>quum</em></strong></span> <span class='ocrx_word' id='word_1_143' title='bbox 980 2009 1085 2072; x_wconf 85' lang='lat' dir='ltr'><strong><em>bonurn</em></strong></span> <span class='ocrx_word' id='word_1_144' title='bbox 1099 2006 1247 2091; x_wconf 82' lang='lat' dir='ltr'><strong><em>infinitum</em></strong></span> <span class='ocrx_word' id='word_1_145' title='bbox 1260 2010 1301 2071; x_wconf 91' lang='lat' dir='ltr'><strong><em>sit</em></strong></span> <span class='ocrx_word' id='word_1_146' title='bbox 1314 2014 1400 2071; x_wconf 81' lang='lat' dir='ltr'><strong><em>entra</em></strong></span> 
     </span>
     <span class='ocr_line' id='line_1_16' title="bbox 295 2113 1400 2203; baseline 0.005 -26"><span class='ocrx_word' id='word_1_147' title='bbox 295 2118 438 2179; x_wconf 80' lang='lat' dir='ltr'><strong><em>rationem</em></strong></span> <span class='ocrx_word' id='word_1_148' title='bbox 453 2118 604 2181; x_wconf 85' lang='lat' dir='ltr'><strong><em>cuiuslibet</em></strong></span> <span class='ocrx_word' id='word_1_149' title='bbox 619 2119 719 2182; x_wconf 87' lang='lat' dir='ltr'><strong><em>creati.</em></strong></span> <span class='ocrx_word' id='word_1_150' title='bbox 769 2120 851 2183; x_wconf 84' lang='lat' dir='ltr'><strong><em>Unde</em></strong></span> <span class='ocrx_word' id='word_1_151' title='bbox 865 2113 917 2183; x_wconf 87' lang='lat' dir='ltr'><strong><em>nec</em></strong></span> <span class='ocrx_word' id='word_1_152' title='bbox 935 2120 1070 2183; x_wconf 83' lang='lat' dir='ltr'><strong><em>uoluntas</em></strong></span> <span class='ocrx_word' id='word_1_153' title='bbox 1083 2120 1190 2203; x_wconf 80' lang='lat' dir='ltr'><strong><em>ampeli,</em></strong></span> <span class='ocrx_word' id='word_1_154' title='bbox 1206 2142 1258 2183; x_wconf 92' lang='lat' dir='ltr'><strong><em>nec</em></strong></span> <span class='ocrx_word' id='word_1_155' title='bbox 1276 2120 1400 2183; x_wconf 88' lang='lat' dir='ltr'><strong><em>alterius</em></strong></span> 
     </span>
     <span class='ocr_line' id='line_1_17' title="bbox 297 2230 1026 2314; baseline 0.005 -24"><span class='ocrx_word' id='word_1_156' title='bbox 297 2235 437 2291; x_wconf 83' lang='lat' dir='ltr'><strong><em>ereatura</em></strong></span> <span class='ocrx_word' id='word_1_157' title='bbox 446 2237 547 2311; x_wconf 86' lang='lat' dir='ltr'><strong><em>potest</em></strong></span> <span class='ocrx_word' id='word_1_158' title='bbox 561 2252 622 2293; x_wconf 86' lang='lat' dir='ltr'><strong><em>esse</em></strong></span> <span class='ocrx_word' id='word_1_159' title='bbox 636 2230 711 2293; x_wconf 85' lang='lat' dir='ltr'><strong><em>idem</em></strong></span> <span class='ocrx_word' id='word_1_160' title='bbox 726 2231 806 2314; x_wconf 84' lang='lat' dir='ltr'><strong><em>quod</em></strong></span> <span class='ocrx_word' id='word_1_161' title='bbox 817 2232 879 2294; x_wconf 85' lang='lat' dir='ltr'><strong><em>eius</em></strong></span> <span class='ocrx_word' id='word_1_162' title='bbox 893 2232 1026 2294; x_wconf 88' lang='lat' dir='ltr'><strong><em>essentia.</em></strong></span> 
     </span>
    </p>

    <p class='ocr_par' dir='ltr' id='par_1_3' title="bbox 343 2340 1399 2427">
     <span class='ocr_line' id='line_1_18' title="bbox 343 2340 1399 2427; baseline 0.001 -24"><span class='ocrx_word' id='word_1_163' title='bbox 343 2340 487 2404; x_wconf 83' lang='lat' dir='ltr'><strong><em>Similiter</em></strong></span> <span class='ocrx_word' id='word_1_164' title='bbox 497 2364 549 2405; x_wconf 90' lang='lat' dir='ltr'><strong><em>nec</em></strong></span> <span class='ocrx_word' id='word_1_165' title='bbox 557 2350 658 2426; x_wconf 90' lang='lat' dir='ltr'><strong><em>potest</em></strong></span> <span class='ocrx_word' id='word_1_166' title='bbox 673 2365 733 2406; x_wconf 88' lang='lat' dir='ltr'><strong><em>esse</em></strong></span> <span class='ocrx_word' id='word_1_167' title='bbox 748 2344 823 2407; x_wconf 87' lang='lat' dir='ltr'><strong><em>idem</em></strong></span> <span class='ocrx_word' id='word_1_168' title='bbox 832 2343 911 2427; x_wconf 85' lang='lat' dir='ltr'><strong><em>quod</em></strong></span> <span class='ocrx_word' id='word_1_169' title='bbox 922 2343 1085 2408; x_wconf 86' lang='lat' dir='ltr'><strong><em>intellectus</em></strong></span> <span class='ocrx_word' id='word_1_170' title='bbox 1094 2345 1200 2427; x_wconf 77' lang='lat' dir='ltr'><strong><em>napoli,</em></strong></span> <span class='ocrx_word' id='word_1_171' title='bbox 1209 2343 1257 2406; x_wconf 87' lang='lat' dir='ltr'><strong><em>vel</em></strong></span> <span class='ocrx_word' id='word_1_172' title='bbox 1265 2344 1399 2406; x_wconf 75' lang='lat' dir='ltr'><strong><em>hominis.</em></strong></span> 
     </span>
    </p>
   </div>
   <div class='ocr_carea' id='block_1_3' title="bbox 297 2453 1402 2631">
    <p class='ocr_par' dir='ltr' id='par_1_4' title="bbox 297 2453 1402 2631">
     <span class='ocr_line' id='line_1_19' title="bbox 298 2453 1400 2540; baseline 0.002 -24"><span class='ocrx_word' id='word_1_173' title='bbox 298 2453 380 2517; x_wconf 91' lang='lat' dir='ltr'><strong><em>Nam</em></strong></span> <span class='ocrx_word' id='word_1_174' title='bbox 408 2454 535 2538; x_wconf 85' lang='lat' dir='ltr'><strong><em>capnitio</em></strong></span> <span class='ocrx_word' id='word_1_175' title='bbox 557 2453 600 2538; x_wconf 84' lang='lat' dir='ltr'><strong><em>flt</em></strong></span> <span class='ocrx_word' id='word_1_176' title='bbox 623 2476 680 2537; x_wconf 87' lang='lat' dir='ltr'><strong><em>per</em></strong></span> <span class='ocrx_word' id='word_1_177' title='bbox 704 2456 767 2533; x_wconf 82' lang='lat' dir='ltr'><strong><em>ltoc,</em></strong></span> <span class='ocrx_word' id='word_1_178' title='bbox 791 2455 871 2539; x_wconf 84' lang='lat' dir='ltr'><strong><em>quod</em></strong></span> <span class='ocrx_word' id='word_1_179' title='bbox 897 2457 1043 2540; x_wconf 86' lang='lat' dir='ltr'><strong><em>capnitum</em></strong></span> <span class='ocrx_word' id='word_1_180' title='bbox 1072 2464 1116 2520; x_wconf 88' lang='lat' dir='ltr'><strong><em>est</em></strong></span> <span class='ocrx_word' id='word_1_181' title='bbox 1139 2458 1172 2519; x_wconf 91' lang='lat' dir='ltr'><strong><em>in</em></strong></span> <span class='ocrx_word' id='word_1_182' title='bbox 1193 2462 1400 2540; x_wconf 83' lang='lat' dir='ltr'><strong><em>capnoscente:</em></strong></span> 
     </span>
     <span class='ocr_line' id='line_1_20' title="bbox 297 2565 1402 2631; baseline 0.004 -5"><span class='ocrx_word' id='word_1_183' title='bbox 297 2565 431 2628; x_wconf 88' lang='lat' dir='ltr'><strong><em>voluntas</em></strong></span> <span class='ocrx_word' id='word_1_184' title='bbox 444 2587 511 2630; x_wconf 88' lang='lat' dir='ltr'><strong><em>vero</em></strong></span> <span class='ocrx_word' id='word_1_185' title='bbox 531 2587 562 2628; x_wconf 90' lang='lat' dir='ltr'><strong><em>se</em></strong></span> <span class='ocrx_word' id='word_1_186' title='bbox 576 2565 707 2629; x_wconf 79' lang='lat' dir='ltr'><strong><em>contendit</em></strong></span> <span class='ocrx_word' id='word_1_187' title='bbox 724 2568 756 2628; x_wconf 87' lang='lat' dir='ltr'><strong><em>in</em></strong></span> <span class='ocrx_word' id='word_1_188' title='bbox 776 2589 837 2628; x_wconf 89' lang='lat' dir='ltr'><strong><em>rem</em></strong></span> <span class='ocrx_word' id='word_1_189' title='bbox 852 2568 1033 2630; x_wconf 81' lang='lat' dir='ltr'><strong><em>anteriorem.</em></strong></span> <span class='ocrx_word' id='word_1_190' title='bbox 1084 2568 1167 2630; x_wconf 87' lang='lat' dir='ltr'><strong><em>Unde</em></strong></span> <span class='ocrx_word' id='word_1_191' title='bbox 1187 2590 1221 2631; x_wconf 89' lang='lat' dir='ltr'><strong><em>ea</em></strong></span> <span class='ocrx_word' id='word_1_192' title='bbox 1237 2569 1352 2630; x_wconf 89' lang='lat' dir='ltr'><strong><em>ratione</em></strong></span> <span class='ocrx_word' id='word_1_193' title='bbox 1371 2589 1402 2630; x_wconf 89' lang='lat' dir='ltr'><strong><em>se</em></strong></span> 
     </span>
    </p>
   </div>
   <div class='ocr_carea' id='block_1_4' title="bbox 292 2676 1406 4431">
    <p class='ocr_par' dir='ltr' id='par_1_5' title="bbox 292 2676 1406 4431">
     <span class='ocr_line' id='line_1_21' title="bbox 297 2676 1403 2761; baseline 0.002 -22"><span class='ocrx_word' id='word_1_194' title='bbox 297 2676 428 2740; x_wconf 75' lang='lat' dir='ltr'><strong><em>retendit</em></strong></span> <span class='ocrx_word' id='word_1_195' title='bbox 449 2677 511 2739; x_wconf 88' lang='lat' dir='ltr'><strong><em>eius</em></strong></span> <span class='ocrx_word' id='word_1_196' title='bbox 533 2676 697 2740; x_wconf 85' lang='lat' dir='ltr'><strong><em>intellectus</em></strong></span> <span class='ocrx_word' id='word_1_197' title='bbox 717 2679 748 2740; x_wconf 91' lang='lat' dir='ltr'><strong><em>in</em></strong></span> <span class='ocrx_word' id='word_1_198' title='bbox 770 2677 804 2739; x_wconf 90' lang='lat' dir='ltr'><strong><em>id</em></strong></span> <span class='ocrx_word' id='word_1_199' title='bbox 823 2678 902 2760; x_wconf 79' lang='lat' dir='ltr'><strong><em>qnod</em></strong></span> <span class='ocrx_word' id='word_1_200' title='bbox 923 2687 967 2742; x_wconf 86' lang='grc' dir='ltr'><strong><em>εει</em></strong></span> <span class='ocrx_word' id='word_1_201' title='bbox 988 2687 1073 2742; x_wconf 81' lang='lat' dir='ltr'><strong><em>entra</em></strong></span> <span class='ocrx_word' id='word_1_202' title='bbox 1096 2701 1136 2757; x_wconf 87' lang='lat' dir='ltr'><strong><em>se,</em></strong></span> <span class='ocrx_word' id='word_1_203' title='bbox 1152 2679 1307 2742; x_wconf 87' lang='lat' dir='ltr'><strong><em>secundnm</em></strong></span> <span class='ocrx_word' id='word_1_204' title='bbox 1324 2678 1403 2761; x_wconf 86' lang='lat' dir='ltr'><strong><em>quod</em></strong></span> 
     </span>
     <span class='ocr_line' id='line_1_22' title="bbox 298 2776 1400 2873; baseline 0.003 -23"><span class='ocrx_word' id='word_1_205' title='bbox 298 2776 381 2866; x_wconf 89' lang='lat' dir='ltr'><strong><em>illud,</em></strong></span> <span class='ocrx_word' id='word_1_206' title='bbox 397 2788 477 2871; x_wconf 86' lang='lat' dir='ltr'><strong><em>quod</em></strong></span> <span class='ocrx_word' id='word_1_207' title='bbox 495 2796 580 2852; x_wconf 84' lang='lat' dir='ltr'><strong><em>entra</em></strong></span> <span class='ocrx_word' id='word_1_208' title='bbox 597 2790 692 2872; x_wconf 85' lang='lat' dir='ltr'><strong><em>ipsum</em></strong></span> <span class='ocrx_word' id='word_1_209' title='bbox 707 2798 751 2853; x_wconf 87' lang='lat' dir='ltr'><strong><em>est</em></strong></span> <span class='ocrx_word' id='word_1_210' title='bbox 770 2812 826 2873; x_wconf 88' lang='lat' dir='ltr'><strong><em>per</em></strong></span> <span class='ocrx_word' id='word_1_211' title='bbox 841 2793 1004 2868; x_wconf 87' lang='lat' dir='ltr'><strong><em>essentiam,</em></strong></span> <span class='ocrx_word' id='word_1_212' title='bbox 1020 2798 1122 2853; x_wconf 90' lang='lat' dir='ltr'><strong><em>natum</em></strong></span> <span class='ocrx_word' id='word_1_213' title='bbox 1139 2798 1182 2853; x_wconf 92' lang='grc' dir='ltr'><strong><em>εει</em></strong></span> <span class='ocrx_word' id='word_1_214' title='bbox 1201 2791 1299 2872; x_wconf 82' lang='lat' dir='ltr'><strong><em>aliquo</em></strong></span> <span class='ocrx_word' id='word_1_215' title='bbox 1317 2791 1400 2853; x_wconf 90' lang='lat' dir='ltr'><strong><em>moda</em></strong></span> 
     </span>
     <span class='ocr_line' id='line_1_23' title="bbox 298 2900 1399 2984; baseline 0.003 -23"><span class='ocrx_word' id='word_1_216' title='bbox 298 2901 461 2963; x_wconf 83' lang='lat' dir='ltr'><strong><em>incoasse.</em></strong></span> <span class='ocrx_word' id='word_1_217' title='bbox 513 2900 657 2964; x_wconf 86' lang='lat' dir='ltr'><strong><em>Voluntas</em></strong></span> <span class='ocrx_word' id='word_1_218' title='bbox 671 2923 737 2963; x_wconf 84' lang='lat' dir='ltr'><strong><em>vero</em></strong></span> <span class='ocrx_word' id='word_1_219' title='bbox 754 2924 784 2964; x_wconf 92' lang='lat' dir='ltr'><strong><em>se</em></strong></span> <span class='ocrx_word' id='word_1_220' title='bbox 800 2902 930 2968; x_wconf 83' lang='lat' dir='ltr'><strong><em>eatendit</em></strong></span> <span class='ocrx_word' id='word_1_221' title='bbox 944 2904 976 2963; x_wconf 91' lang='lat' dir='ltr'><strong><em>in</em></strong></span> <span class='ocrx_word' id='word_1_222' title='bbox 995 2901 1029 2963; x_wconf 92' lang='lat' dir='ltr'><strong><em>id</em></strong></span> <span class='ocrx_word' id='word_1_223' title='bbox 1041 2901 1121 2984; x_wconf 83' lang='lat' dir='ltr'><strong><em>quod</em></strong></span> <span class='ocrx_word' id='word_1_224' title='bbox 1132 2909 1217 2964; x_wconf 79' lang='lat' dir='ltr'><strong><em>entra</em></strong></span> <span class='ocrx_word' id='word_1_225' title='bbox 1231 2909 1284 2979; x_wconf 88' lang='lat' dir='ltr'><strong><em>est,</em></strong></span> <span class='ocrx_word' id='word_1_226' title='bbox 1299 2924 1399 2964; x_wconf 83' lang='lat' dir='ltr'><strong><em>semen-</em></strong></span> 
     </span>
     <span class='ocr_line' id='line_1_24' title="bbox 297 3011 1399 3094; baseline 0.002 -22"><span class='ocrx_word' id='word_1_227' title='bbox 297 3011 365 3072; x_wconf 89' lang='lat' dir='ltr'><strong><em>dum</em></strong></span> <span class='ocrx_word' id='word_1_228' title='bbox 387 3012 466 3094; x_wconf 83' lang='lat' dir='ltr'><strong><em>quod</em></strong></span> <span class='ocrx_word' id='word_1_229' title='bbox 489 3011 614 3094; x_wconf 89' lang='lat' dir='ltr'><strong><em>quadam</em></strong></span> <span class='ocrx_word' id='word_1_230' title='bbox 643 3012 831 3075; x_wconf 87' lang='lat' dir='ltr'><strong><em>inclinatione</em></strong></span> <span class='ocrx_word' id='word_1_231' title='bbox 857 3011 1065 3094; x_wconf 84' lang='lat' dir='ltr'><strong><em>quodammodo</em></strong></span> <span class='ocrx_word' id='word_1_232' title='bbox 1089 3012 1191 3074; x_wconf 89' lang='lat' dir='ltr'><strong><em>tendit·</em></strong></span> <span class='ocrx_word' id='word_1_233' title='bbox 1204 3013 1236 3073; x_wconf 89' lang='lat' dir='ltr'><strong><em>in</em></strong></span> <span class='ocrx_word' id='word_1_234' title='bbox 1264 3035 1326 3074; x_wconf 90' lang='lat' dir='ltr'><strong><em>rem</em></strong></span> <span class='ocrx_word' id='word_1_235' title='bbox 1349 3035 1399 3074; x_wconf 83' lang='lat' dir='ltr'><strong><em>en-</em></strong></span> 
     </span>
     <span class='ocr_line' id='line_1_25' title="bbox 299 3123 1401 3206; baseline 0.003 -22"><span class='ocrx_word' id='word_1_236' title='bbox 299 3123 441 3185; x_wconf 85' lang='lat' dir='ltr'><strong><em>teriorem.</em></strong></span> <span class='ocrx_word' id='word_1_237' title='bbox 487 3123 622 3186; x_wconf 81' lang='lat' dir='ltr'><strong><em>Alterius</em></strong></span> <span class='ocrx_word' id='word_1_238' title='bbox 637 3131 735 3185; x_wconf 89' lang='lat' dir='ltr'><strong><em>autem</em></strong></span> <span class='ocrx_word' id='word_1_239' title='bbox 749 3125 870 3187; x_wconf 83' lang='lat' dir='ltr'><strong><em>uirtutis</em></strong></span> <span class='ocrx_word' id='word_1_240' title='bbox 883 3131 938 3202; x_wconf 87' lang='lat' dir='ltr'><strong><em>est,</em></strong></span> <span class='ocrx_word' id='word_1_241' title='bbox 954 3123 1033 3205; x_wconf 83' lang='lat' dir='ltr'><strong><em>quod</em></strong></span> <span class='ocrx_word' id='word_1_242' title='bbox 1052 3123 1158 3186; x_wconf 79' lang='lat' dir='ltr'><strong><em>lateat</em></strong></span> <span class='ocrx_word' id='word_1_243' title='bbox 1171 3125 1203 3186; x_wconf 92' lang='lat' dir='ltr'><strong><em>in</em></strong></span> <span class='ocrx_word' id='word_1_244' title='bbox 1216 3146 1248 3187; x_wconf 92' lang='lat' dir='ltr'><strong><em>se</em></strong></span> <span class='ocrx_word' id='word_1_245' title='bbox 1267 3125 1346 3206; x_wconf 83' lang='lat' dir='ltr'><strong><em>quod</em></strong></span> <span class='ocrx_word' id='word_1_246' title='bbox 1357 3133 1401 3187; x_wconf 93' lang='grc' dir='ltr'><strong><em>εει</em></strong></span> 
     </span>
     <span class='ocr_line' id='line_1_26' title="bbox 297 3234 1401 3317; baseline 0.003 -21"><span class='ocrx_word' id='word_1_247' title='bbox 297 3241 383 3296; x_wconf 74' lang='lat' dir='ltr'><strong><em>caetra</em></strong></span> <span class='ocrx_word' id='word_1_248' title='bbox 411 3256 451 3313; x_wconf 90' lang='lat' dir='ltr'><strong><em>se,</em></strong></span> <span class='ocrx_word' id='word_1_249' title='bbox 482 3242 511 3298; x_wconf 86' lang='lat' dir='ltr'><strong><em>et</em></strong></span> <span class='ocrx_word' id='word_1_250' title='bbox 540 3234 619 3317; x_wconf 84' lang='lat' dir='ltr'><strong><em>qnod</em></strong></span> <span class='ocrx_word' id='word_1_251' title='bbox 644 3236 739 3316; x_wconf 81' lang='lat' dir='ltr'><strong><em>ipsum</em></strong></span> <span class='ocrx_word' id='word_1_252' title='bbox 769 3235 870 3304; x_wconf 87' lang='lat' dir='ltr'><strong><em>tendat</em></strong></span> <span class='ocrx_word' id='word_1_253' title='bbox 892 3236 923 3296; x_wconf 88' lang='lat' dir='ltr'><strong><em>in</em></strong></span> <span class='ocrx_word' id='word_1_254' title='bbox 951 3257 1012 3297; x_wconf 83' lang='lat' dir='ltr'><strong><em>rem</em></strong></span> <span class='ocrx_word' id='word_1_255' title='bbox 1037 3237 1217 3298; x_wconf 77' lang='lat' dir='ltr'><strong><em>anteriorem.</em></strong></span> <span class='ocrx_word' id='word_1_256' title='bbox 1262 3235 1308 3298; x_wconf 87' lang='lat' dir='ltr'><strong><em>Et</em></strong></span> <span class='ocrx_word' id='word_1_257' title='bbox 1337 3237 1401 3299; x_wconf 86' lang='lat' dir='ltr'><strong><em>ideo</em></strong></span> 
     </span>
     <span class='ocr_line' id='line_1_27' title="bbox 298 3339 1398 3429; baseline 0.002 -21"><span class='ocrx_word' id='word_1_258' title='bbox 298 3353 422 3426; x_wconf 88' lang='lat' dir='ltr'><strong><em>oportet,</em></strong></span> <span class='ocrx_word' id='word_1_259' title='bbox 438 3344 517 3427; x_wconf 86' lang='lat' dir='ltr'><strong><em>quod</em></strong></span> <span class='ocrx_word' id='word_1_260' title='bbox 529 3346 561 3406; x_wconf 90' lang='lat' dir='ltr'><strong><em>in</em></strong></span> <span class='ocrx_word' id='word_1_261' title='bbox 575 3345 703 3426; x_wconf 81' lang='lat' dir='ltr'><strong><em>qualibet</em></strong></span> <span class='ocrx_word' id='word_1_262' title='bbox 718 3339 856 3408; x_wconf 85' lang='lat' dir='ltr'><strong><em>creatura</em></strong></span> <span class='ocrx_word' id='word_1_263' title='bbox 870 3346 911 3408; x_wconf 83' lang='lat' dir='ltr'><strong><em>sit</em></strong></span> <span class='ocrx_word' id='word_1_264' title='bbox 926 3345 1009 3408; x_wconf 89' lang='lat' dir='ltr'><strong><em>alind</em></strong></span> <span class='ocrx_word' id='word_1_265' title='bbox 1021 3345 1185 3410; x_wconf 87' lang='lat' dir='ltr'><strong><em>intellectus</em></strong></span> <span class='ocrx_word' id='word_1_266' title='bbox 1199 3355 1228 3410; x_wconf 89' lang='grc' dir='ltr'><em>ει</em></span> <span class='ocrx_word' id='word_1_267' title='bbox 1241 3347 1376 3429; x_wconf 84' lang='lat' dir='ltr'><strong><em>uoluntas</em></strong></span> <span class='ocrx_word' id='word_1_268' title='bbox 1388 3374 1398 3408; x_wconf 90' lang='lat'><strong><em>.·</em></strong></span> 
     </span>
     <span class='ocr_line' id='line_1_28' title="bbox 298 3457 1401 3539; baseline 0.004 -21"><span class='ocrx_word' id='word_1_269' title='bbox 298 3477 357 3518; x_wconf 87' lang='lat' dir='ltr'><strong><em>non</em></strong></span> <span class='ocrx_word' id='word_1_270' title='bbox 372 3463 468 3520; x_wconf 85' lang='lat' dir='ltr'><strong><em>autern</em></strong></span> <span class='ocrx_word' id='word_1_271' title='bbox 482 3459 513 3518; x_wconf 87' lang='lat' dir='ltr'><strong><em>in</em></strong></span> <span class='ocrx_word' id='word_1_272' title='bbox 527 3458 602 3534; x_wconf 93' lang='lat' dir='ltr'><strong><em>Deo,</em></strong></span> <span class='ocrx_word' id='word_1_273' title='bbox 619 3458 671 3539; x_wconf 85' lang='lat' dir='ltr'><strong><em>qni</em></strong></span> <span class='ocrx_word' id='word_1_274' title='bbox 685 3457 772 3520; x_wconf 78' lang='lat' dir='ltr'><strong><em>labet</em></strong></span> <span class='ocrx_word' id='word_1_275' title='bbox 786 3465 817 3520; x_wconf 88' lang='grc' dir='ltr'><em>ει</em></span> <span class='ocrx_word' id='word_1_276' title='bbox 831 3479 881 3520; x_wconf 85' lang='lat' dir='ltr'><strong><em>ens</em></strong></span> <span class='ocrx_word' id='word_1_277' title='bbox 898 3457 1062 3520; x_wconf 79' lang='lat' dir='ltr'><strong><em>uniuersale</em></strong></span> <span class='ocrx_word' id='word_1_278' title='bbox 1076 3466 1106 3522; x_wconf 90' lang='lat' dir='ltr'><strong><em>et</em></strong></span> <span class='ocrx_word' id='word_1_279' title='bbox 1120 3459 1225 3521; x_wconf 82' lang='lat' dir='ltr'><strong><em>bonum</em></strong></span> <span class='ocrx_word' id='word_1_280' title='bbox 1238 3459 1401 3522; x_wconf 86' lang='lat' dir='ltr'><strong><em>uniuersale</em></strong></span> 
     </span>
     <span class='ocr_line' id='line_1_29' title="bbox 298 3567 1365 3650; baseline 0.005 -22"><span class='ocrx_word' id='word_1_281' title='bbox 298 3569 330 3630; x_wconf 88' lang='lat' dir='ltr'><strong><em>in</em></strong></span> <span class='ocrx_word' id='word_1_282' title='bbox 344 3589 374 3630; x_wconf 88' lang='grc' dir='ltr'><strong><em>εε</em></strong></span> <span class='ocrx_word' id='word_1_283' title='bbox 388 3569 472 3649; x_wconf 88' lang='lat' dir='ltr'><strong><em>ipso;</em></strong></span> <span class='ocrx_word' id='word_1_284' title='bbox 494 3567 569 3630; x_wconf 87' lang='lat' dir='ltr'><strong><em>ande</em></strong></span> <span class='ocrx_word' id='word_1_285' title='bbox 584 3575 643 3630; x_wconf 91' lang='lat' dir='ltr'><strong><em>tam</em></strong></span> <span class='ocrx_word' id='word_1_286' title='bbox 658 3567 801 3645; x_wconf 84' lang='lat' dir='ltr'><strong><em>voluntas,</em></strong></span> <span class='ocrx_word' id='word_1_287' title='bbox 819 3589 906 3650; x_wconf 84' lang='lat' dir='ltr'><strong><em>quam</em></strong></span> <span class='ocrx_word' id='word_1_288' title='bbox 921 3568 1084 3631; x_wconf 86' lang='lat' dir='ltr'><strong><em>intellectus</em></strong></span> <span class='ocrx_word' id='word_1_289' title='bbox 1098 3578 1142 3632; x_wconf 88' lang='lat' dir='ltr'><strong><em>est</em></strong></span> <span class='ocrx_word' id='word_1_290' title='bbox 1155 3571 1218 3632; x_wconf 87' lang='lat' dir='ltr'><strong><em>eius</em></strong></span> <span class='ocrx_word' id='word_1_291' title='bbox 1231 3571 1365 3633; x_wconf 85' lang='lat' dir='ltr'><strong><em>essentia.</em></strong></span> 
     </span>
     <span class='ocr_line' id='line_1_30' title="bbox 342 3677 1399 3764; baseline 0.004 -24"><span class='ocrx_word' id='word_1_292' title='bbox 342 3681 397 3742; x_wconf 80' lang='lat'><strong><em>41:</em></strong></span> <span class='ocrx_word' id='word_1_293' title='bbox 418 3677 469 3740; x_wconf 90' lang='lat' dir='ltr'><strong><em>Ad</em></strong></span> <span class='ocrx_word' id='word_1_294' title='bbox 483 3678 613 3761; x_wconf 82' lang='lat' dir='ltr'><strong><em>primam</em></strong></span> <span class='ocrx_word' id='word_1_295' title='bbox 631 3686 750 3760; x_wconf 86' lang='lat' dir='ltr'><strong><em>partem</em></strong></span> <span class='ocrx_word' id='word_1_296' title='bbox 768 3677 861 3742; x_wconf 90' lang='lat' dir='ltr'><strong><em>huius</em></strong></span> <span class='ocrx_word' id='word_1_297' title='bbox 883 3679 1157 3761; x_wconf 83' lang='lat' dir='ltr'><strong><em>argumentationis</em></strong></span> <span class='ocrx_word' id='word_1_298' title='bbox 1175 3679 1258 3764; x_wconf 90' lang='lat' dir='ltr'><strong><em>quod</em></strong></span> <span class='ocrx_word' id='word_1_299' title='bbox 1279 3680 1399 3760; x_wconf 85' lang='lat' dir='ltr'><strong><em>attinet,</em></strong></span> 
     </span>
     <span class='ocr_line' id='line_1_31' title="bbox 299 3788 1399 3875; baseline 0.001 -21"><span class='ocrx_word' id='word_1_300' title='bbox 299 3790 432 3854; x_wconf 88' lang='lat' dir='ltr'><strong><em>admisso</em></strong></span> <span class='ocrx_word' id='word_1_301' title='bbox 446 3789 605 3874; x_wconf 88' lang='lat' dir='ltr'><strong><em>principi0,</em></strong></span> <span class='ocrx_word' id='word_1_302' title='bbox 616 3788 698 3873; x_wconf 90' lang='lat' dir='ltr'><strong><em>quod</em></strong></span> <span class='ocrx_word' id='word_1_303' title='bbox 714 3791 839 3858; x_wconf 86' lang='lat' dir='ltr'><strong><em>essentia</em></strong></span> <span class='ocrx_word' id='word_1_304' title='bbox 855 3789 979 3853; x_wconf 87' lang='lat' dir='ltr'><strong><em>alicuius</em></strong></span> <span class='ocrx_word' id='word_1_305' title='bbox 992 3791 1037 3853; x_wconf 87' lang='lat' dir='ltr'><strong><em>rei</em></strong></span> <span class='ocrx_word' id='word_1_306' title='bbox 1050 3793 1131 3854; x_wconf 91' lang='lat' dir='ltr'><strong><em>intra</em></strong></span> <span class='ocrx_word' id='word_1_307' title='bbox 1145 3793 1239 3875; x_wconf 83' lang='lat' dir='ltr'><strong><em>ipsam</em></strong></span> <span class='ocrx_word' id='word_1_308' title='bbox 1252 3815 1314 3854; x_wconf 87' lang='lat' dir='ltr'><strong><em>rem</em></strong></span> <span class='ocrx_word' id='word_1_309' title='bbox 1324 3815 1399 3855; x_wconf 90' lang='lat' dir='ltr'><strong><em>com-</em></strong></span> 
     </span>
     <span class='ocr_line' id='line_1_32' title="bbox 292 3899 1406 3986; baseline 0 -20"><span class='ocrx_word' id='word_1_310' title='bbox 292 3903 493 3986; x_wconf 75' lang='lat' dir='ltr'><strong><em>prehenditur,</em></strong></span> <span class='ocrx_word' id='word_1_311' title='bbox 514 3899 677 3964; x_wconf 88' lang='lat' dir='ltr'><strong><em>dicendum</em></strong></span> <span class='ocrx_word' id='word_1_312' title='bbox 700 3901 869 3978; x_wconf 64' lang='lat' dir='ltr'><strong><em>astutiam</em></strong></span> <span class='ocrx_word' id='word_1_313' title='bbox 888 3901 1077 3965; x_wconf 85' lang='lat' dir='ltr'><strong><em>voluntatem</em></strong></span> <span class='ocrx_word' id='word_1_314' title='bbox 1101 3902 1181 3965; x_wconf 88' lang='lat' dir='ltr'><strong><em>intra</em></strong></span> <span class='ocrx_word' id='word_1_315' title='bbox 1205 3902 1305 3986; x_wconf 89' lang='lat' dir='ltr'><strong><em>ipsam</em></strong></span> <span class='ocrx_word' id='word_1_316' title='bbox 1327 3902 1406 3966; x_wconf 62' lang='lat' dir='ltr'><strong><em>sub-¹</em></strong></span> 
     </span>
     <span class='ocr_line' id='line_1_33' title="bbox 300 4012 1400 4099; baseline -0.001 -21"><span class='ocrx_word' id='word_1_317' title='bbox 300 4015 442 4078; x_wconf 83' lang='lat' dir='ltr'><strong><em>stantiam</em></strong></span> <span class='ocrx_word' id='word_1_318' title='bbox 469 4012 658 4099; x_wconf 86' lang='lat' dir='ltr'><strong><em>spiritualem</em></strong></span> <span class='ocrx_word' id='word_1_319' title='bbox 684 4013 912 4097; x_wconf 88' lang='lat' dir='ltr'><strong><em>comprehendi.</em></strong></span> <span class='ocrx_word' id='word_1_320' title='bbox 963 4012 1095 4087; x_wconf 82' lang='lat' dir='ltr'><strong><em>Quando</em></strong></span> <span class='ocrx_word' id='word_1_321' title='bbox 1120 4036 1193 4098; x_wconf 86' lang='lat' dir='ltr'><strong><em>ergo</em></strong></span> <span class='ocrx_word' id='word_1_322' title='bbox 1220 4015 1252 4078; x_wconf 79' lang='lat' dir='ltr'><strong><em>S.</em></strong></span> <span class='ocrx_word' id='word_1_323' title='bbox 1268 4014 1400 4078; x_wconf 83' lang='lat' dir='ltr'><strong><em>Thomas</em></strong></span> 
     </span>
     <span class='ocr_line' id='line_1_34' title="bbox 299 4105 1401 4212; baseline -0.003 -21"><span class='ocrx_word' id='word_1_324' title='bbox 299 4127 439 4191; x_wconf 86' lang='lat' dir='ltr'><strong><em>deducit:</em></strong></span> <span class='ocrx_word' id='word_1_325' title='bbox 461 4118 547 4212; x_wconf 70' lang='lat' dir='ltr'><strong><em>Erpa</em></strong></span> <span class='ocrx_word' id='word_1_326' title='bbox 562 4115 706 4209; x_wconf 74' lang='lat' dir='ltr'><strong><em>anidanid</em></strong></span> <span class='ocrx_word' id='word_1_327' title='bbox 716 4148 747 4188; x_wconf 89' lang='lat' dir='ltr'><strong><em>se</em></strong></span> <span class='ocrx_word' id='word_1_328' title='bbox 761 4105 890 4189; x_wconf 77' lang='lat' dir='ltr'><strong><em>eetutdit</em></strong></span> <span class='ocrx_word' id='word_1_329' title='bbox 905 4114 945 4188; x_wconf 91' lang='lat' dir='ltr'><strong><em>ad</em></strong></span> <span class='ocrx_word' id='word_1_330' title='bbox 948 4125 990 4203; x_wconf 82' lang='lat' dir='ltr'><strong><em>id</em></strong></span> <span class='ocrx_word' id='word_1_331' title='bbox 1002 4125 1082 4208; x_wconf 80' lang='lat' dir='ltr'><strong><em>quod</em></strong></span> <span class='ocrx_word' id='word_1_332' title='bbox 1098 4133 1142 4188; x_wconf 88' lang='lat' dir='ltr'><strong><em>est</em></strong></span> <span class='ocrx_word' id='word_1_333' title='bbox 1156 4133 1242 4188; x_wconf 85' lang='lat' dir='ltr'><strong><em>entra</em></strong></span> <span class='ocrx_word' id='word_1_334' title='bbox 1256 4128 1328 4204; x_wconf 86' lang='lat' dir='ltr'><strong><em>ram,</em></strong></span> <span class='ocrx_word' id='word_1_335' title='bbox 1342 4110 1401 4190; x_wconf 90' lang='lat' dir='ltr'><strong><em>non</em></strong></span> 
     </span>
     <span class='ocr_line' id='line_1_35' title="bbox 299 4223 1400 4321; baseline -0.002 -19"><span class='ocrx_word' id='word_1_336' title='bbox 299 4248 342 4302; x_wconf 92' lang='grc' dir='ltr'><strong><em>εει</em></strong></span> <span class='ocrx_word' id='word_1_337' title='bbox 356 4241 399 4302; x_wconf 88' lang='lat' dir='ltr'><strong><em>rei</em></strong></span> <span class='ocrx_word' id='word_1_338' title='bbox 416 4239 550 4317; x_wconf 88' lang='lat' dir='ltr'><strong><em>essentia,</em></strong></span> <span class='ocrx_word' id='word_1_339' title='bbox 566 4223 786 4320; x_wconf 69' lang='lat' dir='ltr'><strong><em>distinguimus</em></strong></span> <span class='ocrx_word' id='word_1_340' title='bbox 805 4236 863 4300; x_wconf 89' lang='lat' dir='ltr'><strong><em>hoc</em></strong></span> <span class='ocrx_word' id='word_1_341' title='bbox 883 4257 1091 4319; x_wconf 86' lang='lat' dir='ltr'><strong><em>consequens:</em></strong></span> <span class='ocrx_word' id='word_1_342' title='bbox 1114 4236 1265 4321; x_wconf 90' lang='lat' dir='ltr'><strong><em>quidquid</em></strong></span> <span class='ocrx_word' id='word_1_343' title='bbox 1283 4247 1355 4300; x_wconf 86' lang='lat' dir='ltr'><strong><em>actu</em></strong></span> <span class='ocrx_word' id='word_1_344' title='bbox 1369 4249 1400 4300; x_wconf 90' lang='lat' dir='ltr'><strong><em>et</em></strong></span> 
     </span>
     <span class='ocr_line' id='line_1_36' title="bbox 298 4332 1399 4431; baseline -0.001 -19"><span class='ocrx_word' id='word_1_345' title='bbox 298 4349 464 4413; x_wconf 86' lang='lat' dir='ltr'><strong><em>secundum</em></strong></span> <span class='ocrx_word' id='word_1_346' title='bbox 481 4332 572 4412; x_wconf 82' lang='lat' dir='ltr'><strong><em>suum</em></strong></span> <span class='ocrx_word' id='word_1_347' title='bbox 587 4369 652 4411; x_wconf 86' lang='lat' dir='ltr'><strong><em>esse</em></strong></span> <span class='ocrx_word' id='word_1_348' title='bbox 664 4369 696 4410; x_wconf 90' lang='lat' dir='ltr'><strong><em>se</em></strong></span> <span class='ocrx_word' id='word_1_349' title='bbox 710 4348 849 4410; x_wconf 83' lang='lat' dir='ltr'><strong><em>extendit</em></strong></span> <span class='ocrx_word' id='word_1_350' title='bbox 863 4361 947 4410; x_wconf 88' lang='lat' dir='ltr'><strong><em>extra</em></strong></span> <span class='ocrx_word' id='word_1_351' title='bbox 959 4368 1033 4425; x_wconf 84' lang='lat' dir='ltr'><strong><em>rem,</em></strong></span> <span class='ocrx_word' id='word_1_352' title='bbox 1043 4368 1121 4411; x_wconf 90' lang='lat' dir='ltr'><strong><em>canc.</em></strong></span> <span class='ocrx_word' id='word_1_353' title='bbox 1128 4373 1139 4426; x_wconf 67' lang='grc' dir='ltr'><strong><em>ς</em></strong></span> <span class='ocrx_word' id='word_1_354' title='bbox 1155 4369 1233 4411; x_wconf 88' lang='lat' dir='ltr'><strong><em>cons.</em></strong></span> <span class='ocrx_word' id='word_1_355' title='bbox 1248 4346 1399 4431; x_wconf 90' lang='lat' dir='ltr'><strong><em>quidquid</em></strong></span> 
     </span>
    </p>
   </div>
   <div class='ocr_carea' id='block_1_5' title="bbox 0 0 1604 4975">
    <p class='ocr_par' dir='ltr' id='par_1_6' title="bbox 0 0 1604 4975">
     <span class='ocr_line' id='line_1_37' title="bbox 0 0 1604 4975; baseline 0 0"><span class='ocrx_word' id='word_1_356' title='bbox 0 0 1604 4975; x_wconf 95' lang='lat' dir='ltr'><strong><em> </em></strong></span> 
     </span>
    </p>
   </div>
  </div>
 </body>
</html>
