3200 4975
236 380 307 450 (ιιι.
324 359 364 445 1.]
633 382 676 425 nn
692 384 946 431 sccrnnrvaluus.
1276 368 1342 431 299

236 544 329 609 habet
359 546 484 610 materia
512 547 545 610 in
574 557 690 632 puncto
717 560 841 617 actuata
867 552 909 616 ad
945 552 1151 617 extensionem
1181 551 1340 617 virtualem

232 657 336 742 spatii,
359 658 439 723 sicut
465 681 497 723 se
520 659 613 723 habet
636 660 811 729 intellectus
835 672 977 729 sumtus
1003 687 1066 729 uno
1089 662 1276 748 intelligibili
1301 663 1341 729 sd

234 770 442 836 extensionem
471 770 568 837 totius
596 773 857 858 intelligibilitatis
886 776 1051 856 obiectivae,
1076 798 1144 861 quae
1173 775 1341 841 virtualiter

232 884 447 971 complectitur
472 908 564 951 omne
584 886 790 971 intelligibile.
836 888 919 954 Hinc
942 892 993 954 ubi
1012 888 1190 954 absolutum
1210 898 1242 953 et
1266 887 1338 951 sub·

233 998 376 1062 stantiale
398 996 561 1083 spirituum
577 1006 624 1063 est
646 998 797 1064 terminus
818 1000 1002 1065 actuationis
1022 999 1234 1065 substantialis
1248 999 1338 1065 intel-

232 1109 339 1189 lectus,
363 1132 417 1174 seu
440 1110 599 1195 proprium
618 1132 687 1176 esse
708 1112 912 1197 intelligibile,
929 1113 1014 1199 quod
1034 1114 1136 1199 primo
1158 1134 1213 1198 per
1234 1110 1340 1196 cogni-

231 1222 346 1287 tionem
362 1230 410 1286 est
431 1222 465 1285 in
487 1231 691 1307 cognoscente
713 1224 845 1290 habente
864 1226 1064 1291 necessariam
1078 1235 1109 1291 ct
1131 1223 1338 1290 invariabilem

229 1332 446 1398 conscientiam
484 1333 523 1397 de
550 1352 609 1398 suo
642 1357 708 1399 csse
744 1336 968 1420 cognoscentis.
1027 1336 1207 1401 Intellectus
1234 1344 1339 1401 eutem

230 1444 370 1528 passivus
391 1443 435 1509 sic
449 1444 549 1529 primo
571 1453 712 1510 actuatus
735 1446 810 1513 dicit
831 1447 933 1513 adhuc
947 1448 1203 1533 potentialitatem
1225 1448 1338 1513 extrin-

230 1579 341 1636 secam,
367 1566 520 1643 quatenus
548 1560 624 1623 coire
650 1581 683 1623 se
710 1581 772 1623 esse
801 1568 870 1625 uua
898 1570 1115 1646 cognoscentem
1144 1569 1245 1646 potest
1273 1559 1339 1624 lieri

231 1670 459 1735 accidentaliter
485 1679 517 1735 et
543 1670 667 1735 relative
696 1670 851 1736 diversum
873 1673 1039 1737 extrinsece
1064 1672 1105 1737 ob
1132 1672 1339 1738 diversitatem

230 1781 483 1866 intelligibilium,
498 1804 518 1845 a
534 1781 648 1867 quibus
661 1781 791 1847 ulterius
813 1784 929 1848 actitari
942 1792 1046 1869 potest
1067 1784 1227 1869 passivitas
1248 1781 1338 1848 intel·

228 1894 336 1974 lectus,
347 1902 379 1959 et
393 1894 433 1958 ad
447 1915 516 1979 quse
530 1893 745 1958 terminabitur
759 1903 846 1959 suus
861 1894 1074 1961 intellectivus
1111 1893 1337 1960 Evidensenim

228 2017 285 2086 est,
306 2006 388 2091 quod
409 2008 485 2071 seire
504 2026 537 2070 se
557 2024 619 2070 esse
639 2014 709 2070 uoto
730 2016 946 2091 mprwscentem
966 2006 1059 2071 habet
1081 2030 1113 2071 se
1134 2030 1189 2092 per
1210 2006 1338 2070 modum

228 2118 469 2183 determinabilis
483 2118 522 2183 ab
536 2118 715 2199 extrinseco,
730 2140 828 2205 quum
844 2117 881 2183 de
897 2142 929 2185 se
942 2140 1005 2183 non
1022 2118 1170 2184 referatur
1184 2119 1223 2183 sd
1238 2140 1336 2184 unum

229 2230 383 2295 obiectum
405 2230 504 2316 magis
526 2253 617 2315 quam
641 2230 805 2295 adalind:
828 2240 892 2295 tam
915 2232 997 2296 enim
1019 2240 1067 2297 est
1082 2232 1116 2296 in
1138 2230 1275 2317 potentia
1296 2230 1336 2294 ad

229 2341 305 2406 scire
326 2362 359 2407 se
380 2363 446 2407 esse
463 2350 538 2406 auu
559 2350 793 2425 cognoscentem
816 2343 1004 2426 quadratum,
1026 2364 1119 2427 quum
1142 2340 1182 2405 ad
1204 2342 1281 2406 scire
1303 2364 1336 2405 se

227 2476 292 2520 esse
314 2462 385 2521 ectu
399 2462 633 2540 cognoscentem
656 2454 805 2535 οἱναιίιιηι,
822 2454 900 2520 sicat
923 2454 1074 2520 elemento
1096 2454 1222 2521 habenti
1244 2475 1335 2519 suam

228 2569 278 2630 ubi
291 2566 503 2645 intrinsecam,
517 2587 604 2650 eque
616 2566 797 2650 contingere
818 2574 921 2651 potest
936 2566 1019 2651 quod
1033 2565 1110 2631 illud
1133 2567 1184 2630 uti
1196 2565 1335 2653 denomi-

227 2687 320 2742 netur
339 2698 431 2762 acpru
453 2677 502 2742 vel
523 2677 741 2742 denominetur
760 2678 855 2763 infru,
879 2687 974 2763 prout
996 2678 1144 2743 diversam
1164 2677 1335 2742 continebit

229 2790 406 2854 relationem
422 2809 493 2852 cum
506 2788 585 2852 aliis.

272 2899 382 2984 Itaque
405 2901 457 2963 udi
478 2899 636 2984 spirituale
658 2899 832 2966 absolutam
863 2910 894 2967 et
915 2902 1118 2967 intrinsecum
1141 2899 1272 2965 habetur
1299 2898 1333 2964 in

229 3022 378 3096 quantum
394 3030 581 3096 cognoscens
589 3033 648 3096 per
662 3015 854 3097 oopnitiouem
866 3017 913 3078 cui
927 3037 988 3079 csse
1000 3015 1145 3079 terminat
1166 3005 1334 3076 extrinsece

228 3121 443 3188 virtualitatem
455 3124 715 3209 intelligibilitatis
724 3124 880 3191 obiectivae
888 3127 1027 3192 infinite.
1073 3125 1333 3209 Quotiescumque

229 3257 299 3300 vero
319 3236 470 3300 terminus
490 3235 696 3321 intelligibilis
710 3236 875 3302 diciamus
897 3237 936 3302 ab
950 3239 1017 3323 ipso
1032 3259 1097 3302 esse
1121 3236 1332 3322 cognoscentis

227 3348 377 3434 imprimit
392 3347 556 3432 vestigium
571 3349 619 3412 sui
633 3348 667 3412 in
680 3356 894 3432 cognoscente,
909 3358 1034 3434 propter
1049 3349 1132 3434 quod
1146 3370 1332 3433 cognoscens

227 3461 284 3524 scit
298 3483 331 3524 se
345 3482 411 3524 esse
425 3469 496 3524 ectu
510 3468 745 3543 cognoscentem
760 3461 815 3525 too
828 3460 876 3524 vel
890 3462 954 3539 too,
966 3460 1097 3526 habetur
1110 3462 1161 3525 ubi
1176 3459 1332 3545 spirituale

226 3572 420 3651 accidentale,
443 3571 657 3652 extrinsecum,
686 3571 718 3636 id
747 3580 795 3636 est
824 3572 863 3636 ab
892 3573 1060 3638 extrinseco
1089 3571 1331 3650 denominatum,

227 3683 310 3767 quod
322 3682 402 3746 nihil
415 3691 462 3746 est
476 3681 560 3747 aliud
572 3683 634 3747 uisi
655 3682 757 3769 ipsum
771 3684 823 3746 udi
838 3683 1038 3748 substantiale
1049 3683 1184 3749 diversas
1199 3683 1331 3747 induens

226 3795 457 3859 connotationes
471 3794 622 3859 relativas.

267 3905 427 3970 Addemus
456 3905 506 3969 hio
533 3905 642 3984 obiter,
672 3905 765 3969 etism
799 3905 988 3970 voluntatem
1017 3905 1129 3969 habere
1162 3925 1252 3968 saum
1281 3906 1331 3969 udi

226 4016 383 4101 spirituale
404 4015 606 4080 intrinsecum
620 4023 651 4079 et
670 4014 845 4080 absolutum
861 4037 897 4080 eo
913 4017 1031 4080 circiter
1052 4015 1155 4094 modo,
1170 4037 1232 4100 quo
1253 4015 1330 4078 dixi·

225 4150 294 4190 mus
309 4127 348 4191 de
361 4127 538 4192 intellectu:
562 4136 608 4191 est
623 4127 853 4191 veroterminus
868 4127 974 4212 prirnae
983 4127 1135 4192 volitionis
1144 4127 1329 4206 necessariae,

226 4237 444 4318 substantialis,
459 4237 681 4303 immutabilis:
703 4247 735 4303 et
749 4238 800 4302 hic
820 4239 971 4304 terminus
991 4248 1039 4303 est
1054 4239 1119 4324 ipse
1141 4261 1329 4324 cognoscens

227 4357 258 4412 et
281 4371 387 4414 amens
408 4373 441 4416 se
463 4351 565 4436 ipsum
587 4350 620 4415 in
643 4360 794 4436 quantum
817 4352 960 4436 cognitus
982 4362 1013 4416 et
1036 4361 1155 4416 amatus
1176 4375 1196 4416 a
1218 4353 1329 4436 seipso,-
