3200 4975
273 326 339 391 260
725 348 767 391 on
785 348 932 392 nautas.
1220 326 1305 409 [oar.
1324 345 1381 387 111.

274 511 381 577 matris
404 512 536 577 existens
558 510 651 577 habet
674 514 842 579 necessario
867 524 898 581 et
920 513 1100 579 naturaliter
1121 512 1254 596 aliquam
1278 509 1380 573 ideam

274 620 418 689 directam
435 624 539 689 statim
554 648 588 689 ac
603 624 710 710 incipit
726 627 843 691 vivere:
867 627 920 692 sed
934 628 1005 712 quia
1023 634 1098 689 tuuc
1111 623 1325 709 impressiones
1340 619 1381 683 ab

275 732 401 801 obiectis
415 735 503 801 lacta
524 734 725 802 obliterantur
745 760 815 803 cum
832 760 952 803 summa
972 737 1118 802 facilitate
1132 759 1151 800 a
1165 732 1381 817 subsequenti-

274 842 343 923 bus,
367 845 434 911 ideo
463 846 583 911 nullum
608 846 742 913 fructum
771 849 863 915 habet
889 872 925 915 ex
951 850 1014 913 suis
1043 846 1298 933 perceptionibus,
1322 864 1380 906 nec

275 956 473 1022 attentionem
485 966 628 1042 praestare
642 958 769 1023 obiectis
784 969 894 1045 potest,
908 960 1002 1025 donec
1014 961 1207 1044 organismos
1218 957 1381 1020 roboretur

275 1064 327 1145 ita,
342 1076 378 1131 ut
392 1067 604 1153 impressiones
619 1071 817 1135 retineantur.

318 1180 370 1243 98.
395 1177 552 1255 Quaeritur
566 1182 706 1266 septim0,
721 1191 820 1247 atram
833 1184 936 1247 saltem
951 1185 1076 1268 capnitis
1089 1184 1149 1245 Dei
1162 1184 1202 1245 sit
1217 1178 1382 1243 essentialis

274 1290 433 1355 intellectui
447 1292 582 1361 tamam.

319 1400 500 1488 Respondeo
515 1404 664 1489 negative.
711 1406 793 1470 Nam
804 1407 903 1470 omnis
918 1406 1052 1490 cognitio
1066 1415 1113 1469 est
1129 1406 1174 1470 vel
1190 1402 1316 1470 actualis
1332 1404 1381 1466 vel

275 1510 457 1581 habitualis:
481 1516 535 1581 sed
548 1526 657 1581 neutra
671 1526 773 1602 potest
788 1518 974 1582 constituere
988 1517 1199 1596 intellectum;
1223 1538 1306 1601 ergo,
1337 1516 1380 1577 Et

275 1622 375 1691 minor
398 1635 499 1713 patet3
522 1630 594 1714 quia
618 1652 704 1695 secus
725 1630 851 1695 effectus
874 1631 1071 1695 constitueret
1094 1652 1180 1694 suam
1203 1651 1323 1693 causam
1346 1629 1380 1691 in

274 1757 339 1801 esse
359 1737 552 1804 substantiali
563 1766 572 1818 ς
594 1762 691 1825 quum
711 1742 792 1805 enim
812 1749 940 1825 utraque
962 1742 1095 1825 cognitio
1120 1742 1160 1805 sit
1180 1740 1315 1805 effective
1338 1739 1378 1802 ab

273 1846 440 1927 intellectu,
456 1858 503 1913 est
523 1850 648 1916 effectus
668 1851 750 1916 eius:
773 1861 804 1915 et
819 1850 974 1915 evidenter
995 1850 1099 1914 nullus
1119 1860 1166 1913 est
1180 1850 1306 1913 effectus
1324 1849 1379 1934 qui

274 1958 441 2024 constituat
469 1961 669 2025 essentialiter
692 1985 778 2027 suam
806 1985 927 2026 causam
951 1963 1141 2027 efficientem.
1185 1962 1270 2045 Ergo
1292 1959 1379 2023 nulla

274 2068 398 2134 alterius
416 2070 459 2135 rei
482 2070 625 2155 cognitio,
642 2081 672 2136 et
690 2083 910 2157 consequenter
927 2096 982 2137 nec
1000 2072 1134 2157 cognitio
1149 2072 1219 2149 Dei,
1235 2081 1282 2135 est
1304 2094 1376 2135 con-

275 2178 448 2247 stitutivum
466 2182 626 2246 essentiale
640 2182 815 2247 intellectus
836 2184 973 2263 humani,
990 2192 1043 2247 aut
1058 2183 1182 2247 alterius
1202 2182 1377 2246 intellectus

274 2290 376 2357 creati.
437 2291 540 2369 Quare
568 2294 660 2358 etiam
690 2317 789 2380 nuper
819 2294 850 2359 S.
879 2294 1084 2379 Congregatio
1114 2295 1259 2379 inquisit.
1285 2296 1375 2357 Rom.

276 2403 340 2488 (18.
358 2402 442 2490 Sept.
460 2406 555 2490 1861)
578 2406 734 2491 respondit
758 2414 821 2471 tato
846 2408 924 2471 trudi
948 2430 1016 2471 non·
1024 2430 1112 2492 posse
1137 2406 1389 2492 propositionem

273 2525 467 2596 asserentem,
481 2518 563 2603 quod
577 2519 751 2583 Immediota
766 2520 826 2583 Dei
841 2521 976 2603 copositio,
989 2519 1147 2582 habitualis
1161 2518 1273 2595 saltem,
1290 2519 1375 2581 intet-

274 2627 360 2692 lectai
374 2630 498 2693 hamno
513 2631 675 2694 martialis
689 2638 741 2707 est,
758 2632 802 2694 ito
816 2638 850 2694 ut
864 2632 926 2694 sine
940 2654 974 2693 ca
988 2631 1064 2693 nihil
1079 2652 1248 2713 coynoscere
1256 2632 1375 2713 possit:

272 2740 414 2823 siquidem
429 2748 472 2805 est
486 2743 580 2826 aarum
594 2741 689 2805 lumen
711 2742 914 2806 intellectuale.
961 2742 1036 2806 Haec
1050 2741 1217 2826 propositio
1239 2741 1316 2804 falsa
1330 2748 1376 2804 est

273 2849 374 2935 quoad
398 2851 535 2936 singulas
558 2874 629 2916 suas
653 2862 774 2937 partes3
798 2853 870 2939 quia
897 2857 939 2918 1⁰.
966 2853 1148 2917 immediata
1174 2853 1311 2936 cognitio
1330 2862 1377 2917 est

272 2960 348 3025 visio
370 2961 522 3042 intuitiva,
537 2963 651 3048 quippe
666 2986 734 3048 quae
756 2963 903 3028 excitatur
925 2963 1044 3049 abipso
1066 2964 1183 3028 obiecto
1204 2974 1354 3050 praesente
1367 2990 1379 3045 ι,

272 3079 304 3136 at
329 3078 447 3138 certum
471 3083 517 3137 est
539 3095 596 3137 nos
617 3096 680 3138 non
700 3074 812 3138 habere
829 3074 974 3139 visionem
997 3075 1171 3139 intuitivam
1189 3075 1267 3154 Dei;
1292 3097 1375 3159 ergo,

272 3187 316 3248 2⁰.
341 3183 458 3270 Nequit
480 3183 614 3268 cognitio
636 3185 810 3249 immediata
825 3185 890 3250 fieri
908 3185 1083 3264 habitualis,
1099 3186 1159 3248 nisi
1176 3187 1262 3268 prius
1284 3187 1376 3250 luerit

271 3294 399 3359 actualis
426 3296 469 3377 (n.
485 3297 560 3377 95):
588 3306 619 3359 at
643 3318 801 3379 nunquam
826 3296 957 3360 vidimus
982 3307 1052 3360 actu
1079 3297 1183 3360 Deum
1212 3297 1354 3360 intuitive
1365 3325 1375 3376 ;

272 3426 346 3489 ergo
367 3427 423 3469 nec
443 3405 630 3470 habitualem
652 3405 857 3490 coguitionem
877 3405 961 3470 illam
983 3407 1093 3470 habere
1114 3428 1285 3490 possumus.
1331 3409 1377 3470 3⁰.

272 3515 469 3581 Reflectendo
481 3517 521 3580 ad
534 3517 684 3602 nosipsos
696 3516 872 3601 simpliciter
883 3540 1042 3603 nunquam
1052 3518 1233 3600 attingimus
1245 3519 1376 3602 speciem

272 3624 332 3689 Dei
341 3624 374 3688 in
389 3625 499 3706 nobis3
521 3649 594 3711 ergo
608 3650 670 3692 non
686 3627 788 3691 existit
801 3629 844 3710 (n.
854 3630 921 3709 94).
966 3633 1010 3692 4⁰.
1036 3628 1127 3704 Quod
1141 3650 1203 3691 non
1220 3629 1260 3691 sit
1275 3650 1377 3692 essen-

271 3735 352 3801 tialis
366 3736 534 3802 intellectui
551 3739 611 3801 iam
632 3738 794 3823 probatum
810 3750 866 3802 est.
890 3742 933 3800 5⁰.
958 3737 1051 3813 Quod
1065 3739 1130 3802 sine
1145 3738 1197 3801 illa
1211 3761 1377 3823 possumus

270 3847 370 3912 multa
393 3871 574 3934 cognoscere
589 3858 708 3912 constat
723 3871 760 3912 er
782 3849 871 3927 lactc,
887 3858 917 3912 ct
936 3849 1107 3912 ostenditur
1128 3849 1207 3913 infra
1225 3852 1268 3933 (u.
1287 3852 1376 3934 102).

271 3963 316 4022 6⁰.
340 3959 434 4035 Quod
449 3981 512 4024 non
527 3959 692 4025 constituat
711 3959 817 4022 lumen
831 3957 1035 4022 intellectuale
1050 3967 1168 4023 constat
1191 3983 1227 4024 ex
1242 3983 1277 4024 eo
1292 3961 1376 4046 quod

271 4077 343 4131 ante
357 4091 480 4134 omnem
492 4070 697 4153 cognitionem
711 4070 806 4133 virtus
817 4068 1031 4132 intellectualis
1045 4071 1105 4134 iam
1117 4070 1149 4132 in
1165 4093 1197 4134 se
1208 4073 1377 4136 constituta

271 4178 470 4262 concipienda
489 4181 539 4258 sit,
554 4188 585 4242 et
601 4202 662 4242 non
686 4179 822 4260 indigeat
840 4178 899 4242 alio
921 4178 1036 4243 lumine
1059 4180 1097 4243 ad
1118 4183 1375 4264 cognoscendum,

273 4288 333 4352 nisi
348 4291 449 4373 specie
463 4289 659 4372 intelligibili.
706 4289 795 4352 Hanc
818 4297 918 4382 autem
934 4291 1082 4373 imprimit
1097 4291 1199 4376 ipsum
1222 4293 1377 4358 obiectum
