3200 4975
237 357 309 406 our.
326 338 397 421 rra]
690 360 733 401 nn
751 360 896 403 nomme.
1282 342 1345 405 24⁷

170 510 176 519 ’
234 523 371 609 primum
394 523 529 607 pervenit
551 522 591 587 ad
613 531 746 600 uterum,
769 525 875 609 nequit
902 523 1030 587 animari
1060 524 1160 588 anima
1189 524 1339 589 rationali.

235 632 318 696 Nam
348 634 450 698 anima
479 644 527 699 est
555 636 652 699 torma
681 634 815 719 corporis
844 633 982 718 organici
1011 636 1043 697 in
1080 636 1218 719 potentia
1247 638 1340 703 vitam

234 743 396 809 habentis:
419 748 506 831 atqui
523 769 638 826 semen,
653 770 749 832 quum
767 746 807 810 ad
825 756 948 811 uterum
968 747 1116 831 pervenit,
1132 769 1196 811 non
1213 758 1259 812 est
1274 771 1340 814 oor·

235 876 295 939 pus
316 856 494 940 organicum
512 857 546 921 in
568 857 706 943 potentia
720 857 813 923 vitam
835 857 1001 921 humanam
1025 857 1142 922 babens
1152 884 1162 937 3
1186 880 1260 944 ergo
1281 860 1339 924 im·

234 967 378 1052 possibile
392 978 439 1033 est
453 970 586 1035 animam
598 969 773 1035 transfundi
783 992 855 1034 oum
867 969 991 1033 semine.
1037 970 1075 1033 In
1086 970 1145 1034 hoo
1157 981 1338 1055 argumento

235 1081 331 1145 maior
345 1090 464 1146 constat
479 1105 515 1147 ex
530 1082 619 1146 dietis
633 1104 659 1146 o.
671 1082 699 1145 Ι.
745 1082 851 1145 Minor
865 1091 912 1146 est
926 1080 1070 1161 evidens,
1094 1104 1164 1145 narn
1181 1082 1213 1147 in
1225 1084 1339 1148 semine

234 1192 355 1257 nullum
372 1194 502 1257 habetur
518 1212 556 1257 ex
573 1194 696 1277 organis
711 1192 749 1257 ad
764 1192 858 1257 vitam
872 1192 1040 1257 humanam
1056 1193 1232 1258 necessariis
1241 1218 1250 1272 3
1274 1215 1337 1259 non

233 1327 295 1383 eor,
306 1326 370 1368 non
385 1313 487 1389 eaput,
499 1326 562 1367 non
576 1304 680 1389 hepar,
691 1313 762 1383 eto,
774 1312 807 1367 et
817 1302 885 1367 ideo
897 1312 1002 1368 oontra
1015 1312 1158 1368 naturam
1173 1313 1219 1368 est
1234 1326 1337 1369 semen

233 1416 312 1482 illud
320 1416 431 1481 habere
439 1417 570 1481 formam
581 1417 794 1481 vivificantem.
840 1420 886 1480 3⁰.
910 1415 1000 1495 Quia,
1012 1415 1131 1480 etiamsi
1143 1438 1247 1480 semen
1258 1427 1338 1481 esset

233 1527 368 1613 proxime
382 1528 570 1609 vivificabile,
586 1551 649 1592 non
664 1539 768 1612 posset
782 1526 884 1591 adbuc
898 1526 931 1591 id
945 1528 1021 1606 fiori,
1030 1528 1090 1591 nisi
1104 1528 1137 1591 in
1153 1528 1276 1593 bomine
1290 1538 1338 1594 tot

233 1641 342 1705 animae
357 1649 552 1725 ponerentur,
568 1649 644 1725 quot
659 1649 733 1704 sunt
748 1640 907 1726 possibiles
923 1640 1046 1703 seminis
1061 1640 1233 1705 effusiones.
1269 1640 1337 1707 Hoc

233 1774 302 1816 vero
322 1762 370 1817 est
391 1753 559 1818 absurdum
577 1752 754 1837 dupliciter:
777 1752 877 1835 primo
896 1752 978 1815 enim
999 1752 1211 1836 unusquisque
1228 1752 1285 1815 soit
1305 1774 1337 1817 se

233 1864 355 1927 unicam
375 1863 488 1928 habere
509 1864 643 1927 animam
664 1863 854 1943 rationalem,
872 1873 903 1927 et
925 1885 990 1927 esse
1013 1885 1111 1927 unum
1134 1863 1336 1944 individuum,

231 1998 294 2040 non
324 1976 430 2060 plura:
461 1975 595 2040 secundo
626 1975 699 2060 quia
723 1975 758 2038 si
790 1985 878 2060 pater
908 1973 1038 2058 quilibet
1069 1974 1179 2038 babeat
1211 1984 1336 2039 eentum

232 2086 359 2165 animas,
382 2095 414 2151 et
438 2085 536 2171 possit
560 2108 704 2170 generare
728 2098 853 2149 eentum
879 2083 968 2163 filios,
994 2084 1205 2171 unusquisque
1229 2108 1266 2149 ex
1289 2086 1338 2149 his

230 2196 301 2260 filiis
326 2219 389 2261 non
416 2196 520 2261 minus
543 2218 688 2281 generare
711 2196 834 2281 poterit,
850 2217 943 2280 quam
969 2196 1034 2259 eius
1059 2204 1147 2281 pater
1168 2200 1276 2281 (quum
1297 2198 1337 2261 sit

231 2308 324 2372 bomo
338 2307 474 2372 eiusdem
489 2309 639 2391 natnrae):
662 2316 693 2371 et
710 2308 753 2370 sic
767 2306 918 2391 ponendae
932 2317 1034 2371 essent
1049 2309 1139 2372 etiam
1152 2308 1185 2372 in
1198 2331 1336 2395 unoquo-

230 2440 290 2503 que
313 2418 377 2481 filio
403 2427 527 2483 eentum
550 2418 677 2483 animae:
709 2439 771 2504 quo
795 2418 905 2503 posito,
930 2427 1017 2504 pater
1043 2420 1097 2506 qui
1121 2419 1199 2486 solas
1228 2421 1336 2487 habuit

231 2539 355 2596 centum
376 2531 494 2596 animas
516 2530 730 2595 transfundere
752 2531 908 2596 debuisset
931 2532 1036 2596 decem
1058 2534 1143 2597 mille
1165 2535 1281 2598 animas
1303 2536 1336 2598 in

232 2665 304 2708 suos
317 2643 396 2707 filios
411 2665 539 2708 omnes:
563 2642 646 2728 quod
660 2650 707 2707 ost
721 2642 883 2706 manifeste
898 2643 1096 2728 impossibile.

274 2757 328 2820 87.
354 2756 490 2819 Obiieiea.
522 2753 699 2818 Similitudo
721 2753 825 2817 vultus
847 2762 880 2817 et
903 2754 1015 2818 indolis
1038 2755 1119 2818 inter
1140 2764 1282 2839 parentes
1305 2766 1336 2821 et

230 2865 310 2929 filios
324 2866 467 2946 ostendit,
483 2864 601 2950 aliquid
616 2864 700 2929 aliud
714 2872 824 2949 praeter
840 2887 944 2928 semen
958 2887 995 2929 ex
1010 2865 1190 2956 parentibus
1204 2866 1237 2930 in
1259 2867 1337 2932 filios

230 2976 369 3042 transire.
414 2977 483 3041 Hoc
508 2987 613 3040 autem
638 2977 747 3061 nequit
773 2999 839 3039 esse
866 2977 925 3040 nisi
951 2976 1068 3061 aliquid
1097 2977 1215 3041 animae.
1262 2978 1337 3042 Haeo

229 3089 311 3153 enirn
326 3091 353 3153 si
367 3089 407 3154 sit
422 3090 455 3152 in
469 3089 596 3167 semine,
605 3089 717 3172 poterit
731 3110 908 3153 concurrere
922 3088 962 3152 ad
976 3088 1190 3153 formationem
1201 3091 1336 3174 corporis

229 3211 261 3266 et
274 3200 400 3265 reddere
414 3200 492 3265 illud
501 3200 765 3285 proportionatum
775 3199 843 3278 sibi,
854 3209 884 3263 et
897 3222 951 3284 per
964 3201 1020 3265 boo
1033 3200 1130 3264 simile
1139 3201 1334 3284 parentibus:

230 3313 335 3403 sivero
350 3335 413 3377 non
428 3312 469 3375 sit
482 3312 516 3374 in
532 3311 657 3391 semine,
669 3331 732 3375 non
743 3321 870 3396 apparet
882 3312 1036 3396 quomodo
1046 3335 1150 3376 semen
1161 3335 1224 3376 non
1233 3313 1336 3378 vivum

229 3425 383 3489 contineat
406 3425 556 3489 rationem
578 3423 789 3488 similitudinis
812 3422 913 3488 illius:
935 3424 1032 3488 immo
1054 3424 1174 3488 videtur
1195 3425 1278 3509 quod
1300 3447 1336 3489 ex

229 3536 345 3600 semine
358 3535 526 3600 inanimato
541 3544 673 3620 nequeat
687 3535 819 3599 obtineri
834 3536 977 3620 organica
991 3536 1125 3621 corporis
1139 3537 1289 3602 formatio.

274 3647 455 3732 Respondeo
476 3671 508 3712 a.
523 3649 584 3726 M,
600 3647 639 3711 ad
660 3647 747 3732 prob.
770 3671 800 3710 ra
817 3656 877 3711 ant.
896 3648 999 3732 quoad
1022 3659 1183 3733 utramque
1205 3658 1332 3734 partem.

229 3758 383 3823 Formatio
408 3759 503 3824 foetus
532 3758 572 3822 ad
601 3757 835 3822 similitudinem
865 3771 1030 3842 parentum
1059 3758 1173 3844 pendet
1203 3769 1269 3824 tum
1299 3784 1335 3824 ex

228 3871 355 3935 materia
374 3893 411 3935 ex
428 3893 489 3955 qua
507 3870 554 3948 fit,
569 3880 638 3933 tum
658 3869 789 3934 maxime
810 3869 848 3932 ab
863 3869 1083 3954 imaginatione
1096 3878 1128 3934 et
1142 3869 1256 3949 indole,
1271 3893 1332 3935 non

227 3983 333 4067 patris,
349 3982 404 4046 sed
417 3982 533 4061 matris,
549 3983 582 4044 in
598 3982 685 4046 ouius
699 3990 788 4046 utero
805 3981 901 4046 foetus
916 3981 1099 4046 elaboratur.
1143 3981 1185 4044 nt
1199 3981 1270 4046 licet
1287 4005 1335 4047 res

229 4095 269 4158 sit
281 4093 367 4159 valde
382 4115 501 4172 aroana,
513 4093 694 4177 generaliter
702 4102 807 4156 tamen
821 4092 898 4156 bene
913 4093 1064 4173 novimus,
1074 4092 1334 4176 imaginationem,

228 4203 501 4290 eoncupisoentias,
516 4214 547 4269 et
570 4203 690 4282 similia,
707 4204 841 4267 multum
864 4203 993 4267 influere
1016 4204 1048 4266 in
1070 4203 1212 4291 physicas
1229 4226 1334 4289 opera·

229 4318 326 4380 tiones
342 4316 507 4396 naturales,
522 4316 565 4380 ita
580 4325 615 4379 ut
630 4315 722 4379 etiam
740 4323 865 4399 repente
889 4315 957 4399 quis
981 4315 1169 4400 apprehenso
1190 4315 1334 4401 periculo,
