<?xml version="1.0" encoding="UTF-8"?>
<!DOCTYPE html PUBLIC "-//W3C//DTD XHTML 1.0 Transitional//EN"
    "http://www.w3.org/TR/xhtml1/DTD/xhtml1-transitional.dtd">
<html xmlns="http://www.w3.org/1999/xhtml" xml:lang="en" lang="en">
 <head>
  <title>
</title>
<meta http-equiv="Content-Type" content="text/html;charset=utf-8" />
  <meta name='ocr-system' content='tesseract 3.04.00' />
  <meta name='ocr-capabilities' content='ocr_page ocr_carea ocr_par ocr_line ocrx_word'/>
</head>
<body>
  <div class='ocr_page' id='page_1' title='image "./realisphilosoph02baymgoog_0270.png"; bbox 0 0 3200 4975; ppageno 0'>
   <div class='ocr_carea' id='block_1_1' title="bbox 261 320 1369 405">
    <p class='ocr_par' dir='ltr' id='par_1_1' title="bbox 261 320 1369 405">
     <span class='ocr_line' id='line_1_1' title="bbox 261 320 1369 405; baseline -0.002 -22"><span class='ocrx_word' id='word_1_1' title='bbox 261 320 328 384; x_wconf 78' lang='grc'><strong>256</strong></span> <span class='ocrx_word' id='word_1_2' title='bbox 698 341 741 385; x_wconf 83' lang='lat' dir='ltr'><strong>nr</strong></span> <span class='ocrx_word' id='word_1_3' title='bbox 759 341 905 385; x_wconf 78' lang='grc' dir='ltr'><strong>ιιοιιιιιιι.</strong></span> <span class='ocrx_word' id='word_1_4' title='bbox 1212 320 1295 405; x_wconf 79' lang='lat' dir='ltr'><strong>[car.</strong></span> <span class='ocrx_word' id='word_1_5' title='bbox 1313 341 1369 382; x_wconf 91' lang='grc' dir='ltr'><strong>ιιι.</strong></span> 
     </span>
    </p>
   </div>
   <div class='ocr_carea' id='block_1_2' title="bbox 261 506 1410 4391">
    <p class='ocr_par' dir='ltr' id='par_1_2' title="bbox 261 506 1371 704">
     <span class='ocr_line' id='line_1_2' title="bbox 262 506 1371 594; baseline -0.001 -23"><span class='ocrx_word' id='word_1_6' title='bbox 262 506 453 573; x_wconf 83' lang='lat' dir='ltr'><strong>nbicatione:</strong></span> <span class='ocrx_word' id='word_1_7' title='bbox 476 516 507 573; x_wconf 89' lang='lat' dir='ltr'><strong>et</strong></span> <span class='ocrx_word' id='word_1_8' title='bbox 522 515 586 573; x_wconf 91' lang='lat' dir='ltr'><strong>tam</strong></span> <span class='ocrx_word' id='word_1_9' title='bbox 601 507 788 594; x_wconf 89' lang='lat' dir='ltr'><strong>impossibile</strong></span> <span class='ocrx_word' id='word_1_10' title='bbox 803 516 849 573; x_wconf 87' lang='lat' dir='ltr'><strong>est</strong></span> <span class='ocrx_word' id='word_1_11' title='bbox 863 508 952 572; x_wconf 90' lang='lat' dir='ltr'><strong>aliter</strong></span> <span class='ocrx_word' id='word_1_12' title='bbox 970 530 1045 587; x_wconf 89' lang='lat' dir='ltr'><strong>esse,</strong></span> <span class='ocrx_word' id='word_1_13' title='bbox 1066 529 1160 593; x_wconf 89' lang='lat' dir='ltr'><strong>quam</strong></span> <span class='ocrx_word' id='word_1_14' title='bbox 1182 506 1371 592; x_wconf 89' lang='lat' dir='ltr'><strong>impossibile</strong></span> 
     </span>
     <span class='ocr_line' id='line_1_3' title="bbox 261 618 1041 704; baseline 0 -21"><span class='ocrx_word' id='word_1_15' title='bbox 261 626 308 684; x_wconf 89' lang='lat' dir='ltr'><strong>est</strong></span> <span class='ocrx_word' id='word_1_16' title='bbox 323 618 453 684; x_wconf 85' lang='lat' dir='ltr'><strong>formam</strong></span> <span class='ocrx_word' id='word_1_17' title='bbox 468 642 486 685; x_wconf 89' lang='lat' dir='ltr'><strong>a</strong></span> <span class='ocrx_word' id='word_1_18' title='bbox 500 618 628 683; x_wconf 88' lang='lat' dir='ltr'><strong>materia</strong></span> <span class='ocrx_word' id='word_1_19' title='bbox 642 620 775 704; x_wconf 87' lang='lat' dir='ltr'><strong>separari</strong></span> <span class='ocrx_word' id='word_1_20' title='bbox 788 621 822 683; x_wconf 90' lang='lat' dir='ltr'><strong>in</strong></span> <span class='ocrx_word' id='word_1_21' title='bbox 838 628 926 683; x_wconf 90' lang='lat' dir='ltr'><strong>motu</strong></span> <span class='ocrx_word' id='word_1_22' title='bbox 940 618 1041 683; x_wconf 90' lang='lat' dir='ltr'><strong>locali.</strong></span> 
     </span>
    </p>

    <p class='ocr_par' dir='ltr' id='par_1_3' title="bbox 261 729 1375 1821">
     <span class='ocr_line' id='line_1_4' title="bbox 305 729 1370 816; baseline -0.004 -20"><span class='ocrx_word' id='word_1_23' title='bbox 305 730 535 815; x_wconf 79' lang='lat' dir='ltr'><strong>Argumentum</strong></span> <span class='ocrx_word' id='word_1_24' title='bbox 553 731 596 796; x_wconf 89' lang='lat' dir='ltr'><strong>sic</strong></span> <span class='ocrx_word' id='word_1_25' title='bbox 610 730 743 796; x_wconf 89' lang='lat' dir='ltr'><strong>breviter</strong></span> <span class='ocrx_word' id='word_1_26' title='bbox 756 732 832 816; x_wconf 91' lang='lat' dir='ltr'><strong>poni</strong></span> <span class='ocrx_word' id='word_1_27' title='bbox 853 738 965 816; x_wconf 87' lang='lat' dir='ltr'><strong>potest.</strong></span> <span class='ocrx_word' id='word_1_28' title='bbox 1010 729 1103 806; x_wconf 79' lang='lat' dir='ltr'><strong>Quod</strong></span> <span class='ocrx_word' id='word_1_29' title='bbox 1118 729 1212 794; x_wconf 92' lang='lat' dir='ltr'><strong>habet</strong></span> <span class='ocrx_word' id='word_1_30' title='bbox 1233 730 1370 813; x_wconf 87' lang='lat' dir='ltr'><strong>primum</strong></span> 
     </span>
     <span class='ocr_line' id='line_1_5' title="bbox 261 841 1371 929; baseline -0.002 -22"><span class='ocrx_word' id='word_1_31' title='bbox 261 862 328 907; x_wconf 83' lang='lat' dir='ltr'><strong>esse</strong></span> <span class='ocrx_word' id='word_1_32' title='bbox 342 842 507 927; x_wconf 87' lang='lat' dir='ltr'><strong>aquodam</strong></span> <span class='ocrx_word' id='word_1_33' title='bbox 521 850 602 923; x_wconf 92' lang='lat' dir='ltr'><strong>actu,</strong></span> <span class='ocrx_word' id='word_1_34' title='bbox 619 865 711 929; x_wconf 89' lang='lat' dir='ltr'><strong>quem</strong></span> <span class='ocrx_word' id='word_1_35' title='bbox 726 844 826 928; x_wconf 91' lang='lat' dir='ltr'><strong>primo</strong></span> <span class='ocrx_word' id='word_1_36' title='bbox 841 842 997 921; x_wconf 76' lang='lat' dir='ltr'><strong>terminat,</strong></span> <span class='ocrx_word' id='word_1_37' title='bbox 1012 841 1120 927; x_wconf 84' lang='lat' dir='ltr'><strong>nequit</strong></span> <span class='ocrx_word' id='word_1_38' title='bbox 1135 841 1247 906; x_wconf 87' lang='lat' dir='ltr'><strong>habere</strong></span> <span class='ocrx_word' id='word_1_39' title='bbox 1262 863 1371 905; x_wconf 90' lang='lat' dir='ltr'><strong>secun·</strong></span> 
     </span>
     <span class='ocr_line' id='line_1_6' title="bbox 265 951 1372 1039; baseline -0.002 -22"><span class='ocrx_word' id='word_1_40' title='bbox 265 951 340 1017; x_wconf 90' lang='lat' dir='ltr'><strong>dum</strong></span> <span class='ocrx_word' id='word_1_41' title='bbox 362 975 427 1018; x_wconf 89' lang='lat' dir='ltr'><strong>esse</strong></span> <span class='ocrx_word' id='word_1_42' title='bbox 449 953 509 1018; x_wconf 91' lang='lat' dir='ltr'><strong>nisi</strong></span> <span class='ocrx_word' id='word_1_43' title='bbox 531 953 738 1039; x_wconf 72' lang='lat' dir='ltr'><strong>dependenter</strong></span> <span class='ocrx_word' id='word_1_44' title='bbox 756 953 863 1018; x_wconf 93' lang='lat' dir='ltr'><strong>abillo</strong></span> <span class='ocrx_word' id='word_1_45' title='bbox 885 962 967 1033; x_wconf 89' lang='lat' dir='ltr'><strong>actu,</strong></span> <span class='ocrx_word' id='word_1_46' title='bbox 982 961 1013 1018; x_wconf 94' lang='lat' dir='ltr'><strong>et</strong></span> <span class='ocrx_word' id='word_1_47' title='bbox 1028 952 1106 1039; x_wconf 89' lang='lat' dir='ltr'><strong>quin</strong></span> <span class='ocrx_word' id='word_1_48' title='bbox 1127 954 1214 1018; x_wconf 90' lang='lat' dir='ltr'><strong>illum</strong></span> <span class='ocrx_word' id='word_1_49' title='bbox 1238 952 1372 1017; x_wconf 88' lang='lat' dir='ltr'><strong>secundo</strong></span> 
     </span>
     <span class='ocr_line' id='line_1_7' title="bbox 265 1062 1372 1150; baseline -0.001 -21"><span class='ocrx_word' id='word_1_50' title='bbox 265 1064 333 1148; x_wconf 86' lang='lat' dir='ltr'><strong>(acu</strong></span> <span class='ocrx_word' id='word_1_51' title='bbox 355 1064 591 1150; x_wconf 70' lang='lat' dir='ltr'><strong>accidentaliter)</strong></span> <span class='ocrx_word' id='word_1_52' title='bbox 609 1066 772 1130; x_wconf 87' lang='lat' dir='ltr'><strong>terminet:</strong></span> <span class='ocrx_word' id='word_1_53' title='bbox 795 1064 849 1129; x_wconf 87' lang='lat' dir='ltr'><strong>sed</strong></span> <span class='ocrx_word' id='word_1_54' title='bbox 863 1066 963 1129; x_wconf 88' lang='lat' dir='ltr'><strong>omnis</strong></span> <span class='ocrx_word' id='word_1_55' title='bbox 984 1064 1123 1150; x_wconf 87' lang='lat' dir='ltr'><strong>potentia</strong></span> <span class='ocrx_word' id='word_1_56' title='bbox 1137 1064 1257 1150; x_wconf 90' lang='lat' dir='ltr'><strong>passiva</strong></span> <span class='ocrx_word' id='word_1_57' title='bbox 1277 1062 1372 1127; x_wconf 87' lang='lat' dir='ltr'><strong>habet</strong></span> 
     </span>
     <span class='ocr_line' id='line_1_8' title="bbox 263 1174 1373 1261; baseline 0.001 -23"><span class='ocrx_word' id='word_1_58' title='bbox 263 1174 398 1260; x_wconf 90' lang='lat' dir='ltr'><strong>primum</strong></span> <span class='ocrx_word' id='word_1_59' title='bbox 420 1196 486 1239; x_wconf 88' lang='lat' dir='ltr'><strong>esse</strong></span> <span class='ocrx_word' id='word_1_60' title='bbox 507 1174 546 1239; x_wconf 89' lang='lat' dir='ltr'><strong>ab</strong></span> <span class='ocrx_word' id='word_1_61' title='bbox 568 1183 640 1240; x_wconf 88' lang='lat' dir='ltr'><strong>actu</strong></span> <span class='ocrx_word' id='word_1_62' title='bbox 658 1198 721 1240; x_wconf 86' lang='lat' dir='ltr'><strong>suae</strong></span> <span class='ocrx_word' id='word_1_63' title='bbox 742 1175 858 1255; x_wconf 78' lang='lat' dir='ltr'><strong>formae,</strong></span> <span class='ocrx_word' id='word_1_64' title='bbox 874 1197 965 1261; x_wconf 88' lang='lat' dir='ltr'><strong>quem</strong></span> <span class='ocrx_word' id='word_1_65' title='bbox 989 1176 1087 1261; x_wconf 90' lang='lat' dir='ltr'><strong>primo</strong></span> <span class='ocrx_word' id='word_1_66' title='bbox 1110 1176 1255 1241; x_wconf 84' lang='lat' dir='ltr'><strong>terminat</strong></span> <span class='ocrx_word' id='word_1_67' title='bbox 1266 1201 1275 1253; x_wconf 70' lang='grc' dir='ltr'><strong><em>ς</em></strong></span> <span class='ocrx_word' id='word_1_68' title='bbox 1298 1197 1373 1258; x_wconf 83' lang='lat' dir='ltr'><strong>ergo</strong></span> 
     </span>
     <span class='ocr_line' id='line_1_9' title="bbox 264 1284 1375 1372; baseline 0 -23"><span class='ocrx_word' id='word_1_69' title='bbox 264 1284 351 1350; x_wconf 91' lang='lat' dir='ltr'><strong>nulla</strong></span> <span class='ocrx_word' id='word_1_70' title='bbox 370 1286 507 1371; x_wconf 89' lang='lat' dir='ltr'><strong>potentia</strong></span> <span class='ocrx_word' id='word_1_71' title='bbox 521 1286 641 1372; x_wconf 89' lang='lat' dir='ltr'><strong>passiva</strong></span> <span class='ocrx_word' id='word_1_72' title='bbox 662 1286 755 1351; x_wconf 89' lang='lat' dir='ltr'><strong>habet</strong></span> <span class='ocrx_word' id='word_1_73' title='bbox 769 1286 939 1351; x_wconf 89' lang='lat' dir='ltr'><strong>secundum</strong></span> <span class='ocrx_word' id='word_1_74' title='bbox 963 1309 1039 1366; x_wconf 88' lang='lat' dir='ltr'><strong>esse,</strong></span> <span class='ocrx_word' id='word_1_75' title='bbox 1054 1287 1115 1351; x_wconf 90' lang='lat' dir='ltr'><strong>nisi</strong></span> <span class='ocrx_word' id='word_1_76' title='bbox 1133 1286 1340 1371; x_wconf 85' lang='lat' dir='ltr'><strong>dependenter</strong></span> <span class='ocrx_word' id='word_1_77' title='bbox 1354 1309 1375 1349; x_wconf 91' lang='lat' dir='ltr'><strong>a</strong></span> 
     </span>
     <span class='ocr_line' id='line_1_10' title="bbox 265 1395 1374 1484; baseline -0.003 -21"><span class='ocrx_word' id='word_1_78' title='bbox 265 1420 321 1463; x_wconf 89' lang='lat' dir='ltr'><strong>aua</strong></span> <span class='ocrx_word' id='word_1_79' title='bbox 335 1398 442 1478; x_wconf 82' lang='lat' dir='ltr'><strong>forma,</strong></span> <span class='ocrx_word' id='word_1_80' title='bbox 458 1407 489 1463; x_wconf 93' lang='lat' dir='ltr'><strong>et</strong></span> <span class='ocrx_word' id='word_1_81' title='bbox 504 1398 579 1484; x_wconf 90' lang='lat' dir='ltr'><strong>quin</strong></span> <span class='ocrx_word' id='word_1_82' title='bbox 594 1420 661 1462; x_wconf 88' lang='lat' dir='ltr'><strong>eam</strong></span> <span class='ocrx_word' id='word_1_83' title='bbox 682 1397 816 1463; x_wconf 90' lang='lat' dir='ltr'><strong>secundo</strong></span> <span class='ocrx_word' id='word_1_84' title='bbox 829 1398 984 1463; x_wconf 89' lang='lat' dir='ltr'><strong>terminet.</strong></span> <span class='ocrx_word' id='word_1_85' title='bbox 1031 1397 1093 1462; x_wconf 86' lang='lat' dir='ltr'><strong>Sed</strong></span> <span class='ocrx_word' id='word_1_86' title='bbox 1107 1398 1267 1483; x_wconf 79' lang='lat' dir='ltr'><strong>passivitas</strong></span> <span class='ocrx_word' id='word_1_87' title='bbox 1282 1395 1374 1461; x_wconf 90' lang='lat' dir='ltr'><strong>intel-</strong></span> 
     </span>
     <span class='ocr_line' id='line_1_11' title="bbox 265 1508 1374 1595; baseline -0.003 -20"><span class='ocrx_word' id='word_1_88' title='bbox 265 1508 373 1576; x_wconf 89' lang='lat' dir='ltr'><strong>lectiva</strong></span> <span class='ocrx_word' id='word_1_89' title='bbox 386 1510 480 1575; x_wconf 93' lang='lat' dir='ltr'><strong>habet</strong></span> <span class='ocrx_word' id='word_1_90' title='bbox 499 1510 667 1575; x_wconf 87' lang='lat' dir='ltr'><strong>secundum</strong></span> <span class='ocrx_word' id='word_1_91' title='bbox 682 1532 748 1575; x_wconf 88' lang='lat' dir='ltr'><strong>esse</strong></span> <span class='ocrx_word' id='word_1_92' title='bbox 769 1532 824 1595; x_wconf 87' lang='lat' dir='ltr'><strong>per</strong></span> <span class='ocrx_word' id='word_1_93' title='bbox 838 1510 1042 1595; x_wconf 85' lang='lat' dir='ltr'><strong>receptionem</strong></span> <span class='ocrx_word' id='word_1_94' title='bbox 1059 1509 1191 1594; x_wconf 83' lang='lat' dir='ltr'><strong>speciei3</strong></span> <span class='ocrx_word' id='word_1_95' title='bbox 1215 1532 1288 1595; x_wconf 83' lang='lat' dir='ltr'><strong>ergo</strong></span> <span class='ocrx_word' id='word_1_96' title='bbox 1310 1531 1374 1573; x_wconf 90' lang='lat' dir='ltr'><strong>non</strong></span> 
     </span>
     <span class='ocr_line' id='line_1_12' title="bbox 266 1620 1375 1709; baseline -0.004 -22"><span class='ocrx_word' id='word_1_97' title='bbox 266 1622 374 1709; x_wconf 85' lang='lat' dir='ltr'><strong>recipit</strong></span> <span class='ocrx_word' id='word_1_98' title='bbox 396 1623 527 1709; x_wconf 88' lang='lat' dir='ltr'><strong>speciem</strong></span> <span class='ocrx_word' id='word_1_99' title='bbox 541 1622 602 1687; x_wconf 91' lang='lat' dir='ltr'><strong>nisi</strong></span> <span class='ocrx_word' id='word_1_100' title='bbox 624 1621 833 1706; x_wconf 89' lang='lat' dir='ltr'><strong>dependenter</strong></span> <span class='ocrx_word' id='word_1_101' title='bbox 853 1622 891 1687; x_wconf 91' lang='lat' dir='ltr'><strong>ab</strong></span> <span class='ocrx_word' id='word_1_102' title='bbox 911 1631 983 1687; x_wconf 91' lang='lat' dir='ltr'><strong>actu</strong></span> <span class='ocrx_word' id='word_1_103' title='bbox 1003 1620 1201 1701; x_wconf 89' lang='lat' dir='ltr'><strong>intellectivo,</strong></span> <span class='ocrx_word' id='word_1_104' title='bbox 1217 1622 1304 1686; x_wconf 90' lang='lat' dir='ltr'><strong>cuius</strong></span> <span class='ocrx_word' id='word_1_105' title='bbox 1326 1629 1375 1684; x_wconf 91' lang='lat' dir='ltr'><strong>est</strong></span> 
     </span>
     <span class='ocr_line' id='line_1_13' title="bbox 266 1733 1288 1821; baseline 0 -22"><span class='ocrx_word' id='word_1_106' title='bbox 266 1735 434 1821; x_wconf 88' lang='lat' dir='ltr'><strong>passivitas,</strong></span> <span class='ocrx_word' id='word_1_107' title='bbox 450 1742 481 1799; x_wconf 90' lang='lat' dir='ltr'><strong>et</strong></span> <span class='ocrx_word' id='word_1_108' title='bbox 496 1734 572 1820; x_wconf 91' lang='lat' dir='ltr'><strong>quin</strong></span> <span class='ocrx_word' id='word_1_109' title='bbox 587 1756 658 1798; x_wconf 91' lang='lat' dir='ltr'><strong>eum</strong></span> <span class='ocrx_word' id='word_1_110' title='bbox 673 1733 808 1799; x_wconf 90' lang='lat' dir='ltr'><strong>secundo</strong></span> <span class='ocrx_word' id='word_1_111' title='bbox 824 1755 877 1797; x_wconf 92' lang='lat' dir='ltr'><strong>seu</strong></span> <span class='ocrx_word' id='word_1_112' title='bbox 893 1733 1119 1800; x_wconf 82' lang='lat' dir='ltr'><strong>accidentaliter</strong></span> <span class='ocrx_word' id='word_1_113' title='bbox 1133 1734 1288 1799; x_wconf 85' lang='lat' dir='ltr'><strong>terminet.</strong></span> 
     </span>
    </p>

    <p class='ocr_par' dir='ltr' id='par_1_4' title="bbox 263 1843 1375 2267">
     <span class='ocr_line' id='line_1_14' title="bbox 311 1843 1375 1931; baseline -0.003 -21"><span class='ocrx_word' id='word_1_114' title='bbox 311 1845 457 1931; x_wconf 86' lang='lat' dir='ltr'><strong>Sequitur</strong></span> <span class='ocrx_word' id='word_1_115' title='bbox 472 1848 516 1925; x_wconf 81' lang='lat'><strong>1⁰,</strong></span> <span class='ocrx_word' id='word_1_116' title='bbox 531 1844 662 1929; x_wconf 90' lang='lat' dir='ltr'><strong>speciem</strong></span> <span class='ocrx_word' id='word_1_117' title='bbox 684 1844 862 1930; x_wconf 87' lang='lat' dir='ltr'><strong>impressam</strong></span> <span class='ocrx_word' id='word_1_118' title='bbox 886 1846 951 1909; x_wconf 92' lang='lat' dir='ltr'><strong>sine</strong></span> <span class='ocrx_word' id='word_1_119' title='bbox 973 1854 1044 1909; x_wconf 91' lang='lat' dir='ltr'><strong>actu</strong></span> <span class='ocrx_word' id='word_1_120' title='bbox 1065 1846 1164 1930; x_wconf 91' lang='lat' dir='ltr'><strong>primo</strong></span> <span class='ocrx_word' id='word_1_121' title='bbox 1186 1843 1375 1930; x_wconf 90' lang='lat' dir='ltr'><strong>percipiendi</strong></span> 
     </span>
     <span class='ocr_line' id='line_1_15' title="bbox 267 1956 1375 2042; baseline -0.003 -20"><span class='ocrx_word' id='word_1_122' title='bbox 267 1978 331 2022; x_wconf 92' lang='lat' dir='ltr'><strong>non</strong></span> <span class='ocrx_word' id='word_1_123' title='bbox 345 1978 410 2023; x_wconf 86' lang='lat' dir='ltr'><strong>ease</strong></span> <span class='ocrx_word' id='word_1_124' title='bbox 425 1956 585 2021; x_wconf 89' lang='lat' dir='ltr'><strong>dicendam</strong></span> <span class='ocrx_word' id='word_1_125' title='bbox 600 1956 700 2021; x_wconf 89' lang='lat' dir='ltr'><strong>ideam</strong></span> <span class='ocrx_word' id='word_1_126' title='bbox 713 1956 871 2037; x_wconf 86' lang='lat' dir='ltr'><strong>directam,</strong></span> <span class='ocrx_word' id='word_1_127' title='bbox 882 1956 936 2021; x_wconf 93' lang='lat' dir='ltr'><strong>sed</strong></span> <span class='ocrx_word' id='word_1_128' title='bbox 951 1956 1130 2042; x_wconf 90' lang='lat' dir='ltr'><strong>simpliciter</strong></span> <span class='ocrx_word' id='word_1_129' title='bbox 1144 1961 1266 2042; x_wconf 79' lang='lat' dir='ltr'><strong>speeiem</strong></span> <span class='ocrx_word' id='word_1_130' title='bbox 1280 1956 1375 2041; x_wconf 79' lang='lat' dir='ltr'><strong>infor-</strong></span> 
     </span>
     <span class='ocr_line' id='line_1_16' title="bbox 268 2068 1374 2155; baseline -0.002 -22"><span class='ocrx_word' id='word_1_131' title='bbox 268 2092 359 2133; x_wconf 88' lang='lat' dir='ltr'><strong>mem:</strong></span> <span class='ocrx_word' id='word_1_132' title='bbox 382 2077 413 2134; x_wconf 91' lang='lat' dir='ltr'><strong>et</strong></span> <span class='ocrx_word' id='word_1_133' title='bbox 428 2070 508 2134; x_wconf 85' lang='lat' dir='ltr'><strong>sicut</strong></span> <span class='ocrx_word' id='word_1_134' title='bbox 523 2069 650 2133; x_wconf 90' lang='lat' dir='ltr'><strong>materia</strong></span> <span class='ocrx_word' id='word_1_135' title='bbox 664 2068 762 2154; x_wconf 90' lang='lat' dir='ltr'><strong>prima</strong></span> <span class='ocrx_word' id='word_1_136' title='bbox 775 2076 807 2134; x_wconf 93' lang='lat' dir='ltr'><strong>et</strong></span> <span class='ocrx_word' id='word_1_137' title='bbox 822 2068 961 2133; x_wconf 87' lang='lat' dir='ltr'><strong>informis</strong></span> <span class='ocrx_word' id='word_1_138' title='bbox 983 2068 1092 2155; x_wconf 91' lang='lat' dir='ltr'><strong>nequit</strong></span> <span class='ocrx_word' id='word_1_139' title='bbox 1107 2069 1245 2148; x_wconf 82' lang='lat' dir='ltr'><strong>existere,</strong></span> <span class='ocrx_word' id='word_1_140' title='bbox 1260 2070 1304 2133; x_wconf 91' lang='lat' dir='ltr'><strong>ita</strong></span> <span class='ocrx_word' id='word_1_141' title='bbox 1318 2090 1374 2132; x_wconf 89' lang='lat' dir='ltr'><strong>nec</strong></span> 
     </span>
     <span class='ocr_line' id='line_1_17' title="bbox 263 2181 586 2267; baseline -0.003 -21"><span class='ocrx_word' id='word_1_142' title='bbox 263 2182 385 2267; x_wconf 86' lang='lat' dir='ltr'><strong>species</strong></span> <span class='ocrx_word' id='word_1_143' title='bbox 399 2181 586 2246; x_wconf 86' lang='lat' dir='ltr'><strong>huiusmodi.</strong></span> 
     </span>
    </p>

    <p class='ocr_par' dir='ltr' id='par_1_5' title="bbox 270 2292 1377 2716">
     <span class='ocr_line' id='line_1_18' title="bbox 315 2292 1376 2379; baseline 0 -21"><span class='ocrx_word' id='word_1_144' title='bbox 315 2292 458 2379; x_wconf 85' lang='lat' dir='ltr'><strong>Sequitur</strong></span> <span class='ocrx_word' id='word_1_145' title='bbox 472 2295 517 2374; x_wconf 84' lang='lat'><strong>2⁰,</strong></span> <span class='ocrx_word' id='word_1_146' title='bbox 534 2293 651 2358; x_wconf 90' lang='lat' dir='ltr'><strong>nullam</strong></span> <span class='ocrx_word' id='word_1_147' title='bbox 666 2315 732 2359; x_wconf 89' lang='lat' dir='ltr'><strong>esse</strong></span> <span class='ocrx_word' id='word_1_148' title='bbox 746 2294 846 2359; x_wconf 91' lang='lat' dir='ltr'><strong>ideam</strong></span> <span class='ocrx_word' id='word_1_149' title='bbox 868 2293 1054 2359; x_wconf 77' lang='lat' dir='ltr'><strong>habitualem</strong></span> <span class='ocrx_word' id='word_1_150' title='bbox 1068 2295 1102 2357; x_wconf 93' lang='lat' dir='ltr'><strong>in</strong></span> <span class='ocrx_word' id='word_1_151' title='bbox 1123 2294 1292 2374; x_wconf 89' lang='lat' dir='ltr'><strong>intellectu,</strong></span> <span class='ocrx_word' id='word_1_152' title='bbox 1308 2315 1376 2379; x_wconf 88' lang='lat' dir='ltr'><strong>quae</strong></span> 
     </span>
     <span class='ocr_line' id='line_1_19' title="bbox 270 2405 1376 2493; baseline 0 -24"><span class='ocrx_word' id='word_1_153' title='bbox 270 2427 333 2470; x_wconf 91' lang='lat' dir='ltr'><strong>non</strong></span> <span class='ocrx_word' id='word_1_154' title='bbox 355 2406 447 2470; x_wconf 88' lang='lat' dir='ltr'><strong>fuerit</strong></span> <span class='ocrx_word' id='word_1_155' title='bbox 472 2405 558 2491; x_wconf 89' lang='lat' dir='ltr'><strong>prius</strong></span> <span class='ocrx_word' id='word_1_156' title='bbox 580 2406 613 2474; x_wconf 87' lang='lat' dir='ltr'><strong>in</strong></span> <span class='ocrx_word' id='word_1_157' title='bbox 637 2414 725 2486; x_wconf 80' lang='lat' dir='ltr'><strong>actu3</strong></span> <span class='ocrx_word' id='word_1_158' title='bbox 748 2406 817 2471; x_wconf 86' lang='lat' dir='ltr'><strong>idea</strong></span> <span class='ocrx_word' id='word_1_159' title='bbox 838 2406 920 2470; x_wconf 88' lang='lat' dir='ltr'><strong>enim</strong></span> <span class='ocrx_word' id='word_1_160' title='bbox 941 2406 1105 2471; x_wconf 86' lang='lat' dir='ltr'><strong>habitualis</strong></span> <span class='ocrx_word' id='word_1_161' title='bbox 1128 2407 1240 2472; x_wconf 89' lang='lat' dir='ltr'><strong>dicitur</strong></span> <span class='ocrx_word' id='word_1_162' title='bbox 1263 2406 1376 2493; x_wconf 86' lang='lat' dir='ltr'><strong>species</strong></span> 
     </span>
     <span class='ocr_line' id='line_1_20' title="bbox 270 2517 1377 2604; baseline -0.001 -23"><span class='ocrx_word' id='word_1_163' title='bbox 270 2517 472 2604; x_wconf 78' lang='lat' dir='ltr'><strong>intelligibilis</strong></span> <span class='ocrx_word' id='word_1_164' title='bbox 493 2540 562 2603; x_wconf 85' lang='lat' dir='ltr'><strong>quae</strong></span> <span class='ocrx_word' id='word_1_165' title='bbox 587 2517 738 2584; x_wconf 90' lang='lat' dir='ltr'><strong>habetur:</strong></span> <span class='ocrx_word' id='word_1_166' title='bbox 762 2526 793 2582; x_wconf 91' lang='lat' dir='ltr'><strong>at</strong></span> <span class='ocrx_word' id='word_1_167' title='bbox 817 2541 880 2582; x_wconf 90' lang='lat' dir='ltr'><strong>non</strong></span> <span class='ocrx_word' id='word_1_168' title='bbox 897 2519 1004 2604; x_wconf 90' lang='lat' dir='ltr'><strong>&#39;potuit</strong></span> <span class='ocrx_word' id='word_1_169' title='bbox 1027 2519 1129 2604; x_wconf 91' lang='lat' dir='ltr'><strong>recipi,</strong></span> <span class='ocrx_word' id='word_1_170' title='bbox 1146 2541 1182 2583; x_wconf 83' lang='lat' dir='ltr'><strong>ea</strong></span> <span class='ocrx_word' id='word_1_171' title='bbox 1203 2518 1303 2598; x_wconf 89' lang='lat' dir='ltr'><strong>dictis,</strong></span> <span class='ocrx_word' id='word_1_172' title='bbox 1317 2517 1377 2581; x_wconf 88' lang='lat' dir='ltr'><strong>nisi</strong></span> 
     </span>
     <span class='ocr_line' id='line_1_21' title="bbox 271 2629 684 2716; baseline 0 -22"><span class='ocrx_word' id='word_1_173' title='bbox 271 2650 341 2695; x_wconf 90' lang='lat' dir='ltr'><strong>cum</strong></span> <span class='ocrx_word' id='word_1_174' title='bbox 357 2629 468 2696; x_wconf 89' lang='lat' dir='ltr'><strong>actuali</strong></span> <span class='ocrx_word' id='word_1_175' title='bbox 482 2629 684 2716; x_wconf 90' lang='lat' dir='ltr'><strong>perceptione.</strong></span> 
     </span>
    </p>

    <p class='ocr_par' dir='ltr' id='par_1_6' title="bbox 273 2740 1382 3388">
     <span class='ocr_line' id='line_1_22' title="bbox 318 2740 1378 2829; baseline -0.001 -24"><span class='ocrx_word' id='word_1_176' title='bbox 318 2740 465 2827; x_wconf 87' lang='lat' dir='ltr'><strong>Sequitur</strong></span> <span class='ocrx_word' id='word_1_177' title='bbox 479 2744 527 2824; x_wconf 78' lang='lat'><strong>3⁰,</strong></span> <span class='ocrx_word' id='word_1_178' title='bbox 542 2743 636 2829; x_wconf 89' lang='lat' dir='ltr'><strong>quod,</strong></span> <span class='ocrx_word' id='word_1_179' title='bbox 652 2765 749 2828; x_wconf 91' lang='lat' dir='ltr'><strong>quum</strong></span> <span class='ocrx_word' id='word_1_180' title='bbox 770 2743 869 2806; x_wconf 90' lang='lat' dir='ltr'><strong>omnis</strong></span> <span class='ocrx_word' id='word_1_181' title='bbox 890 2742 958 2806; x_wconf 92' lang='lat' dir='ltr'><strong>idea</strong></span> <span class='ocrx_word' id='word_1_182' title='bbox 971 2741 1019 2806; x_wconf 89' lang='lat' dir='ltr'><strong>vel</strong></span> <span class='ocrx_word' id='word_1_183' title='bbox 1034 2742 1074 2807; x_wconf 91' lang='lat' dir='ltr'><strong>sit</strong></span> <span class='ocrx_word' id='word_1_184' title='bbox 1089 2741 1215 2807; x_wconf 90' lang='lat' dir='ltr'><strong>actualis</strong></span> <span class='ocrx_word' id='word_1_185' title='bbox 1230 2741 1278 2807; x_wconf 91' lang='lat' dir='ltr'><strong>vel</strong></span> <span class='ocrx_word' id='word_1_186' title='bbox 1293 2741 1378 2806; x_wconf 91' lang='lat' dir='ltr'><strong>habi-</strong></span> 
     </span>
     <span class='ocr_line' id='line_1_23' title="bbox 273 2852 1379 2939; baseline -0.001 -22"><span class='ocrx_word' id='word_1_187' title='bbox 273 2852 376 2932; x_wconf 85' lang='lat' dir='ltr'><strong>tualia,</strong></span> <span class='ocrx_word' id='word_1_188' title='bbox 390 2862 483 2939; x_wconf 92' lang='lat' dir='ltr'><strong>prout</strong></span> <span class='ocrx_word' id='word_1_189' title='bbox 498 2854 567 2939; x_wconf 92' lang='lat' dir='ltr'><strong>quis</strong></span> <span class='ocrx_word' id='word_1_190' title='bbox 582 2855 629 2919; x_wconf 88' lang='lat' dir='ltr'><strong>vel</strong></span> <span class='ocrx_word' id='word_1_191' title='bbox 644 2863 715 2919; x_wconf 90' lang='lat' dir='ltr'><strong>actu</strong></span> <span class='ocrx_word' id='word_1_192' title='bbox 730 2853 930 2939; x_wconf 85' lang='lat' dir='ltr'><strong>apprehendit</strong></span> <span class='ocrx_word' id='word_1_193' title='bbox 945 2853 992 2918; x_wconf 90' lang='lat' dir='ltr'><strong>vel</strong></span> <span class='ocrx_word' id='word_1_194' title='bbox 1007 2863 1165 2919; x_wconf 87' lang='lat' dir='ltr'><strong>conservat</strong></span> <span class='ocrx_word' id='word_1_195' title='bbox 1180 2854 1310 2938; x_wconf 87' lang='lat' dir='ltr'><strong>speciem</strong></span> <span class='ocrx_word' id='word_1_196' title='bbox 1324 2877 1379 2938; x_wconf 90' lang='lat' dir='ltr'><strong>per</strong></span> 
     </span>
     <span class='ocr_line' id='line_1_24' title="bbox 274 2965 1379 3053; baseline -0.001 -23"><span class='ocrx_word' id='word_1_197' title='bbox 274 2987 365 3050; x_wconf 89' lang='lat' dir='ltr'><strong>quam</strong></span> <span class='ocrx_word' id='word_1_198' title='bbox 388 2965 499 3030; x_wconf 86' lang='lat' dir='ltr'><strong>iterum</strong></span> <span class='ocrx_word' id='word_1_199' title='bbox 525 2966 751 3051; x_wconf 88' lang='lat' dir='ltr'><strong>apprehendere</strong></span> <span class='ocrx_word' id='word_1_200' title='bbox 779 2967 885 3052; x_wconf 91' lang='lat' dir='ltr'><strong>possit,</strong></span> <span class='ocrx_word' id='word_1_201' title='bbox 909 2966 977 3030; x_wconf 90' lang='lat' dir='ltr'><strong>idea</strong></span> <span class='ocrx_word' id='word_1_202' title='bbox 997 2966 1163 3031; x_wconf 86' lang='lat' dir='ltr'><strong>habitualis</strong></span> <span class='ocrx_word' id='word_1_203' title='bbox 1185 2967 1292 3053; x_wconf 89' lang='lat' dir='ltr'><strong>nequit</strong></span> <span class='ocrx_word' id='word_1_204' title='bbox 1314 2988 1379 3030; x_wconf 89' lang='lat' dir='ltr'><strong>esse</strong></span> 
     </span>
     <span class='ocr_line' id='line_1_25' title="bbox 275 3077 1380 3163; baseline 0.001 -22"><span class='ocrx_word' id='word_1_205' title='bbox 275 3077 388 3142; x_wconf 89' lang='lat' dir='ltr'><strong>directa</strong></span> <span class='ocrx_word' id='word_1_206' title='bbox 406 3100 463 3143; x_wconf 91' lang='lat' dir='ltr'><strong>nec</strong></span> <span class='ocrx_word' id='word_1_207' title='bbox 482 3077 609 3157; x_wconf 80' lang='lat' dir='ltr'><strong>reflexa3</strong></span> <span class='ocrx_word' id='word_1_208' title='bbox 631 3078 704 3163; x_wconf 91' lang='lat' dir='ltr'><strong>qnia</strong></span> <span class='ocrx_word' id='word_1_209' title='bbox 726 3077 876 3142; x_wconf 86' lang='lat' dir='ltr'><strong>directum</strong></span> <span class='ocrx_word' id='word_1_210' title='bbox 897 3086 929 3142; x_wconf 91' lang='lat' dir='ltr'><strong>et</strong></span> <span class='ocrx_word' id='word_1_211' title='bbox 951 3077 1094 3142; x_wconf 86' lang='lat' dir='ltr'><strong>reflexum</strong></span> <span class='ocrx_word' id='word_1_212' title='bbox 1117 3078 1321 3163; x_wconf 83' lang='lat' dir='ltr'><strong>praedicantur</strong></span> <span class='ocrx_word' id='word_1_213' title='bbox 1343 3077 1380 3142; x_wconf 91' lang='lat' dir='ltr'><strong>de</strong></span> 
     </span>
     <span class='ocr_line' id='line_1_26' title="bbox 275 3189 1382 3275; baseline -0.001 -21"><span class='ocrx_word' id='word_1_214' title='bbox 275 3189 340 3254; x_wconf 91' lang='lat' dir='ltr'><strong>solo</strong></span> <span class='ocrx_word' id='word_1_215' title='bbox 355 3197 443 3254; x_wconf 88' lang='lat' dir='ltr'><strong>actu:</strong></span> <span class='ocrx_word' id='word_1_216' title='bbox 465 3189 532 3255; x_wconf 85' lang='lat' dir='ltr'><strong>idea</strong></span> <span class='ocrx_word' id='word_1_217' title='bbox 547 3211 617 3255; x_wconf 90' lang='lat' dir='ltr'><strong>vero</strong></span> <span class='ocrx_word' id='word_1_218' title='bbox 632 3189 758 3255; x_wconf 89' lang='lat' dir='ltr'><strong>actualis</strong></span> <span class='ocrx_word' id='word_1_219' title='bbox 776 3191 834 3254; x_wconf 91' lang='lat' dir='ltr'><strong>erit</strong></span> <span class='ocrx_word' id='word_1_220' title='bbox 855 3190 978 3269; x_wconf 90' lang='lat' dir='ltr'><strong>directa,</strong></span> <span class='ocrx_word' id='word_1_221' title='bbox 1002 3212 1099 3275; x_wconf 93' lang='lat' dir='ltr'><strong>quum</strong></span> <span class='ocrx_word' id='word_1_222' title='bbox 1121 3189 1190 3275; x_wconf 91' lang='lat' dir='ltr'><strong>quis</strong></span> <span class='ocrx_word' id='word_1_223' title='bbox 1211 3191 1382 3274; x_wconf 77' lang='lat' dir='ltr'><strong>simpliciter</strong></span> 
     </span>
     <span class='ocr_line' id='line_1_27' title="bbox 275 3300 1354 3388; baseline 0.001 -23"><span class='ocrx_word' id='word_1_224' title='bbox 275 3303 362 3381; x_wconf 79' lang='lat' dir='ltr'><strong>sidet,</strong></span> <span class='ocrx_word' id='word_1_225' title='bbox 377 3300 496 3382; x_wconf 82' lang='lat' dir='ltr'><strong>reflexa,</strong></span> <span class='ocrx_word' id='word_1_226' title='bbox 512 3324 610 3387; x_wconf 89' lang='lat' dir='ltr'><strong>quum</strong></span> <span class='ocrx_word' id='word_1_227' title='bbox 623 3305 718 3367; x_wconf 67' lang='lat' dir='ltr'><strong>adera</strong></span> <span class='ocrx_word' id='word_1_228' title='bbox 731 3304 838 3387; x_wconf 70' lang='lat' dir='ltr'><strong>cspictt</strong></span> <span class='ocrx_word' id='word_1_229' title='bbox 851 3301 884 3366; x_wconf 93' lang='lat' dir='ltr'><strong>id</strong></span> <span class='ocrx_word' id='word_1_230' title='bbox 898 3300 981 3386; x_wconf 91' lang='lat' dir='ltr'><strong>quod</strong></span> <span class='ocrx_word' id='word_1_231' title='bbox 998 3303 1096 3387; x_wconf 88' lang='lat' dir='ltr'><strong>specie</strong></span> <span class='ocrx_word' id='word_1_232' title='bbox 1110 3311 1354 3388; x_wconf 90' lang='lat' dir='ltr'><strong>repraesentatur.</strong></span> 
     </span>
    </p>

    <p class='ocr_par' dir='ltr' id='par_1_7' title="bbox 278 3413 1383 3608">
     <span class='ocr_line' id='line_1_28' title="bbox 321 3413 1383 3499; baseline 0.001 -23"><span class='ocrx_word' id='word_1_233' title='bbox 321 3413 375 3476; x_wconf 87' lang='grc'><strong>96.</strong></span> <span class='ocrx_word' id='word_1_234' title='bbox 399 3413 555 3489; x_wconf 81' lang='lat' dir='ltr'><strong>Quaeritur</strong></span> <span class='ocrx_word' id='word_1_235' title='bbox 589 3414 708 3499; x_wconf 90' lang='lat' dir='ltr'><strong>quinto,</strong></span> <span class='ocrx_word' id='word_1_236' title='bbox 737 3423 837 3485; x_wconf 82' lang='lat' dir='ltr'><strong>atram</strong></span> <span class='ocrx_word' id='word_1_237' title='bbox 866 3416 964 3478; x_wconf 80' lang='lat' dir='ltr'><strong>anima</strong></span> <span class='ocrx_word' id='word_1_238' title='bbox 993 3423 1104 3499; x_wconf 74' lang='lat' dir='ltr'><strong>semper</strong></span> <span class='ocrx_word' id='word_1_239' title='bbox 1133 3423 1162 3478; x_wconf 87' lang='lat' dir='ltr'><strong>et</strong></span> <span class='ocrx_word' id='word_1_240' title='bbox 1191 3415 1383 3480; x_wconf 80' lang='lat' dir='ltr'><strong>essentialiter</strong></span> 
     </span>
     <span class='ocr_line' id='line_1_29' title="bbox 278 3531 559 3608; baseline 0 -20"><span class='ocrx_word' id='word_1_241' title='bbox 278 3531 432 3608; x_wconf 72' lang='lat' dir='ltr'><strong>copamect</strong></span> <span class='ocrx_word' id='word_1_242' title='bbox 444 3546 476 3588; x_wconf 89' lang='lat' dir='ltr'><strong>se</strong></span> <span class='ocrx_word' id='word_1_243' title='bbox 489 3547 559 3589; x_wconf 85' lang='lat' dir='ltr'><strong>ease.</strong></span> 
     </span>
    </p>

    <p class='ocr_par' dir='ltr' id='par_1_8' title="bbox 274 3634 1410 4391">
     <span class='ocr_line' id='line_1_30' title="bbox 274 3634 1382 3722; baseline -0.003 -19"><span class='ocrx_word' id='word_1_244' title='bbox 274 3700 276 3703; x_wconf 84' lang='lat'><strong>.</strong></span> <span class='ocrx_word' id='word_1_245' title='bbox 323 3634 505 3718; x_wconf 85' lang='lat' dir='ltr'><strong>Respondeo</strong></span> <span class='ocrx_word' id='word_1_246' title='bbox 534 3636 721 3716; x_wconf 89' lang='lat' dir='ltr'><strong>affirmative,</strong></span> <span class='ocrx_word' id='word_1_247' title='bbox 745 3645 780 3700; x_wconf 94' lang='lat' dir='ltr'><strong>ut</strong></span> <span class='ocrx_word' id='word_1_248' title='bbox 810 3645 894 3721; x_wconf 94' lang='lat' dir='ltr'><strong>patet</strong></span> <span class='ocrx_word' id='word_1_249' title='bbox 924 3660 960 3701; x_wconf 83' lang='lat' dir='ltr'><strong>ex</strong></span> <span class='ocrx_word' id='word_1_250' title='bbox 989 3637 1038 3716; x_wconf 89' lang='lat' dir='ltr'><strong>iis,</strong></span> <span class='ocrx_word' id='word_1_251' title='bbox 1061 3658 1130 3722; x_wconf 87' lang='lat' dir='ltr'><strong>quae</strong></span> <span class='ocrx_word' id='word_1_252' title='bbox 1154 3636 1217 3701; x_wconf 88' lang='lat' dir='ltr'><strong>late</strong></span> <span class='ocrx_word' id='word_1_253' title='bbox 1246 3635 1382 3720; x_wconf 86' lang='lat' dir='ltr'><strong>disputa-</strong></span> 
     </span>
     <span class='ocr_line' id='line_1_31' title="bbox 280 3745 1383 3832; baseline 0.001 -23"><span class='ocrx_word' id='word_1_254' title='bbox 280 3745 380 3810; x_wconf 84' lang='lat' dir='ltr'><strong>vimus</strong></span> <span class='ocrx_word' id='word_1_255' title='bbox 395 3745 514 3830; x_wconf 87' lang='lat' dir='ltr'><strong>agendo</strong></span> <span class='ocrx_word' id='word_1_256' title='bbox 527 3746 565 3810; x_wconf 87' lang='lat' dir='ltr'><strong>de</strong></span> <span class='ocrx_word' id='word_1_257' title='bbox 574 3746 778 3811; x_wconf 84' lang='lat' dir='ltr'><strong>constitutivis</strong></span> <span class='ocrx_word' id='word_1_258' title='bbox 793 3748 1005 3812; x_wconf 84' lang='lat' dir='ltr'><strong>essentialibus</strong></span> <span class='ocrx_word' id='word_1_259' title='bbox 1017 3747 1195 3813; x_wconf 88' lang='lat' dir='ltr'><strong>substantiae</strong></span> <span class='ocrx_word' id='word_1_260' title='bbox 1207 3748 1383 3832; x_wconf 88' lang='lat' dir='ltr'><strong>spiritualis.</strong></span> 
     </span>
     <span class='ocr_line' id='line_1_32' title="bbox 282 3857 1410 3944; baseline -0.001 -22"><span class='ocrx_word' id='word_1_261' title='bbox 282 3858 343 3923; x_wconf 88' lang='lat' dir='ltr'><strong>Sed</strong></span> <span class='ocrx_word' id='word_1_262' title='bbox 358 3857 448 3943; x_wconf 87' lang='lat' dir='ltr'><strong>plura</strong></span> <span class='ocrx_word' id='word_1_263' title='bbox 462 3857 598 3922; x_wconf 91' lang='lat' dir='ltr'><strong>notanda</strong></span> <span class='ocrx_word' id='word_1_264' title='bbox 612 3865 686 3922; x_wconf 89' lang='lat' dir='ltr'><strong>sunt</strong></span> <span class='ocrx_word' id='word_1_265' title='bbox 700 3858 750 3922; x_wconf 91' lang='lat' dir='ltr'><strong>hic</strong></span> <span class='ocrx_word' id='word_1_266' title='bbox 765 3858 804 3922; x_wconf 91' lang='lat' dir='ltr'><strong>ad</strong></span> <span class='ocrx_word' id='word_1_267' title='bbox 818 3858 942 3923; x_wconf 89' lang='lat' dir='ltr'><strong>vitanda</strong></span> <span class='ocrx_word' id='word_1_268' title='bbox 956 3881 1092 3923; x_wconf 89' lang='lat' dir='ltr'><strong>errorum</strong></span> <span class='ocrx_word' id='word_1_269' title='bbox 1112 3859 1256 3944; x_wconf 86' lang='lat' dir='ltr'><strong>pericula.</strong></span> <span class='ocrx_word' id='word_1_270' title='bbox 1302 3859 1383 3922; x_wconf 90' lang='lat' dir='ltr'><strong>Nam</strong></span> <span class='ocrx_word' id='word_1_271' title='bbox 1407 3901 1410 3906; x_wconf 93' lang='lat'>-</span> 
     </span>
     <span class='ocr_line' id='line_1_33' title="bbox 283 3969 1385 4056; baseline -0.001 -21"><span class='ocrx_word' id='word_1_272' title='bbox 283 3974 326 4035; x_wconf 88' lang='lat'><strong>1⁰.</strong></span> <span class='ocrx_word' id='word_1_273' title='bbox 351 3970 427 4035; x_wconf 88' lang='lat' dir='ltr'><strong>Haec</strong></span> <span class='ocrx_word' id='word_1_274' title='bbox 438 3971 573 4056; x_wconf 85' lang='lat' dir='ltr'><strong>cognitio</strong></span> <span class='ocrx_word' id='word_1_275' title='bbox 583 3992 646 4033; x_wconf 88' lang='lat' dir='ltr'><strong>non</strong></span> <span class='ocrx_word' id='word_1_276' title='bbox 655 3979 702 4035; x_wconf 87' lang='lat' dir='ltr'><strong>est</strong></span> <span class='ocrx_word' id='word_1_277' title='bbox 711 3992 792 4034; x_wconf 90' lang='lat' dir='ltr'><strong>unus</strong></span> <span class='ocrx_word' id='word_1_278' title='bbox 806 3969 915 4055; x_wconf 89' lang='lat' dir='ltr'><strong>aliquis</strong></span> <span class='ocrx_word' id='word_1_279' title='bbox 924 3993 961 4035; x_wconf 87' lang='lat' dir='ltr'><strong>ex</strong></span> <span class='ocrx_word' id='word_1_280' title='bbox 971 3970 1032 4034; x_wconf 92' lang='lat' dir='ltr'><strong>illis</strong></span> <span class='ocrx_word' id='word_1_281' title='bbox 1043 3970 1162 4035; x_wconf 91' lang='lat' dir='ltr'><strong>actibus</strong></span> <span class='ocrx_word' id='word_1_282' title='bbox 1171 3970 1226 4055; x_wconf 91' lang='lat' dir='ltr'><strong>qui</strong></span> <span class='ocrx_word' id='word_1_283' title='bbox 1237 3979 1385 4034; x_wconf 90' lang='lat' dir='ltr'><strong>vocantur</strong></span> 
     </span>
     <span class='ocr_line' id='line_1_34' title="bbox 281 4081 1386 4167; baseline -0.002 -20"><span class='ocrx_word' id='word_1_284' title='bbox 281 4083 360 4162; x_wconf 75' lang='lat' dir='ltr'><strong>idere,</strong></span> <span class='ocrx_word' id='word_1_285' title='bbox 376 4083 429 4147; x_wconf 89' lang='lat' dir='ltr'><strong>sed</strong></span> <span class='ocrx_word' id='word_1_286' title='bbox 444 4092 490 4147; x_wconf 91' lang='lat' dir='ltr'><strong>eat</strong></span> <span class='ocrx_word' id='word_1_287' title='bbox 505 4091 591 4147; x_wconf 90' lang='lat' dir='ltr'><strong>actua</strong></span> <span class='ocrx_word' id='word_1_288' title='bbox 611 4082 820 4146; x_wconf 88' lang='lat' dir='ltr'><strong>substantialis</strong></span> <span class='ocrx_word' id='word_1_289' title='bbox 842 4081 951 4146; x_wconf 85' lang='lat' dir='ltr'><strong>animae</strong></span> <span class='ocrx_word' id='word_1_290' title='bbox 972 4082 1161 4167; x_wconf 87' lang='lat' dir='ltr'><strong>inadaequate</strong></span> <span class='ocrx_word' id='word_1_291' title='bbox 1181 4091 1332 4166; x_wconf 91' lang='lat' dir='ltr'><strong>sumptus,</strong></span> <span class='ocrx_word' id='word_1_292' title='bbox 1353 4081 1386 4145; x_wconf 95' lang='lat' dir='ltr'><strong>id</strong></span> 
     </span>
     <span class='ocr_line' id='line_1_35' title="bbox 282 4191 1385 4280; baseline -0.001 -24"><span class='ocrx_word' id='word_1_293' title='bbox 282 4201 329 4257; x_wconf 89' lang='lat' dir='ltr'><strong>est</strong></span> <span class='ocrx_word' id='word_1_294' title='bbox 351 4192 553 4259; x_wconf 85' lang='lat' dir='ltr'><strong>abstrahendo</strong></span> <span class='ocrx_word' id='word_1_295' title='bbox 575 4193 614 4258; x_wconf 92' lang='lat' dir='ltr'><strong>ab</strong></span> <span class='ocrx_word' id='word_1_296' title='bbox 636 4193 746 4267; x_wconf 83' lang='lat' dir='ltr'><strong>ultimo</strong></span> <span class='ocrx_word' id='word_1_297' title='bbox 772 4193 994 4280; x_wconf 90' lang='lat' dir='ltr'><strong>complemento</strong></span> <span class='ocrx_word' id='word_1_298' title='bbox 1020 4191 1225 4258; x_wconf 88' lang='lat' dir='ltr'><strong>substantiali.</strong></span> <span class='ocrx_word' id='word_1_299' title='bbox 1271 4192 1385 4257; x_wconf 85' lang='lat' dir='ltr'><strong>Conse-</strong></span> 
     </span>
     <span class='ocr_line' id='line_1_36' title="bbox 283 4303 1386 4391; baseline -0.004 -23"><span class='ocrx_word' id='word_1_300' title='bbox 283 4313 412 4391; x_wconf 90' lang='lat' dir='ltr'><strong>quenter</strong></span> <span class='ocrx_word' id='word_1_301' title='bbox 433 4304 497 4369; x_wconf 88' lang='lat' dir='ltr'><strong>haec</strong></span> <span class='ocrx_word' id='word_1_302' title='bbox 520 4305 655 4390; x_wconf 86' lang='lat' dir='ltr'><strong>cognitio</strong></span> <span class='ocrx_word' id='word_1_303' title='bbox 678 4306 726 4369; x_wconf 87' lang='lat' dir='ltr'><strong>sui</strong></span> <span class='ocrx_word' id='word_1_304' title='bbox 748 4327 813 4368; x_wconf 89' lang='lat' dir='ltr'><strong>esse</strong></span> <span class='ocrx_word' id='word_1_305' title='bbox 836 4314 1021 4391; x_wconf 83' lang='lat' dir='ltr'><strong>estsemper</strong></span> <span class='ocrx_word' id='word_1_306' title='bbox 1035 4305 1068 4368; x_wconf 88' lang='lat' dir='ltr'><strong>in</strong></span> <span class='ocrx_word' id='word_1_307' title='bbox 1084 4313 1164 4384; x_wconf 90' lang='lat' dir='ltr'><strong>actu,</strong></span> <span class='ocrx_word' id='word_1_308' title='bbox 1181 4313 1212 4368; x_wconf 91' lang='lat' dir='ltr'><strong>ct</strong></span> <span class='ocrx_word' id='word_1_309' title='bbox 1226 4303 1386 4368; x_wconf 88' lang='lat' dir='ltr'><strong>constituit</strong></span> 
     </span>
    </p>
   </div>
   <div class='ocr_carea' id='block_1_3' title="bbox 0 0 1631 4975">
    <p class='ocr_par' dir='ltr' id='par_1_9' title="bbox 0 0 1631 4975">
     <span class='ocr_line' id='line_1_37' title="bbox 0 0 1631 4975; baseline 0 0"><span class='ocrx_word' id='word_1_310' title='bbox 0 0 1631 4975; x_wconf 95' lang='lat' dir='ltr'><strong> </strong></span> 
     </span>
    </p>
   </div>
  </div>
 </body>
</html>
