3200 4975
296 354 340 418 64
609 378 651 421 nr
667 378 871 422 sunsrsnms
888 376 1088 423 sernrrosnr.
1263 358 1348 443 [css.
1365 378 1408 422 11.

298 548 391 604 movet
404 540 592 621 calanmtem,
603 564 695 627 neque
709 542 1009 627 alemannusque
1022 552 1057 607 ar
1071 541 1223 607 ostendere
1236 542 1401 607 adiectam.-

295 653 349 717 sed
371 653 494 717 inclinat
518 675 582 717 eam
602 661 637 717 at
658 654 782 719 aniadile
803 654 958 739 quoddam
981 662 1011 719 et
1031 662 1067 717 ct
1087 652 1279 739 manifestans
1300 653 1403 738 aliqua

296 764 372 829 bana
387 778 485 829 creata
500 765 636 831 ordinata
650 767 682 829 in
696 768 756 830 Dei
770 768 947 832 bonitatem:
970 776 1000 832 et
1007 789 1066 850 per
1080 766 1134 831 loc
1151 766 1292 831 inclinare
1300 774 1402 850 potest

297 876 338 940 ad
356 898 484 941 amarem
505 885 653 957 cremara,
668 878 716 943 cel
727 880 797 957 Dei,
807 901 865 963 per
882 879 997 943 modam
1014 879 1172 943 mama
1218 877 1261 941 llt
1280 878 1339 943 hoc
1353 887 1402 942 est

296 987 379 1073 quod
390 987 522 1052 diximus
536 1011 622 1053 num.
633 1011 721 1074 prmo.
734 1014 744 1068 3
767 1012 840 1054 nam
853 991 976 1055 euadere
989 998 1036 1054 est
1051 1011 1220 1075 proponere
1235 988 1350 1073 aliquid
1364 998 1401 1053 at

296 1098 423 1180 bonum,
444 1122 507 1165 non
532 1110 635 1165 tamen
662 1100 782 1165 sublata
808 1100 896 1166 alteri
921 1101 1067 1166 facultate
1090 1099 1280 1186 disquirendi
1303 1124 1342 1164 an
1367 1109 1400 1164 et

298 1212 451 1297 quomodo
466 1212 524 1277 hoc
539 1212 655 1278 bonum
670 1213 729 1277 sibi
743 1213 793 1278 hic
808 1222 840 1278 et
854 1234 938 1277 nunc
952 1212 1122 1291 conveniat,
1134 1220 1165 1275 et
1177 1210 1400 1277 determinandi

294 1332 397 1388 sctum
419 1324 502 1388 illius
519 1324 754 1409 prosecutivum.
799 1324 897 1390 Addit
916 1333 1020 1389 autem
1036 1324 1068 1389 S.
1084 1324 1220 1388 Doctorz
1243 1325 1297 1387 Ec
1309 1332 1401 1408 parte

293 1459 360 1500 aero
375 1438 467 1520 ipsias
475 1440 616 1521 potentia
629 1438 764 1503 uoluntas
777 1438 858 1501 mallo
872 1438 957 1501 moda
965 1445 1068 1520 potest
1081 1438 1200 1515 moveri,
1215 1438 1275 1501 nisi
1289 1459 1308 1499 a
1321 1438 1400 1503 Deo.

297 1548 437 1632 Operatio
452 1552 528 1613 enim
541 1550 700 1615 uoluntatis
714 1558 758 1615 est
772 1551 926 1615 inclinatio
940 1552 1071 1635 quadam
1084 1550 1208 1615 conatis
1221 1552 1253 1613 in
1266 1551 1399 1615 volitum.

294 1662 383 1725 Hanc
404 1670 501 1726 autem
522 1648 737 1727 inclinativam
758 1663 838 1727 colas
859 1664 909 1727 ille
930 1672 1044 1727 matare
1059 1670 1172 1746 potest,
1189 1665 1241 1747 qai
1261 1665 1399 1726 uirtutem

293 1774 407 1837 echini
428 1782 568 1840 nectara
587 1774 730 1839 contulit:
753 1777 831 1840 sicat
848 1783 878 1839 et
892 1776 1057 1841 naturalem
1071 1775 1290 1840 inclinationem
1303 1774 1398 1840 solam

293 1886 369 1950 illud
389 1908 478 1971 apere
492 1895 594 1971 potest
614 1893 736 1966 matare,
752 1888 832 1973 qaod
846 1894 948 1971 potest
967 1888 1037 1950 dare
1056 1888 1202 1966 maten,
1219 1910 1307 1973 qaam
1326 1908 1396 1951 can·

291 2001 424 2083 sequitur
437 1999 588 2062 inclinatio
603 1998 759 2062 naturalis.
806 1999 894 2063 Solae
908 2007 1005 2063 aetem
1016 1999 1100 2062 Deae
1113 2006 1158 2062 est
1172 2001 1224 2083 qai
1232 2001 1396 2083 potentiam

292 2112 406 2175 eoladi
429 2112 532 2175 tribuit
555 2119 705 2189 creatara,
721 2113 791 2196 qaia
814 2113 877 2195 ipsa
898 2112 980 2175 solas
998 2118 1043 2174 est
1065 2118 1169 2174 auctor
1188 2108 1397 2174 intellectualis

291 2231 413 2287 natare.
463 2224 545 2287 Unde
573 2223 693 2306 anqelns
720 2224 898 2286 volantatem
927 2222 1050 2287 alterins
1072 2244 1183 2286 moene
1208 2245 1266 2286 non
1283 2229 1394 2306 potest.

291 2334 369 2412 Quae
391 2334 482 2399 verba
507 2333 706 2418 intelligenda
731 2343 805 2398 sunt
828 2335 867 2398 de
888 2333 1045 2399 voluntate
1070 2343 1163 2418 prout
1186 2341 1233 2397 est
1257 2334 1395 2419 potentia

290 2446 396 2528 activa,
409 2469 470 2511 uon
482 2455 573 2532 prout
585 2454 631 2511 cst
641 2445 777 2532 passiva:
801 2470 873 2512 uum
883 2448 1043 2533 passivitas
1055 2446 1186 2526 volitivs,
1198 2470 1253 2512 sca
1267 2446 1393 2512 affectus

290 2569 457 2645 spontanea
475 2559 665 2645 receptivitas
684 2559 723 2623 ab
745 2560 813 2644 ipso
833 2559 950 2624 obiecto
970 2568 1129 2624 movetur:
1152 2559 1192 2623 ad
1206 2559 1391 2624 mtivitntem

289 2681 391 2737 eutem
403 2673 568 2737 voluntatis
579 2671 712 2757 pertinet
722 2671 903 2752 consentire,
913 2672 961 2737 vel
973 2672 1134 2736 dissentire
1143 2672 1371 2759 motuirecepto
1383 2697 1392 2737 ι

288 2792 320 2849 et
334 2784 391 2848 hoc
405 2793 452 2848 est
467 2783 550 2869 quod
566 2785 597 2848 S.
613 2783 746 2848 Thomas
761 2783 835 2848 dicit
850 2785 991 2849 inclinare
1004 2804 1035 2846 se
1049 2784 1082 2847 in
1095 2784 1226 2848 volitum.

332 2899 384 2960 50.
408 2894 564 2972 Quaeritur
594 2894 832 2980 decimoquinto,
854 2919 893 2959 aa
922 2904 951 2959 et
980 2895 1121 2978 quomodo
1149 2897 1273 2978 spiritns
1291 2898 1390 2979 parsit

288 3030 400 3072 movere
415 3029 547 3090 corpora.

331 3119 512 3203 Respondeo
534 3125 672 3182 constare
693 3140 729 3181 cx
749 3117 890 3202 pluribus
911 3116 1000 3181 facus
1017 3125 1085 3180 tum
1105 3115 1241 3202 antiquis
1259 3123 1327 3180 tum
1342 3139 1387 3180 re-

288 3228 481 3307 centioribus,
499 3229 641 3314 spiritum
658 3251 746 3314 posse
761 3251 881 3293 movere
896 3251 1032 3313 corpora.
1076 3228 1118 3292 Et
1133 3228 1258 3314 quidem
1272 3236 1340 3291 tam
1354 3227 1387 3291 in

287 3341 390 3419 veteri,
408 3347 477 3403 tum
506 3339 538 3402 in
562 3361 641 3403 novo
662 3339 858 3403 Testamento
876 3339 990 3423 passim
1014 3338 1213 3403 inveniuntur
1238 3337 1388 3403 eiusmodi

284 3450 473 3516 narrationes
496 3450 645 3515 debonis
668 3450 714 3515 vel
734 3449 822 3513 melis
845 3450 963 3534 angelis
986 3473 1112 3534 corpora
1133 3451 1335 3531 moventibus,
1351 3460 1387 3515 ut

284 3564 394 3649 cuique
416 3572 524 3628 notum
547 3573 611 3628 est:
635 3563 667 3626 in
690 3563 909 3627 recentioribus
930 3572 1034 3628 autem
1051 3563 1321 3648 spiritualisterum
1335 3587 1387 3628 ex-

284 3677 440 3764 perientiis
460 3677 602 3762 (quarum
623 3675 762 3761 plurimae
777 3675 891 3761 ubsque
907 3675 1000 3742 dubio
1015 3686 1089 3741 sunt
1103 3677 1184 3741 laets
1197 3676 1299 3756 realia,
1315 3676 1386 3742 licet

283 3790 421 3876 quaedam
436 3789 565 3855 fortusse
578 3813 633 3874 per
646 3788 782 3854 fraudem
799 3797 830 3852 et
845 3788 1038 3853 menducium
1052 3790 1255 3874 amplificetae)
1270 3790 1387 3854 scimus

281 3901 396 3966 moveri
413 3922 461 3965 rer
481 3900 652 3965 materiales
673 3923 691 3964 a
709 3900 880 3965 substantia
895 3899 996 3984 aliqua
1009 3899 1209 3966 intellectuali
1223 3900 1384 3965 ordinante

281 4026 384 4079 motus
397 4014 495 4078 varios
515 4013 679 4099 productos
701 4012 740 4076 ed
762 4012 996 4096 significandum
1020 4012 1135 4098 aliquid
1156 4012 1193 4077 de
1208 4035 1270 4098 quo
1284 4013 1320 4078 fit
1335 4013 1382 4076 in-

281 4127 455 4212 terrogatio,
471 4150 499 4192 v.
514 4149 563 4211 gr.
578 4125 616 4190 de
630 4132 718 4189 aetate
736 4123 864 4188 alicuius
881 4126 1049 4208 praesentis,
1066 4125 1104 4189 de
1123 4149 1261 4206 numero,
1278 4127 1326 4191 vel
1343 4127 1381 4190 de

279 4239 347 4304 eliis
372 4239 462 4304 rebus
486 4237 632 4303 occultis:
667 4236 704 4301 de
727 4258 788 4320 qua
814 4258 846 4299 re
872 4234 941 4300 vide
964 4236 1127 4301 modernos
1152 4238 1325 4323 scriptores,
1350 4247 1382 4302 et

283 4353 462 4416 civilitatem
487 4350 659 4416 catholicam
681 4349 714 4412 in
740 4348 881 4432 pluribus
904 4349 990 4414 locis.
1035 4348 1141 4426 Quum
1164 4373 1238 4436 ergo
1262 4363 1382 4416 constet
