3200 4975
226 344 298 388 car.
315 325 370 408 ra]
673 350 716 392 us
734 350 880 394 scurae.
1266 327 1330 389 207

269 508 321 570 61.
346 507 447 572 Tertia
461 507 589 573 facultas
604 510 737 574 hominis
752 511 832 573 inter
852 510 1073 593 cognoscitivas
1087 519 1133 572 est
1147 508 1328 571 recordativa

225 626 292 680 tum
314 619 514 698 sensibilium,
530 630 597 683 tum
615 620 875 703 intelligibilium:
899 621 963 684 haec
978 632 1079 684 autem
1101 620 1238 683 continet
1252 619 1328 682 tris:

224 732 405 807 retentivum,
420 734 621 810 revocativum,
636 735 853 814 recopaitivam.

224 917 301 960 actus
313 907 484 979 inadoequate
496 909 662 982 percipiendi
673 927 730 964 rem
742 911 772 963 in
789 917 887 965 natura
898 909 1061 965 existentem
1073 914 1101 963 et
1117 907 1224 962 realiter
1235 907 1329 979 impri-

223 1001 344 1049 mentem
361 996 478 1067 speciem
495 997 524 1050 in
537 997 694 1070 passivitate
712 999 906 1070 cognoscentis,
920 997 967 1069 qui
984 1003 1060 1052 actus
1078 1014 1182 1068 semper
1193 994 1328 1068 possibilis

223 1087 272 1150 est,
282 1083 390 1153 quando
402 1083 537 1138 obiectum
546 1090 588 1138 est
598 1085 831 1156 proportionatum
843 1086 982 1156 potentiae,
992 1101 1077 1156 quum
1089 1101 1194 1155 semper
1201 1082 1328 1154 possibile

224 1168 260 1222 sit
280 1170 362 1242 defigi
381 1171 560 1225 attentionem
580 1172 610 1225 in
631 1172 735 1226 obiecto
757 1173 907 1244 composito
928 1173 1076 1227 secundum
1101 1171 1204 1242 aliquid
1221 1176 1330 1224 tanturm

223 1273 324 1325 eorum,
346 1275 407 1328 quae
428 1257 457 1310 in
478 1276 510 1311 eo
531 1276 559 1311 εθ
580 1259 761 1313 manifestant.
812 1259 858 1313 Sic
879 1260 953 1314 canis
975 1256 1098 1330 agnoseit
1117 1258 1259 1312 dominum
1279 1256 1329 1311 sub

222 1343 336 1397 diversis
346 1344 476 1413 vestibus,
489 1350 518 1398 θῖ
528 1345 594 1399 lieet
605 1345 699 1399 videat
710 1363 773 1399 eum
785 1363 891 1417 semper
902 1345 1042 1412 vestitum,
1054 1344 1123 1398 bene
1136 1349 1228 1396 tamen
1240 1341 1270 1396 in
1281 1343 1329 1397 illo

223 1431 372 1501 composite
386 1450 421 1485 ex
432 1432 553 1487 vestibus
572 1438 600 1486 θῖ
617 1433 735 1500 domino,
749 1433 901 1487 considerat
915 1434 1003 1487 solum
1018 1432 1167 1500 dominum,
1181 1429 1223 1484 cui
1237 1430 1328 1501 gestit,

221 1518 298 1571 nulla
320 1518 414 1572 habita
435 1519 554 1572 vestium
574 1519 685 1573 ratione.
722 1520 761 1573 Et
783 1520 871 1592 magis
892 1519 1088 1587 universaliter,
1107 1517 1328 1589 quotiescumque

223 1604 323 1658 animal
333 1605 417 1659 habet
433 1605 512 1676 plura
524 1604 630 1660 obiecta
641 1606 670 1659 in
683 1624 737 1659 uno
755 1605 861 1660 obiecto
873 1606 1024 1679 prasentia,
1037 1605 1113 1658 nullo
1130 1605 1212 1658 modo
1224 1604 1330 1676 cogitur

223 1691 346 1745 omnibus
357 1692 439 1745 simul
450 1693 597 1761 ostendere,
611 1693 658 1746 sed
674 1693 835 1747 naturaliter
846 1698 935 1766 potest
947 1694 1028 1764 figere
1041 1692 1220 1746 attentionem
1232 1692 1261 1746 in
1274 1710 1328 1747 amo

222 1778 314 1850 aliquo
326 1786 360 1832 ex
372 1779 442 1848 illis:
461 1785 489 1833 et
500 1780 552 1834 hoc
564 1785 606 1833 θεῖ
617 1780 771 1834 abstrahere
783 1779 913 1834 acaeteris
926 1779 1091 1852 simpliciter.

257 1866 412 1921 Secundum
421 1872 471 1936 est,
480 1868 755 1940 quodvispraecisiva
763 1873 805 1922 θεῖ
814 1868 920 1941 propria
929 1867 1013 1921 solius
1022 1866 1146 1939 principii
1156 1865 1326 1922 intellectivi.

220 1951 248 2004 N
249 1969 293 2005 am
304 1953 427 2022 praecisio
434 1953 541 2006 divellit
552 1971 635 2007 unam
646 1954 780 2007 rationem
787 1953 997 2025 cognoscibilem
1008 1952 1041 2006 ab
1053 1953 1123 2020 aliis,
1132 1969 1199 2023 quas
1210 1952 1327 2024 positive

221 2039 359 2108 excludit3
376 2040 428 2093 hoe
440 2046 531 2094 autem
545 2046 587 2094 est
598 2059 745 2113 proponere
761 2040 814 2094 sibi
826 2041 962 2095 obiectum
978 2058 1032 2093 non
1045 2039 1124 2111 quale
1144 2044 1185 2092 est
1197 2039 1225 2093 in
1237 2057 1327 2093 rerum

220 2132 318 2180 natura
337 2128 523 2196 determinate,
541 2129 589 2182 sed
608 2129 686 2200 quale
707 2130 822 2183 resultat
840 2147 874 2182 ex
893 2127 1048 2182 exclusione
1069 2127 1326 2182 determinationum

220 2214 335 2267 realium
346 2214 418 2268 iacta
429 2232 446 2268 a
456 2221 644 2286 cognoscente,
656 2216 686 2270 id
698 2221 740 2269 θεῖ
756 2215 807 2270 sub
818 2215 905 2270 forma
916 2215 1059 2288 potentiali
1070 2220 1152 2286 atque
1164 2213 1325 2268 universali:

221 2302 294 2372 quod
306 2307 347 2354 θεῖ
358 2302 477 2356 maxime
490 2303 629 2374 proprium
641 2303 806 2357 intellectus.

255 2385 378 2440 Tertium
398 2393 448 2457 est,
469 2387 542 2458 quod
564 2389 684 2460 operatio
705 2387 884 2461 componendi
904 2392 932 2441 et
951 2385 1100 2454 dividendi,
1117 2385 1200 2439 etiam
1218 2386 1326 2457 quando

219 2479 342 2528 versatur
353 2474 423 2530 eirca
434 2475 552 2530 rationes
565 2474 731 2530 obiectorum
743 2474 892 2545 sensibiles,
900 2493 955 2529 non
966 2479 1056 2547 potest
1067 2473 1126 2527 fieri
1135 2472 1238 2529 virtute
1250 2472 1325 2546 prin-

219 2559 284 2631 cipii
295 2578 361 2631 pure
370 2561 501 2615 sensitiv‘a
539 2562 585 2615 Sic
598 2580 682 2634 equus
690 2561 786 2633 nequit
797 2560 903 2634 proprie
915 2560 1043 2629 iudicare,
1053 2560 1123 2614 viam
1132 2576 1184 2613 csse
1196 2576 1324 2629 ceperani,

220 2665 283 2700 orna
295 2666 347 2701 esse
356 2667 445 2718 prave,
457 2654 486 2703 et
497 2649 604 2703 similia
640 2650 724 2703 Ratio
736 2655 786 2717 est,
799 2648 864 2719 quia
876 2648 911 2702 ad
922 2649 975 2702 hoc
991 2646 1168 2701 iudicandum
1179 2646 1326 2717 requiritur

219 2733 280 2787 idea
291 2735 396 2807 proprie
408 2735 495 2805 dicta:
513 2736 692 2809 praedicatum
703 2736 777 2790 enim
788 2736 857 2790 dicit
868 2736 983 2789 sormam
999 2734 1186 2790 universalem.
1225 2734 1279 2789 Sed
1296 2736 1326 2788 in

218 2819 305 2874 brutis
323 2822 464 2875 associatio
482 2823 703 2895 phantasmatum
718 2828 795 2876 tenet
809 2823 900 2877 locum
917 2822 1027 2890 iudicii3
1046 2822 1111 2893 quia
1127 2822 1325 2893 phantasmata,

218 2922 333 2977 quorum
353 2926 440 2961 unum
458 2909 489 2961 in
509 2909 594 2963 altero
613 2909 776 2978 continetur,
798 2910 865 2963 dant
883 2909 1019 2981 percipere
1040 2908 1176 2963 obiectum
1197 2927 1259 2963 cum
1277 2927 1326 2963 sua

218 2993 365 3063 qualitate:
385 3000 413 3048 et
424 2994 466 3049 vis
478 2996 517 3049 sic
528 2994 746 3067 apprehendendi
757 3013 841 3049 unam
858 2996 888 3049 in
899 2996 983 3049 altero
996 2995 1096 3050 dicitur
1107 2995 1150 3049 vis
1163 2996 1323 3065 aestimativa,

217 3098 266 3134 seu
283 3081 459 3135 materialiter
475 3087 584 3136 tantum
601 3082 756 3137 indicativa
793 3082 884 3136 Multo
903 3082 995 3136 minus
1012 3082 1148 3153 possibilis
1166 3087 1207 3137 θεῖ
1227 3082 1324 3137 virtuti

217 3186 284 3241 pure
302 3170 493 3240 cognoscitivae
515 3169 683 3224 sensibilium
704 3170 822 3243 operatio
839 3170 987 3238 dividendi,
1004 3189 1053 3225 seu
1072 3170 1187 3243 positive
1207 3170 1324 3241 negandi

217 3256 434 3311 convenientiam
455 3257 569 3311 duarum
592 3257 729 3311 rationum
749 3255 926 3326 sensibilium,
948 3258 1032 3311 etiam
1052 3276 1119 3329 pure
1140 3258 1321 3312 materialiter.

217 3342 300 3398 Ratio
319 3350 367 3412 est,
381 3343 446 3414 quia
460 3343 531 3397 nihil
548 3350 639 3417 potest
656 3344 836 3398 determinare
847 3346 978 3399 virtutem
994 3344 1163 3399 sensibilium
1182 3344 1322 3417 cognosci-

216 3431 303 3487 tivum
313 3432 348 3485 sd
359 3431 442 3485 talem
454 3438 553 3486 actum
590 3432 624 3484 In
633 3432 827 3503 compositione
839 3431 913 3485 enim
924 3430 1060 3485 habentur
1071 3432 1172 3503 species
1182 3432 1322 3486 sensibiles

216 3519 255 3573 sic
267 3537 295 3573 se
313 3518 479 3587 obiicientes,
492 3523 524 3571 ut
536 3519 680 3573 ostendant
696 3519 876 3573 inclmionem
888 3518 1007 3589 aliquam
1019 3518 1100 3572 unius
1117 3518 1156 3571 rei
1168 3518 1198 3571 in
1217 3520 1320 3587 eltera3

216 3606 296 3661 etsie
311 3607 371 3660 haec
383 3605 506 3674 inclusio,
519 3622 581 3677 quae
598 3611 639 3659 est
650 3606 754 3677 aliquid
768 3606 925 3678 positivum,
937 3624 1045 3661 movere
1061 3611 1152 3678 potest
1163 3624 1272 3661 sensum
1286 3607 1322 3662 ad

216 3693 432 3765 perceptionem:
458 3693 505 3746 sed
528 3693 564 3746 ad
587 3692 749 3747 divisionem
774 3692 884 3747 deberet
907 3710 1014 3747 movere
1038 3692 1270 3748 disconvenientia
1293 3699 1322 3747 et

218 3781 338 3834 exclusio
355 3780 487 3834 uniuersi
504 3780 538 3834 ab
551 3780 641 3834 altera.
678 3781 719 3833 At
737 3780 969 3834 disconvenientia
980 3780 1094 3835 duorum
1106 3785 1148 3834 est
1165 3799 1217 3834 verr
1229 3800 1281 3850 erre,
1294 3786 1322 3835 θῖ

214 3886 270 3922 11011
290 3886 338 3922 θ11ε
358 3886 413 3921 non
432 3873 525 3922 movet
543 3868 602 3923 vim
621 3867 786 3922 sensitivam.
823 3868 862 3920 Et
882 3867 944 3921 ideo
959 3867 1071 3921 brutum
1091 3868 1191 3939 poterit
1211 3868 1321 3939 quidem

215 3955 317 4027 optime
338 3955 486 4009 discernere
502 3954 595 4026 ignem
613 3954 646 4008 ab
659 3972 736 4025 aqua,
749 3958 778 4008 θῖ
793 3971 891 4026 panem
909 3972 925 4007 a
943 3972 1022 4023 saxo,
1042 3955 1160 4009 sednon
1178 3960 1321 4025 cognoscet

213 4042 266 4096 hoc
277 4060 325 4113 per
336 4047 428 4096 actum
446 4060 499 4113 quo
510 4047 593 4113 neget
601 4060 686 4094 unum
702 4041 736 4095 de
748 4041 841 4109 altero,
857 4041 934 4111 qnasi
946 4040 984 4094 sic
1001 4040 1119 4095 iudicet:
1138 4041 1180 4095 tte
1190 4041 1258 4111 tyasi
1269 4060 1321 4095 von

213 4135 251 4183 eat
267 4130 318 4182 bra
336 4147 414 4199 aqua.
426 4130 474 4182 sed
493 4146 541 4201 per
555 4128 657 4201 species
675 4127 817 4182 distinctas
834 4128 906 4199 ignis
925 4133 953 4181 et
974 4144 1051 4199 aquae
1070 4127 1237 4199 simpliciter,
1254 4146 1320 4199 quas

166 4221 168 4225 '
214 4215 309 4285 nequit
320 4214 492 4283 confundere,
505 4232 589 4285 quum
601 4214 658 4267 sint
670 4213 792 4267 diversae.

250 4307 385 4371 Quartum
404 4312 453 4376 est,
471 4306 544 4377 quud
562 4309 652 4378 potest
671 4304 701 4357 in
718 4303 805 4358 brutis
822 4320 879 4358 esse
894 4303 1042 4358 materialis
1060 4304 1185 4377 quaedam
1202 4303 1320 4358 imitatio
