3200 4975
234 399 302 441 cnr.
321 380 393 463 ιιι]
552 402 594 443 nn
611 402 812 445 sunsrnnrrr
830 402 1030 446 seminum.
1273 387 1331 448 101

233 570 367 634 Thomas
393 572 435 655 (p.
454 575 481 634 l.
499 594 530 657 q.
546 574 599 636 83.
614 594 641 636 a.
658 574 711 654 3):
745 573 919 650 Dicendum,
946 572 1056 658 inquit,
1082 575 1161 658 quod
1181 576 1336 658 proprium

233 682 318 746 tiberi
331 684 450 747 arbitrii
459 691 504 747 eet
518 684 628 747 electio.
675 685 728 748 Eu
742 686 796 748 tuoe
809 686 885 747 enim
901 684 985 749 liberi
998 686 1116 749 arbitrii
1130 708 1191 749 esee
1204 687 1337 763 dicimur,

231 793 310 877 qreod
316 816 474 878 possumus
487 818 576 858 unum
594 797 722 879 recipere
741 796 834 859 attero
852 806 995 875 remeato,
1016 798 1096 881 quod
1107 806 1150 862 eet
1165 798 1287 883 elipeum·
1310 807 1339 862 et

232 905 295 968 ideo
310 913 447 969 naturam
468 905 552 970 liberi
565 908 684 970 arbitrii
703 930 740 970 eu
759 907 896 971 electione
918 908 1099 973 comiderare
1118 918 1240 993 oportet.
1288 910 1341 972 Ad

232 1016 397 1080 electionem
419 1026 516 1081 autem
538 1020 685 1081 conmorit
705 1019 823 1101 aliquid
841 1041 878 1083 ec
891 1029 982 1101 porte
1002 1022 1153 1104 coquitivae
1166 1022 1294 1099 uirtutis,
1309 1028 1339 1083 et

231 1128 347 1211 aliquid
358 1138 488 1212 exparte
503 1130 675 1214 appetitione.
721 1129 873 1213 Euporie
884 1132 998 1214 quidem
1012 1132 1163 1215 capnitivoe
1177 1132 1338 1214 requiritur

232 1239 393 1319 consilium,
403 1263 460 1323 per
477 1241 557 1324 quod
575 1240 751 1305 diiudicetur
765 1240 839 1324 quid
853 1243 893 1305 eit
915 1242 1003 1306 alteri
1017 1242 1238 1326 preferendum.
1284 1243 1337 1307 Ec

227 1358 316 1435 pute
330 1359 428 1415 autem
443 1353 609 1435 appetitiva
621 1353 783 1435 requiritur
797 1352 877 1435 quod
893 1337 1053 1437 appetendo
1075 1362 1239 1438 acceptetur
1261 1355 1341 1437 quod

227 1485 284 1547 pm
298 1463 450 1527 consilium
468 1463 666 1527 diiudicatur:
689 1472 719 1528 et
732 1464 796 1528 ideo
812 1456 989 1529 Aristonus
1008 1465 1061 1529 rub
1081 1466 1168 1529 dubio
1186 1465 1336 1549 relinquit,

232 1582 330 1638 utrum
345 1574 545 1659 principalius
555 1578 706 1660 pertineat
720 1575 822 1639 electio
837 1576 878 1638 ud
889 1577 948 1640 uim
967 1578 1155 1661 appetitivum
1169 1576 1216 1641 uel
1228 1577 1269 1640 ud
1279 1579 1337 1639 uim

232 1688 414 1770 capnitivam.
460 1689 545 1751 Dicit
559 1688 634 1750 enim
649 1686 729 1771 quod
740 1686 841 1751 electio
855 1686 903 1750 uel
915 1696 958 1751 eat
973 1688 1135 1752 intellectus
1148 1688 1336 1771 appetitione,

232 1798 279 1861 uel
298 1801 446 1882 appetitus
467 1799 668 1862 intellectione.
716 1798 779 1861 Sed
797 1800 830 1861 in
848 1801 879 1861 3.
896 1799 971 1862 Etit.
984 1822 1009 1864 c.
1025 1802 1048 1862 3
1062 1801 1094 1862 in
1108 1801 1163 1863 icoc
1176 1800 1270 1883 mupie
1288 1799 1336 1862 de-

231 1910 332 1989 eiinat,
349 1910 428 1993 quod
439 1911 479 1973 sit
493 1912 640 1993 appetitus
654 1908 856 1988 intellectione,
877 1911 1029 1974 nominans
1048 1910 1212 1975 electionem
1226 1910 1337 1973 deside·

231 2023 307 2084 rinm
330 2021 518 2085 conciliabile.
564 2021 610 2083 Et
633 2022 719 2085 hacine
745 2023 825 2085 ratio
851 2028 903 2099 est,
930 2023 1000 2104 quia
1020 2024 1173 2106 proprium
1196 2022 1337 2085 obiectum

232 2134 380 2197 electionis
399 2140 443 2196 est
461 2132 545 2210 iilud,
566 2133 644 2215 quod
664 2140 708 2196 eet
725 2132 767 2195 ud
778 2133 880 2216 finem.
927 2133 995 2196 Hoc
1017 2141 1123 2211 autem,
1145 2135 1177 2196 in
1197 2140 1338 2216 quantum

231 2246 403 2323 tuiuunodi,
418 2245 505 2308 tabet
523 2245 666 2308 rationem
687 2244 865 2327 deniqueret
883 2244 992 2309 dieitur
1012 2244 1094 2307 utile.
1145 2245 1227 2307 Unde
1248 2266 1337 2328 quum

231 2360 335 2420 bonum
349 2358 381 2419 in
395 2364 536 2439 qnantum
550 2355 721 2433 tuiuemodi,
735 2357 776 2418 eit
790 2356 931 2419 obiectum
946 2357 1101 2439 appetitus,
1117 2356 1249 2437 seqnitur
1260 2354 1339 2439 quod

232 2468 331 2533 electio
345 2471 386 2532 eit
394 2468 603 2552 principaliter
619 2475 703 2531 actm
725 2468 890 2551 oppetitivoe
911 2468 1038 2532 uirtutis.
1089 2468 1130 2530 Et
1152 2468 1195 2530 sic
1217 2466 1336 2532 liberum

232 2581 385 2644 arbitrium
400 2589 444 2644 eet
458 2582 617 2664 appetitiva
625 2582 771 2662 potentio.

277 2695 328 2757 77.
352 2690 507 2768 Quueritur
521 2689 739 2768 decimotertio,
763 2713 802 2753 an
824 2692 856 2753 in
874 2691 1012 2754 notitione
1029 2691 1119 2754 tibere
1134 2692 1268 2754 voluntas
1287 2692 1336 2754 de-

232 2806 403 2869 terminetur
410 2825 470 2888 per
484 2804 622 2867 indicium
631 2805 807 2887 practicam.
1012 2883 1014 2890 y

276 2915 466 3000 Respondeo,
485 2913 564 2978 hanc
581 2935 646 2977 esse
666 2912 845 2976 Bellarmini
867 2914 1051 2977 sententiam
1072 2913 1123 2976 ubi
1145 2915 1209 2996 egit
1225 2915 1262 2978 de
1277 2915 1334 2978 hu-

232 3049 323 3091 mana
347 3025 497 3104 libertate,
522 3024 560 3089 ub
584 3024 651 3089 eliis
670 3033 775 3088 tamen
797 3033 834 3088 ut
856 3024 1022 3109 plurimum
1044 3024 1237 3104 derelictam,
1263 3027 1335 3110 quia

232 3161 294 3202 non
310 3139 383 3202 satis
403 3137 536 3201 salvatur
555 3135 690 3214 libertas,
706 3135 732 3198 si
746 3134 888 3200 voluntas
905 3135 1125 3200 determinetur
1141 3159 1334 3221 quacumque

231 3250 348 3314 ratione
362 3248 565 3332 recognitione
578 3246 697 3311 obiecti.
744 3246 806 3310 Sed
820 3255 906 3331 puto,
918 3247 1074 3311 veritatem
1084 3269 1149 3311 esse
1164 3248 1245 3311 inter
1259 3249 1334 3312 dues

231 3362 287 3424 has
302 3361 478 3439 sententias,
494 3367 525 3423 et
539 3357 703 3424 dicendum
720 3381 786 3421 esse
800 3357 884 3442 quod
898 3357 1039 3422 volantes
1058 3380 1122 3422 ιιοιι
1139 3360 1262 3444 quidem
1281 3360 1333 3423 de-

231 3473 376 3537 terminat
391 3472 522 3557 seipsam
544 3491 599 3554 ρει
616 3469 762 3534 iudicium
777 3468 956 3554 practicam,
972 3469 1025 3533 sed
1041 3469 1223 3535 determinet
1237 3485 1334 3535 mute-

232 3585 305 3648 riale
325 3583 476 3648 volitionis
495 3582 608 3661 liberae,
628 3581 711 3665 quod
730 3579 902 3664 completur
921 3581 954 3645 in
976 3603 1041 3644 esse
1063 3591 1150 3646 aetus
1167 3583 1334 3646 formaliter

230 3695 317 3760 liberi
339 3719 394 3780 per
415 3696 473 3759 hoe
496 3694 577 3778 quod
601 3693 741 3757 voluntas
763 3714 832 3756 eum
856 3691 1044 3756 advertentis
1064 3693 1096 3756 in
1114 3694 1232 3758 obiecto
1247 3703 1333 3768 actus

232 3808 280 3872 sui
294 3807 499 3893 conquiescat,
514 3828 576 3870 non
592 3812 683 3868 utens
702 3804 857 3883 facultate,
878 3826 970 3889 quam
986 3804 1079 3868 habet
1094 3805 1132 3869 ad
1147 3806 1332 3890 oppositum,

232 3921 311 3985 sicut
334 3917 554 3984 declarabimus
578 3917 610 3980 in
635 3925 781 4000 sequente
810 3924 952 3993 tractatu,
983 3915 1101 3999 egendo
1132 3916 1169 3980 de
1198 3917 1332 3982 humanu

228 4033 378 4098 libertate.

274 4144 345 4221 Quo
369 4155 471 4208 autem
496 4150 584 4227 pecto
609 4139 750 4204 voluntas
780 4138 961 4203 determinet
990 4138 1144 4202 materiale
1173 4139 1221 4202 sui
1246 4151 1333 4205 uetus

230 4256 326 4336 liberi,
343 4266 374 4320 et
389 4255 512 4340 quidem
528 4252 631 4332 libere,
652 4252 694 4315 sic
709 4249 851 4335 explicari
871 4259 982 4335 potest.
1029 4248 1144 4314 Habita
1158 4251 1332 4335 cognitione

229 4368 339 4433 obiecti
363 4366 516 4451 eligibilis,
540 4366 587 4429 vel
610 4363 755 4448 plurium,
779 4371 812 4425 et
837 4371 903 4425 ortu
931 4361 1130 4446 impressione
1156 4362 1186 4424 in
1212 4363 1332 4441 affectu,
