3200 4975
295 340 360 403 348
695 360 737 405 nn
752 360 1007 405 uccrnnurrnus.
1241 342 1324 425 [cnr.
1344 360 1400 403 111.

295 527 434 615 quaedam
450 528 690 609 disconveniant,
705 528 799 593 huius
821 528 865 593 rei
880 551 972 593 causa
986 527 1071 591 nulla
1093 527 1234 607 eliserit,
1249 527 1308 591 nisi
1328 530 1403 613 quia

294 640 524 705 conveniuntur
537 663 671 705 mensura
686 640 734 704 vel
750 638 1005 705 disconveniunt:
1029 642 1064 704 3⁰
1078 641 1151 725 qnia
1165 640 1227 704 duo
1242 663 1310 726 quae
1327 662 1401 704 eon-

294 752 422 817 veninnt
444 753 615 836 quantitate
633 760 764 836 possunt
786 749 996 815 disconvenire
1018 750 1165 836 qualitate
1179 761 1210 815 et
1225 752 1289 815 viee
1303 773 1399 829 versa,

294 873 331 928 ιιι
356 886 384 927 ι.
405 886 453 947 gr.
471 863 590 948 sphaera
614 872 646 927 et
671 862 769 927 cubus
794 862 921 948 aequalis
944 862 1118 947 capacitatis
1129 889 1138 943 3
1162 872 1193 927 et
1215 864 1258 927 sic
1280 872 1400 948 oportet

293 975 533 1041 convenientiam
557 975 591 1037 in
616 974 798 1059 quantitate,
820 997 874 1039 seu
896 975 1111 1060 aequalitatem,
1129 998 1267 1059 separare
1290 999 1307 1039 a
1327 998 1399 1039 con-

294 1086 447 1151 venientia
467 1086 500 1150 in
530 1085 687 1171 qualitate,
712 1108 752 1151 ne
777 1086 958 1151 confusione
987 1088 1147 1151 nominum
1171 1087 1401 1151 confundantur

294 1207 468 1284 conceptus.

338 1310 404 1374 Nec
419 1308 499 1373 valet
520 1306 629 1386 (licere,
644 1307 729 1393 qnod
751 1308 809 1373 sub
832 1330 976 1373 mensura
993 1317 1024 1373 et
1043 1310 1239 1374 mensurabili
1261 1310 1400 1375 collocari

293 1421 384 1486 debet
398 1420 513 1501 relatio,
529 1443 589 1505 qua
612 1420 740 1485 scientia
755 1420 877 1505 respicit
901 1443 990 1485 suum
1006 1421 1158 1486 obiectum
1174 1432 1210 1485 ιιι
1225 1437 1399 1486 mensuram

293 1557 356 1598 suae
380 1533 668 1619 perfectionisque
691 1533 897 1618 exemplatum
924 1534 1046 1618 respicit
1073 1556 1162 1597 suum
1187 1535 1347 1618 exemplar,
1369 1544 1400 1598 et

293 1645 460 1729 generatim
476 1666 566 1710 omne
581 1644 788 1729 specificatum
799 1644 923 1729 respicit
939 1667 1030 1708 suum
1047 1646 1292 1730 specificativum.
1317 1646 1400 1709 Nam

293 1757 341 1821 hae
355 1756 517 1821 relationes
532 1766 605 1819 sunt
620 1756 912 1836 transcendentales,
927 1778 991 1820 non
1004 1757 1292 1841 praedieamentales.
1333 1759 1400 1822 Nec

293 1868 372 1932 valet
396 1869 505 1949 dicere,
533 1868 617 1952 quod
643 1869 669 1932 si
695 1890 839 1932 mensura
862 1876 893 1932 et
919 1868 1124 1933 mensurabile
1150 1869 1336 1953 accipiantur
1361 1870 1400 1933 de

293 1977 473 2063 quantitate,
489 1978 641 2042 inutiliter
662 1988 795 2063 ponetur
815 1977 900 2042 aliud
919 2000 1028 2062 genus,
1043 1978 1097 2064 qui
1117 1978 1229 2043 dicitur
1246 1980 1348 2044 unitas
1367 1991 1400 2044 et

292 2111 448 2153 numerus.
494 2090 576 2153 Nam
606 2090 708 2154 unitas
733 2099 765 2154 et
794 2112 942 2154 numerus
968 2112 1031 2155 non
1056 2091 1223 2176 respiciunt
1249 2093 1347 2176 magis
1367 2102 1401 2156 et

294 2201 406 2281 miuus,
428 2201 482 2265 sed
503 2200 705 2265 identitatem.
722 2210 752 2266 et
776 2202 1023 2282 distinctionem,
1047 2226 1151 2287 quum*
1171 2203 1342 2269 substantia
1363 2214 1400 2267 ut

293 2312 335 2375 sic
351 2334 411 2375 non
429 2311 524 2396 possit
539 2335 605 2413 esse
619 2312 854 2377 fundamentum
871 2312 1026 2377 relationis
1040 2314 1073 2376 in
1082 2321 1085 2325 '
1094 2314 1192 2397 specie
1207 2315 1399 2399 quantitatis,

336 2428 389 2490 52.
414 2424 565 2504 Secund0,
592 2424 674 2511 quod
703 2425 814 2490 attinet
845 2425 884 2490 ad
914 2433 1046 2511 quatuor
1075 2447 1186 2510 genera
1215 2426 1397 2492 relationum

292 2537 538 2617 extrinsecarum,
554 2537 655 2601 notari
672 2546 784 2623 potest,
801 2537 883 2622 quod
902 2537 1037 2621 primum
1060 2560 1157 2622 genus
1179 2538 1343 2604 fundatum
1366 2543 1400 2604 in

292 2671 381 2712 causa
398 2650 541 2712 communi
555 2648 628 2713 dicit
650 2648 828 2712 relationem
850 2649 981 2712 duorum
1003 2649 1177 2731 effectuum,
1193 2651 1226 2726 in
1245 2661 1397 2737 quantum

292 2768 365 2823 sunt
383 2759 508 2823 effeetus
530 2759 665 2824 eiusdem
687 2781 795 2838 causae,
811 2781 865 2822 seu
887 2759 919 2822 in
944 2769 1094 2845 quantum
1113 2785 1169 2847 per
1190 2785 1256 2827 cam
1275 2786 1398 2828 causam

291 2880 525 2936 connectuntur.
572 2873 622 2936 Sic
644 2872 725 2936 inter
739 2871 818 2935 filios
839 2871 975 2936 eiusdem
996 2874 1091 2956 patris
1114 2873 1204 2938 datur
1218 2875 1325 2940 relatio
1347 2895 1397 2940 ex·

292 2983 422 3047 trinseea
436 2983 655 3062 fraternitatis3
678 3005 741 3047 non
756 2984 838 3047 enim
853 2983 930 3048 alter
945 2984 984 3047 ad
999 2984 1128 3048 alterum
1144 2987 1274 3050 refertur
1288 2987 1396 3052 imme-

292 3095 373 3158 diate
394 3117 449 3179 per
467 3094 590 3180 aliquod
609 3095 691 3159 idem
713 3095 836 3180 utrique
856 3095 1066 3176 intrinsecum,
1082 3120 1179 3182 quum
1201 3099 1307 3164 filiatio
1327 3123 1395 3185 quae

291 3216 337 3270 est
352 3207 475 3292 utrique
490 3208 655 3270 intrinseca
667 3229 731 3270 non
750 3207 879 3271 sufficiat
895 3215 930 3270 ut
945 3208 988 3271 sic
1003 3208 1042 3272 ad
1062 3209 1239 3273 relationem
1254 3211 1394 3274 fraterni-

290 3319 362 3380 tatis
371 3345 381 3396 3
405 3340 492 3381 secus
512 3319 662 3382 sufficeret
682 3341 748 3382 esse
762 3318 861 3383 fflium
877 3319 917 3383 ιιι
936 3320 994 3383 hoc
1008 3328 1044 3383 ιιι
1066 3320 1135 3405 quis
1150 3320 1190 3385 sit
1207 3322 1318 3388 frater:
1342 3324 1396 3388 sed

289 3450 344 3512 per
358 3428 437 3492 illud
451 3430 530 3492 finnt
545 3430 663 3507 fratres,
673 3451 728 3514 per
742 3429 826 3514 quod
841 3452 945 3494 eorum
960 3433 1133 3516 respectiva
1144 3432 1305 3498 filiationes
1321 3444 1394 3499 sunt

289 3540 328 3603 ab
347 3539 452 3604 codem
468 3551 572 3625 patre3
595 3541 678 3605 unde
693 3540 828 3606 formalis
850 3543 928 3606 ratio
943 3543 1141 3608 fraternitatis
1161 3553 1208 3608 est
1223 3545 1255 3608 in
1275 3547 1394 3612 unitate

289 3650 404 3737 patris:
427 3652 485 3716 hoc
500 3659 603 3715 autem
614 3652 852 3719 fundamentum
866 3661 913 3718 est
928 3653 1131 3719 extrinsecum
1142 3654 1288 3720 fratribus
1300 3665 1394 3722 mate-

288 3763 403 3829 rialiter
414 3763 620 3828 consideratis.
655 3765 694 3828 In
706 3765 841 3829 secundo
852 3788 973 3850 genere,
983 3789 1018 3830 ex
1029 3767 1253 3853 comparatione
1263 3769 1393 3834 duarum
1417 3754 1420 3760 ¹

289 3876 497 3941 ubieationnm
528 3876 696 3941 secundum
727 3877 811 3962 quod
834 3878 969 3943 existunt
998 3879 1031 3942 in
1055 3880 1159 3944 eadem
1189 3880 1394 3949 immensitate

288 3987 389 4071 spatii,
405 3989 503 4052 oritur
524 3987 631 4051 relatio
651 3987 829 4068 extrinseca,
848 3999 981 4074 quaeest
999 3990 1046 4053 vel
1069 3990 1221 4056 distantiae
1243 3993 1290 4057 vel
1310 3994 1393 4059 coin-

244 4174 249 4182 ,
288 4099 437 4163 cidentiae.
482 4100 539 4162 nst
560 4107 662 4163 autem
687 4100 864 4180 extrinseca,
881 4101 953 4186 quia
973 4101 1207 4168 fundamentum
1231 4127 1285 4189 per
1310 4107 1393 4191 quod

210 4272 216 4284 ‚
289 4231 385 4271 unum
401 4211 452 4273 ubi
465 4209 504 4273 ιιι
527 4209 611 4274 aliud
625 4210 765 4290 refertur,
782 4234 844 4276 non
867 4213 960 4276 estin
983 4213 1057 4299 ipsis
1072 4216 1132 4294 obi,
1148 4237 1216 4301 quae
1238 4216 1393 4282 evidenter

288 4319 410 4384 nullum
432 4320 590 4385 continent
609 4321 761 4405 spatium,
769 4347 865 4408 quum
885 4324 947 4389 sint
967 4324 1123 4389 inextensa
1134 4353 1143 4406 3
1168 4349 1260 4411 quare
1283 4328 1392 4395 funda-
