3200 4975
245 338 317 382 can.
335 318 406 403 ιιι]
481 404 485 411 ι
683 340 726 382 nu
743 340 891 385 nostrus.
1282 320 1344 383 285
1381 372 1386 381 .

245 507 401 591 rumpitur
418 530 534 587 sensus,
550 516 581 571 et
601 507 644 570 sic
663 507 742 571 nihil
764 508 896 591 amplius
914 514 1015 591 potest
1029 506 1167 592 exigere:
1190 516 1257 570 tum
1273 508 1345 592 quia

244 617 397 683 obiectum
412 619 567 703 appetitus
581 640 657 703 pure
671 618 808 682 sensitivi
821 626 868 681 est
883 617 1119 681 determinatum
1129 618 1161 681 in
1171 618 1346 702 cognitione

245 751 299 813 per
314 732 362 793 dic
383 738 413 793 ct
434 754 520 808 nanc,
536 739 567 793 et
590 730 632 794 sic
654 729 761 814 nequit
781 728 832 793 hio
853 728 978 793 inferior
999 729 1153 813 appetitus
1174 728 1283 794 elevari
1305 729 1345 793 ad

245 840 479 905 desiderandum
501 840 627 919 bonum,
643 839 726 925 quod
749 840 789 902 sit
809 862 901 923 supra
915 861 1007 903 omne
1021 847 1152 923 tempus.
1199 840 1259 904 Sed
1273 842 1346 926 quia

243 954 277 1015 in
292 953 417 1017 homine
431 954 585 1038 appetitus
599 951 723 1016 inferior
737 974 808 1016 cum
824 951 977 1036 superiore
991 951 1199 1035 coniungitur,
1215 961 1245 1016 et
1260 953 1344 1037 quod

245 1064 379 1128 inferiori
400 1064 580 1128 naturaliter
601 1062 752 1141 convenit,
775 1063 809 1127 id
830 1063 922 1127 etiam
945 1086 963 1127 a
988 1064 1142 1148 superiore
1164 1064 1345 1127 naturaliter

244 1175 440 1261 approbatur,
455 1183 487 1240 et
508 1176 581 1261 quia
599 1174 732 1240 vicissim
753 1176 833 1239 actio
854 1174 1011 1259 pertinens
1033 1174 1073 1239 ad
1094 1174 1230 1240 ordinem
1253 1176 1344 1240 ratio·

245 1288 345 1352 nalem
359 1310 423 1352 non
438 1288 474 1352 fit
488 1288 554 1351 sinc
569 1287 671 1371 aliquo
685 1295 783 1366 motu,
799 1286 862 1351 sive
876 1286 1077 1372 praecedente,
1093 1287 1154 1351 aive
1168 1287 1342 1367 resultante,

245 1400 277 1464 iu
300 1408 386 1485 parte
408 1398 552 1463 sensitiva
559 1423 569 1477 ;
591 1398 665 1461 hinc
686 1394 774 1461 facile
796 1420 894 1461 unum
917 1419 986 1462 cum
1006 1397 1101 1461 altero
1116 1398 1343 1477 confundimus,

244 1509 454 1574 attribuimus
475 1506 653 1593 simpliciter
667 1507 779 1571 animae
794 1507 978 1573 desiderium
997 1507 1071 1572 boni
1089 1516 1157 1572 tum
1177 1509 1344 1593 spiritualis

245 1631 313 1685 tum
335 1620 507 1707 corporalis,
531 1620 597 1684 sine
619 1618 832 1685 distinctione:
863 1626 896 1685 et
917 1642 953 1683 ex
974 1618 1033 1683 boc
1055 1619 1153 1683 oritur
1181 1619 1343 1685 difficultas

243 1733 408 1819 proposita.
452 1731 619 1798 Distinctio
634 1753 704 1794 vcro
719 1730 845 1794 omuino
859 1730 1027 1795 necessaria
1043 1739 1111 1809 est3
1133 1752 1207 1795 nam
1226 1731 1344 1796 deside·

242 1821 322 1908 rium
338 1844 410 1909 boni
425 1844 591 1930 spiritualis
606 1843 807 1908 indeficientis
821 1841 1019 1907 tribuendum
1035 1851 1081 1907 est
1097 1843 1208 1906 auimae
1227 1843 1344 1908 ratione

244 1978 309 2019 suae
333 1954 516 2019 substantiae
540 1963 572 2019 et
594 1963 745 2033 essentrae,
772 1952 955 2018 desiderium
980 1976 1049 2018 vero
1079 1954 1152 2018 boni
1181 1954 1345 2040 corporalis

245 2068 463 2152 cuiuscumque
477 2066 677 2131 tribuendum
692 2078 739 2129 est
754 2065 866 2131 animae
880 2066 997 2130 ratione
1011 2066 1234 2147 terminationis
1251 2089 1344 2152 quam

243 2178 336 2243 habet
357 2179 396 2244 ad
411 2201 530 2264 corpus.
576 2178 678 2241 Prima
693 2200 767 2260 ergo
789 2176 946 2241 tendentia
963 2187 1010 2242 est
1032 2176 1172 2242 absoluta
1192 2188 1223 2243 et
1246 2179 1345 2242 infru-

244 2290 385 2371 strabilis,
401 2290 535 2355 secunda
549 2300 596 2353 est
610 2290 818 2376 hypothetica,
834 2298 864 2353 ct
879 2288 1062 2353 frustrabilis
1077 2312 1131 2374 per
1146 2290 1344 2355 cessationem

241 2403 429 2490 hypothesis.
473 2404 515 2467 Et
534 2402 612 2479 ideo,
628 2402 702 2465 dum
724 2402 826 2465 anima
846 2408 891 2465 est
914 2401 948 2465 in
971 2423 1105 2488 corpore,
1121 2401 1278 2468 tendentia
1303 2402 1343 2467 ad

241 2516 357 2581 bonum
377 2514 511 2599 corporis
532 2522 579 2578 est
601 2513 759 2592 naturalis,
775 2523 807 2576 et
829 2513 938 2577 durare
958 2512 1058 2594 debet,
1074 2513 1148 2577 dum
1164 2514 1254 2578 durat
1269 2515 1343 2578 unio

242 2651 312 2693 cum
338 2648 461 2711 corpore
490 2627 564 2708 (non
590 2635 694 2690 tamen
720 2634 767 2689 est
796 2624 954 2689 tendentia
983 2627 1096 2690 auimae
1125 2627 1260 2711 praecise,
1289 2627 1344 2691 sed

242 2738 408 2819 hominis):
431 2737 543 2801 sivero
565 2736 667 2801 anima
688 2745 785 2801 cessat
800 2759 865 2800 esse
887 2736 975 2800 unita
996 2758 1067 2800 cum
1089 2759 1223 2821 corpore,
1239 2740 1343 2804 statim

243 2849 334 2913 etiam
351 2847 481 2914 cessabit
495 2847 654 2912 tendentia
667 2846 706 2910 ad
720 2847 802 2912 bona
816 2847 991 2932 corporalia,
1007 2856 1151 2912 manente
1166 2847 1230 2913 sola
1251 2871 1343 2934 appe-

241 2960 350 3025 titione
379 2959 593 3045 spiritualium,
623 2967 700 3043 quae'
721 2958 829 3043 nequit
855 2981 980 3037 cessare,
1005 2959 1076 3043 quia
1105 2959 1207 3023 anima
1236 2960 1343 3045 nequit

243 3073 375 3156 separari
390 3095 409 3135 a
423 3074 530 3156 seipsa.
578 3071 655 3135 Haec
669 3092 743 3154 ergo
757 3078 805 3133 est
822 3070 909 3146 ratio,
926 3093 980 3134 cur
1001 3070 1184 3136 desiderium
1204 3072 1343 3137 naturale

242 3183 316 3246 boni
345 3182 508 3267 corporalis
536 3182 678 3246 frustrari
706 3190 817 3267 potest,
842 3203 905 3246 nou
927 3191 1030 3246 autem
1056 3181 1240 3247 desiderium
1267 3184 1341 3249 boni

243 3295 408 3379 spiritualis
422 3294 633 3358 indeficientis.

285 3406 348 3482 Qui
362 3428 432 3470 vero
455 3404 571 3483 dicunt,
588 3405 720 3469 animam
744 3414 912 3490 separatam
929 3428 993 3471 esse
1008 3405 1210 3472 substantiam
1221 3407 1341 3472 incom-

239 3517 364 3603 pletam,
379 3539 442 3581 non
468 3526 599 3602 possunt
619 3517 666 3581 uti
687 3517 745 3581 hac
768 3517 965 3601 responsione
976 3544 986 3596 ;
1009 3519 1111 3583 anima
1134 3519 1226 3597 enim,
1242 3529 1277 3583 ut
1303 3519 1343 3583 ab

241 3630 317 3714 ipsis
331 3630 465 3714 ponitur,
476 3630 565 3695 debet
580 3629 728 3710 absolute,
737 3639 768 3694 et
782 3651 820 3693 ex
834 3629 991 3694 tendentia
1006 3630 1208 3712 substantiali,
1225 3655 1342 3697 servare

238 3741 414 3805 invincibile
429 3741 613 3806 desiderium
627 3742 751 3806 unionis
772 3764 843 3806 cum
864 3763 1008 3827 corpore:
1031 3744 1114 3808 unde
1135 3767 1198 3809 non
1217 3754 1342 3830 apparet

238 3852 396 3938 quomodo
411 3853 516 3917 futura
530 3853 570 3917 sit
584 3853 674 3938 plene
688 3852 778 3918 beata
791 3855 857 3917 sine
873 3876 1006 3939 corpore.
1051 3855 1111 3919 Sed
1126 3857 1185 3940 ipsi
1199 3855 1340 3920 viderint.

282 3967 355 4030 119.
374 3963 509 4029 ¹Odiicr'es
523 3966 568 4030 6⁰.
592 3964 708 4029 Saltem
730 3966 852 4044 animae,
875 3965 987 4051 quibus
1009 3989 1072 4030 nou
1095 3966 1223 4031 debetur
1245 3966 1342 4031 beati·

240 4076 326 4157 tudo,
338 4075 377 4140 ob
388 4076 499 4142 scelera
508 4077 678 4156 commissa,
690 4077 898 4142 annihilandae
910 4086 992 4142 sunt.
1038 4079 1119 4142 Nam
1130 4079 1229 4164 primo
1244 4089 1341 4144 cessat

243 4190 330 4266 ratio,
344 4196 470 4273 propter
484 4211 577 4272 quam
592 4187 708 4252 dictum
724 4197 770 4251 est
785 4188 902 4252 animas
919 4189 952 4251 in
971 4198 1120 4253 aeternum
1140 4189 1271 4254 servari:
1295 4213 1341 4254 se·

237 4298 339 4362 cundo
360 4307 500 4383 peccator
521 4307 655 4362 merctur
677 4320 776 4362 carere
799 4299 884 4362 omni
905 4289 1004 4363 bono:
1031 4301 1116 4383 atqui
1139 4321 1200 4364 uon
1224 4301 1339 4365 carebit
