3200 4975
198 382 276 441 ¹cae
295 360 332 443 a]
518 378 560 421 nn
578 377 781 421 sosarnurra
797 377 998 419 sermenem.
1273 360 1311 420 15

208 542 290 625 Ergo
301 540 472 605 substantia
485 541 669 605 intellectiva
683 550 730 605 est
745 542 777 604 in
794 564 826 605 se
836 546 901 625 ipsa
917 541 1016 625 primo
1031 551 1062 606 et
1073 541 1313 606 substantialiter

208 655 283 719 viva.
328 654 369 717 Et
394 654 527 738 quidem,
544 663 580 717 ut
601 662 649 718 est
668 654 855 738 principium
874 653 1090 720 intellectionis
1109 679 1163 741 per
1186 655 1313 720 modum

207 775 294 829 actus
318 766 417 850 primo
441 766 598 829 terminati
625 766 664 829 ad
693 788 782 829 suum
809 788 875 830 esse
898 766 1099 849 intelligibile,
1121 768 1194 831 dicit
1216 769 1314 831 vicena

208 878 324 942 active:
348 886 384 941 ut
399 886 445 941 est
460 875 646 961 principium
669 876 885 942 intellectionis
900 900 954 961 per
968 877 1095 941 modum
1110 878 1242 956 termini,
1258 900 1314 942 seu

208 989 434 1074 repraesentatio
455 988 605 1072 producta
624 987 671 1052 sui
691 989 806 1072 proprii
826 1011 901 1067 esse,
917 988 991 1053 dicit
1008 992 1100 1053 vitam
1118 990 1253 1073 passive:
1276 998 1313 1052 ut

209 1101 282 1165 dicit
303 1098 559 1185 conspirationem
580 1099 613 1163 in
628 1122 726 1163 unum
750 1108 837 1164 actus
854 1099 1033 1165 intellectivi
1047 1111 1078 1165 et
1092 1100 1159 1164 eius
1179 1100 1312 1178 termini,

208 1213 319 1277 iterum
344 1212 418 1277 dicit
439 1214 534 1275 vivae
557 1212 673 1275 active:
698 1211 833 1290 tandem,
853 1220 888 1275 nt
908 1211 982 1275 dicit
1002 1212 1252 1295 complacentiam
1276 1212 1314 1276 de

209 1346 265 1387 suo
290 1346 356 1387 esse
383 1323 441 1387 sibi
467 1323 591 1406 cognito
615 1345 651 1387 ex
674 1345 709 1386 ea
732 1322 956 1407 conspiratione
978 1323 1186 1403 resultantem,
1202 1324 1314 1387 iterum

210 1436 282 1500 dicit
308 1438 400 1499 vitam
426 1435 552 1520 passive.
598 1434 640 1498 Et
663 1435 731 1498 ideo
757 1433 929 1498 substantia
957 1435 1181 1511 intellectualis,
1206 1446 1242 1499 ut
1267 1444 1314 1499 est

210 1558 294 1611 actus
323 1546 526 1610 intellectivus
550 1547 678 1631 primus,
709 1556 755 1610 est
784 1556 872 1609 actus
895 1547 1012 1630 primus
1041 1545 1182 1610 vivendi:
1206 1555 1242 1609 ut
1268 1555 1314 1610 est

210 1668 296 1722 actus
325 1656 528 1721 intellectivus
558 1656 656 1740 primo
686 1657 867 1719 terminatus
897 1657 930 1719 iu
959 1679 1024 1720 esse
1053 1656 1230 1721 intellectivi
1260 1679 1315 1742 per

211 1768 418 1852 cognitionem
444 1768 490 1831 sui
515 1790 590 1845 esse,
617 1778 665 1830 est
687 1776 773 1830 actus
797 1767 898 1831 vitalis
921 1768 1020 1851 primo
1046 1768 1236 1845 terminatus,
1261 1790 1316 1832 seu

211 1880 425 1965 inadeequate:
449 1888 485 1943 ut
500 1888 546 1943 est
561 1888 647 1942 actus
657 1878 861 1943 intellectivus
876 1901 939 1943 nou
951 1878 1049 1943 solum
1064 1879 1247 1944 terminatus
1262 1902 1316 1964 per

211 1991 416 2074 cognitionem
432 1990 480 2053 sui
498 2011 572 2068 esse,
589 1989 748 2052 sedetiam
773 1988 883 2053 ultimo
899 1990 1081 2053 terminatus
1101 1998 1131 2054 et
1146 1991 1316 2076 completus

211 2126 266 2187 per
291 2102 542 2185 complacentiam
565 2102 603 2165 de
626 2123 681 2163 suo
696 2123 771 2179 esse,
786 2124 841 2185 per
863 2123 955 2185 quam
976 2101 1008 2164 in
1032 2105 1152 2185 seipso
1174 2103 1315 2167 substan·

212 2214 324 2277 tialiter
339 2214 431 2292 sistit,
447 2223 493 2277 est
511 2223 596 2277 aetus
612 2212 711 2277 vitalis
734 2212 942 2276 substantialis
962 2213 1142 2296 corrrpletus,
1158 2225 1189 2278 et
1204 2213 1316 2279 dicitur

212 2334 304 2409 atque
322 2334 369 2388 eat
385 2324 556 2388 substantia
579 2323 702 2387 domina
717 2344 843 2386 suorum
865 2330 1011 2400 actuum3
1033 2346 1105 2386 nam
1120 2334 1207 2388 actus
1226 2324 1316 2389 iutel-

212 2434 349 2514 lectivua,
362 2434 406 2499 sic
422 2434 531 2498 ultimo
540 2433 720 2518 completus,
734 2432 813 2497 nihil
827 2432 911 2498 alind
926 2441 982 2513 est,
995 2444 1030 2498 ut
1045 2434 1124 2498 infra
1135 2433 1316 2514 videbimus,

213 2545 273 2609 nisi
288 2545 430 2609 voluutas
445 2545 476 2608 in
494 2568 549 2608 suo
564 2544 664 2629 primo
679 2566 743 2608 esse
759 2543 935 2608 constituta.

258 2661 307 2721 16.
333 2656 488 2732 Quaeritur
511 2656 729 2734 decimotertio,
745 2665 844 2720 utram
865 2659 905 2719 eit
931 2656 1053 2740 aliquod
1072 2658 1156 2720 aliud
1173 2660 1316 2722 eonstitu-

214 2775 305 2834 ta'vom
320 2769 471 2833 essentiale
485 2769 654 2832 substomice
668 2768 844 2850 spiritualia.

256 2880 437 2964 Respondeo
460 2879 618 2963 negative;
641 2901 713 2942 nam
733 2879 766 2941 in
789 2878 996 2942 constitutivis
1015 2877 1168 2962 praedictis
1189 2878 1318 2943 habetur

213 3000 278 3055 tota
304 2991 435 3055 essentia
458 2990 637 3055 substantiae
661 2989 838 3073 spiritualis,
861 2999 892 3054 et
914 2989 1109 3074 adaequatum
1133 2989 1316 3074 principium

213 3103 352 3166 omnium
377 3102 558 3167 facultatum
580 3111 672 3186 atque
692 3101 904 3185 operationum
928 3102 1090 3185 spirituum
1115 3101 1316 3186 propriarum,

213 3229 248 3278 ut
266 3215 297 3278 in
316 3215 414 3299 capite
437 3214 577 3298 sequenti
600 3213 788 3277 ostendetur.
835 3212 938 3288 Quare
960 3236 996 3276 ex
1018 3214 1226 3299 metaphysica
1244 3213 1315 3278 sub·

214 3325 333 3390 stantiae
352 3325 544 3390 intellectiva
566 3325 774 3409 exploratione
795 3335 946 3388 eruuntur
962 3325 1025 3388 sola
1047 3325 1100 3389 illa
1120 3326 1317 3390 constitutiva

213 3437 394 3517 essentialia,
404 3437 441 3502 de
457 3436 568 3522 quibus
578 3437 672 3500 locuti
685 3459 802 3500 sumus.
838 3436 879 3499 Ilt
890 3435 958 3499 ideo
970 3436 1140 3501 substantia
1151 3437 1317 3522 spiritualis

213 3556 333 3612 constat
349 3547 554 3634 metaphysica

259 3663 301 3725 1⁰.
326 3660 407 3724 Actu
422 3659 606 3724 intellectivo
629 3657 769 3742 exigente
784 3658 941 3722 terminari
956 3658 995 3721 ad
1018 3682 1108 3724 suum
1123 3684 1189 3726 esse
1203 3661 1317 3726 intelli·

213 3770 317 3854 gibile,
333 3771 416 3855 quod
430 3770 503 3835 facit
518 3771 687 3853 cognitum.

256 3884 300 3945 2⁰.
324 3881 466 3945 Termino
481 3891 567 3945 actus
581 3879 770 3957 intellectivi,
780 3903 835 3944 seu
849 3879 1024 3964 cognitione
1038 3881 1086 3944 sui
1101 3903 1176 3960 esse,
1186 3904 1255 3967 quae
1269 3895 1316 3948 est

213 3991 296 4056 idem
319 4013 353 4056 ac
379 3991 564 4056 conscientia
587 3991 686 4076 primo
712 3999 845 4068 actuata,
867 3999 899 4054 et
924 3991 1084 4056 constituit
1109 3994 1317 4076 passivitatem

213 4101 441 4182 intellectivam,
456 4104 568 4167 utiam
584 4103 753 4180 innuimus,
765 4111 857 4186 atque
872 4103 951 4166 infra
966 4102 1065 4186 magis
1081 4104 1308 4187 explicabimus.

257 4218 301 4278 3⁰.
327 4214 445 4278 Ultimo
464 4215 686 4299 complemento
710 4212 914 4292 substantiali,
930 4236 984 4278 seu
998 4215 1130 4278 termino
1150 4218 1317 4282 resultante

212 4351 247 4390 ex
262 4303 485 4411 conspiratione
507 4323 718 4410 cognoscentis
734 4334 765 4388 et
783 4325 900 4408 cogniti
915 4325 953 4389 ad
972 4325 1234 4391 coinexistendum
1258 4328 1316 4392 sibi
