<?xml version="1.0" encoding="UTF-8"?>
<!DOCTYPE html PUBLIC "-//W3C//DTD XHTML 1.0 Transitional//EN"
    "http://www.w3.org/TR/xhtml1/DTD/xhtml1-transitional.dtd">
<html xmlns="http://www.w3.org/1999/xhtml" xml:lang="en" lang="en">
 <head>
  <title>
</title>
<meta http-equiv="Content-Type" content="text/html;charset=utf-8" />
  <meta name='ocr-system' content='tesseract 3.04.00' />
  <meta name='ocr-capabilities' content='ocr_page ocr_carea ocr_par ocr_line ocrx_word'/>
</head>
<body>
  <div class='ocr_page' id='page_1' title='image "./realisphilosoph02baymgoog_0181.png"; bbox 0 0 3200 4975; ppageno 0'>
   <div class='ocr_carea' id='block_1_1' title="bbox 244 309 1350 410">
    <p class='ocr_par' dir='ltr' id='par_1_1' title="bbox 244 309 1350 410">
     <span class='ocr_line' id='line_1_1' title="bbox 244 309 1350 410; baseline -0.02 -19"><span class='ocrx_word' id='word_1_1' title='bbox 244 347 316 391; x_wconf 79' lang='lat' dir='ltr'><strong>aaa.</strong></span> <span class='ocrx_word' id='word_1_2' title='bbox 334 327 388 410; x_wconf 90' lang='lat'><strong>11.]</strong></span> <span class='ocrx_word' id='word_1_3' title='bbox 699 345 741 386; x_wconf 84' lang='lat' dir='ltr'><strong>na</strong></span> <span class='ocrx_word' id='word_1_4' title='bbox 759 342 905 386; x_wconf 81' lang='lat' dir='ltr'><strong>uourua.</strong></span> <span class='ocrx_word' id='word_1_5' title='bbox 1288 309 1350 370; x_wconf 86' lang='grc'><strong>167</strong></span> 
     </span>
    </p>
   </div>
   <div class='ocr_carea' id='block_1_2' title="bbox 170 507 1360 4171">
    <p class='ocr_par' dir='ltr' id='par_1_2' title="bbox 243 507 1345 714">
     <span class='ocr_line' id='line_1_2' title="bbox 243 507 1345 605; baseline -0.015 -23"><span class='ocrx_word' id='word_1_6' title='bbox 243 520 351 605; x_wconf 90' lang='lat' dir='ltr'><strong>nequit</strong></span> <span class='ocrx_word' id='word_1_7' title='bbox 365 543 431 584; x_wconf 90' lang='lat' dir='ltr'><strong>esse</strong></span> <span class='ocrx_word' id='word_1_8' title='bbox 447 519 500 583; x_wconf 91' lang='lat' dir='ltr'><strong>ubi</strong></span> <span class='ocrx_word' id='word_1_9' title='bbox 515 519 579 583; x_wconf 90' lang='lat' dir='ltr'><strong>sola</strong></span> <span class='ocrx_word' id='word_1_10' title='bbox 595 528 643 583; x_wconf 90' lang='lat' dir='ltr'><strong>est</strong></span> <span class='ocrx_word' id='word_1_11' title='bbox 660 519 787 583; x_wconf 89' lang='lat' dir='ltr'><strong>materia</strong></span> <span class='ocrx_word' id='word_1_12' title='bbox 796 544 806 597; x_wconf 82' lang='lat'>3</span> <span class='ocrx_word' id='word_1_13' title='bbox 829 540 926 603; x_wconf 92' lang='lat' dir='ltr'><strong>quum</strong></span> <span class='ocrx_word' id='word_1_14' title='bbox 948 517 1012 580; x_wconf 89' lang='lat' dir='ltr'><strong>haec</strong></span> <span class='ocrx_word' id='word_1_15' title='bbox 1032 519 1131 578; x_wconf 91' lang='lat' dir='ltr'><strong>careat</strong></span> <span class='ocrx_word' id='word_1_16' title='bbox 1150 519 1221 574; x_wconf 90' lang='lat' dir='ltr'><strong>actu</strong></span> <span class='ocrx_word' id='word_1_17' title='bbox 1238 507 1345 569; x_wconf 89' lang='lat' dir='ltr'><strong>imma-</strong></span> 
     </span>
     <span class='ocr_line' id='line_1_3' title="bbox 243 623 1159 714; baseline -0.01 -22"><span class='ocrx_word' id='word_1_18' title='bbox 243 641 347 696; x_wconf 84' lang='lat' dir='ltr'><strong>nente.</strong></span> <span class='ocrx_word' id='word_1_19' title='bbox 392 631 476 714; x_wconf 84' lang='lat' dir='ltr'><strong>Ilrgo</strong></span> <span class='ocrx_word' id='word_1_20' title='bbox 490 638 537 694; x_wconf 90' lang='lat' dir='ltr'><strong>est</strong></span> <span class='ocrx_word' id='word_1_21' title='bbox 551 630 584 693; x_wconf 91' lang='lat' dir='ltr'><strong>in</strong></span> <span class='ocrx_word' id='word_1_22' title='bbox 598 629 723 694; x_wconf 91' lang='lat' dir='ltr'><strong>homine</strong></span> <span class='ocrx_word' id='word_1_23' title='bbox 738 627 855 714; x_wconf 88' lang='lat' dir='ltr'><strong>aliquid</strong></span> <span class='ocrx_word' id='word_1_24' title='bbox 868 635 978 713; x_wconf 85' lang='lat' dir='ltr'><strong>praeter</strong></span> <span class='ocrx_word' id='word_1_25' title='bbox 992 623 1159 688; x_wconf 80' lang='lat' dir='ltr'><strong>materiam.</strong></span> 
     </span>
    </p>

    <p class='ocr_par' dir='ltr' id='par_1_3' title="bbox 244 723 1348 1610">
     <span class='ocr_line' id='line_1_4' title="bbox 287 723 1348 818; baseline -0.018 -13"><span class='ocrx_word' id='word_1_26' title='bbox 287 745 340 805; x_wconf 84' lang='lat'><strong>41.</strong></span> <span class='ocrx_word' id='word_1_27' title='bbox 373 741 462 805; x_wconf 88' lang='lat' dir='ltr'><strong>Idem</strong></span> <span class='ocrx_word' id='word_1_28' title='bbox 486 741 587 804; x_wconf 90' lang='lat' dir='ltr'><strong>adhuc</strong></span> <span class='ocrx_word' id='word_1_29' title='bbox 610 740 719 805; x_wconf 85' lang='lat' dir='ltr'><strong>fortius</strong></span> <span class='ocrx_word' id='word_1_30' title='bbox 745 739 954 818; x_wconf 82' lang='lat' dir='ltr'><strong>concludetur,</strong></span> <span class='ocrx_word' id='word_1_31' title='bbox 978 730 1198 802; x_wconf 88' lang='lat' dir='ltr'><strong>considerando</strong></span> <span class='ocrx_word' id='word_1_32' title='bbox 1223 747 1289 791; x_wconf 86' lang='lat' dir='ltr'><strong>esse</strong></span> <span class='ocrx_word' id='word_1_33' title='bbox 1315 723 1348 786; x_wconf 95' lang='lat' dir='ltr'><strong>in</strong></span> 
     </span>
     <span class='ocr_line' id='line_1_5' title="bbox 244 836 1347 916; baseline -0.016 0"><span class='ocrx_word' id='word_1_34' title='bbox 244 852 369 916; x_wconf 91' lang='lat' dir='ltr'><strong>homine</strong></span> <span class='ocrx_word' id='word_1_35' title='bbox 397 852 613 916; x_wconf 83' lang='lat' dir='ltr'><strong>conscientiam</strong></span> <span class='ocrx_word' id='word_1_36' title='bbox 639 874 764 916; x_wconf 94' lang='lat' dir='ltr'><strong>suarum</strong></span> <span class='ocrx_word' id='word_1_37' title='bbox 787 836 982 916; x_wconf 87' lang='lat' dir='ltr'><strong>affectionum</strong></span> <span class='ocrx_word' id='word_1_38' title='bbox 1012 843 1210 911; x_wconf 86' lang='lat' dir='ltr'><strong>sensibilium.</strong></span> <span class='ocrx_word' id='word_1_39' title='bbox 1264 836 1347 901; x_wconf 92' lang='lat' dir='ltr'><strong>Nam</strong></span> 
     </span>
     <span class='ocr_line' id='line_1_6' title="bbox 245 947 1347 1050; baseline -0.017 -21"><span class='ocrx_word' id='word_1_40' title='bbox 245 965 332 1028; x_wconf 88' lang='lat' dir='ltr'><strong>nulla</strong></span> <span class='ocrx_word' id='word_1_41' title='bbox 346 965 474 1029; x_wconf 90' lang='lat' dir='ltr'><strong>materia</strong></span> <span class='ocrx_word' id='word_1_42' title='bbox 489 973 591 1050; x_wconf 84' lang='lat' dir='ltr'><strong>potest</strong></span> <span class='ocrx_word' id='word_1_43' title='bbox 608 964 721 1028; x_wconf 90' lang='lat' dir='ltr'><strong>habere</strong></span> <span class='ocrx_word' id='word_1_44' title='bbox 743 963 960 1028; x_wconf 88' lang='lat' dir='ltr'><strong>conscientiam</strong></span> <span class='ocrx_word' id='word_1_45' title='bbox 982 960 1019 1024; x_wconf 91' lang='lat' dir='ltr'><strong>de</strong></span> <span class='ocrx_word' id='word_1_46' title='bbox 1042 950 1292 1043; x_wconf 81' lang='lat' dir='ltr'><strong>impressionibus</strong></span> <span class='ocrx_word' id='word_1_47' title='bbox 1314 947 1347 1010; x_wconf 92' lang='lat' dir='ltr'><strong>in</strong></span> 
     </span>
     <span class='ocr_line' id='line_1_7' title="bbox 245 1054 1347 1162; baseline -0.017 -22"><span class='ocrx_word' id='word_1_48' title='bbox 245 1099 301 1141; x_wconf 91' lang='lat' dir='ltr'><strong>sna</strong></span> <span class='ocrx_word' id='word_1_49' title='bbox 315 1077 490 1161; x_wconf 80' lang='lat' dir='ltr'><strong>passivitate</strong></span> <span class='ocrx_word' id='word_1_50' title='bbox 504 1077 651 1162; x_wconf 86' lang='lat' dir='ltr'><strong>receptis:</strong></span> <span class='ocrx_word' id='word_1_51' title='bbox 674 1086 706 1140; x_wconf 93' lang='lat' dir='ltr'><strong>et</strong></span> <span class='ocrx_word' id='word_1_52' title='bbox 719 1077 797 1140; x_wconf 90' lang='lat' dir='ltr'><strong>ratio</strong></span> <span class='ocrx_word' id='word_1_53' title='bbox 812 1084 867 1155; x_wconf 89' lang='lat' dir='ltr'><strong>est,</strong></span> <span class='ocrx_word' id='word_1_54' title='bbox 890 1074 963 1160; x_wconf 92' lang='lat' dir='ltr'><strong>quia</strong></span> <span class='ocrx_word' id='word_1_55' title='bbox 980 1067 1164 1138; x_wconf 89' lang='lat' dir='ltr'><strong>conscientia</strong></span> <span class='ocrx_word' id='word_1_56' title='bbox 1185 1054 1279 1146; x_wconf 82' lang='lat' dir='ltr'><strong>exigit</strong></span> <span class='ocrx_word' id='word_1_57' title='bbox 1300 1060 1347 1122; x_wconf 90' lang='lat' dir='ltr'><strong>iu·</strong></span> 
     </span>
     <span class='ocr_line' id='line_1_8' title="bbox 245 1170 1348 1274; baseline -0.018 -21"><span class='ocrx_word' id='word_1_58' title='bbox 245 1189 361 1253; x_wconf 90' lang='lat' dir='ltr'><strong>tuitum</strong></span> <span class='ocrx_word' id='word_1_59' title='bbox 388 1190 436 1254; x_wconf 89' lang='lat' dir='ltr'><strong>sui</strong></span> <span class='ocrx_word' id='word_1_60' title='bbox 460 1188 558 1274; x_wconf 91' lang='lat' dir='ltr'><strong>ipsius</strong></span> <span class='ocrx_word' id='word_1_61' title='bbox 565 1214 575 1268; x_wconf 78' lang='lat'>3</span> <span class='ocrx_word' id='word_1_62' title='bbox 606 1188 734 1253; x_wconf 88' lang='lat' dir='ltr'><strong>materia</strong></span> <span class='ocrx_word' id='word_1_63' title='bbox 756 1196 868 1266; x_wconf 91' lang='lat' dir='ltr'><strong>autem,</strong></span> <span class='ocrx_word' id='word_1_64' title='bbox 895 1185 1015 1250; x_wconf 91' lang='lat' dir='ltr'><strong>etiamsi</strong></span> <span class='ocrx_word' id='word_1_65' title='bbox 1038 1181 1210 1245; x_wconf 85' lang='lat' dir='ltr'><strong>intueretur</strong></span> <span class='ocrx_word' id='word_1_66' title='bbox 1232 1170 1348 1258; x_wconf 87' lang='lat' dir='ltr'><strong>aliquid</strong></span> 
     </span>
     <span class='ocr_line' id='line_1_9' title="bbox 247 1287 1348 1385; baseline -0.017 -21"><span class='ocrx_word' id='word_1_67' title='bbox 247 1299 343 1385; x_wconf 84' lang='lat' dir='ltr'><strong>(quod</strong></span> <span class='ocrx_word' id='word_1_68' title='bbox 360 1323 397 1364; x_wconf 84' lang='lat' dir='ltr'><strong>ex</strong></span> <span class='ocrx_word' id='word_1_69' title='bbox 415 1299 504 1364; x_wconf 90' lang='lat' dir='ltr'><strong>dictis</strong></span> <span class='ocrx_word' id='word_1_70' title='bbox 526 1308 573 1364; x_wconf 91' lang='lat' dir='ltr'><strong>est</strong></span> <span class='ocrx_word' id='word_1_71' title='bbox 596 1299 728 1364; x_wconf 90' lang='lat' dir='ltr'><strong>stultum</strong></span> <span class='ocrx_word' id='word_1_72' title='bbox 749 1300 890 1384; x_wconf 86' lang='lat' dir='ltr'><strong>fingere),</strong></span> <span class='ocrx_word' id='word_1_73' title='bbox 907 1301 1078 1361; x_wconf 85' lang='lat' dir='ltr'><strong>intueretur</strong></span> <span class='ocrx_word' id='word_1_74' title='bbox 1099 1299 1185 1356; x_wconf 78' lang='lat' dir='ltr'><strong>cetra</strong></span> <span class='ocrx_word' id='word_1_75' title='bbox 1207 1309 1247 1366; x_wconf 84' lang='lat' dir='ltr'><strong>se,</strong></span> <span class='ocrx_word' id='word_1_76' title='bbox 1263 1287 1348 1349; x_wconf 89' lang='lat' dir='ltr'><strong>iuxta</strong></span> 
     </span>
     <span class='ocr_line' id='line_1_10' title="bbox 245 1408 1348 1490; baseline -0.012 -15"><span class='ocrx_word' id='word_1_77' title='bbox 245 1412 379 1490; x_wconf 82' lang='lat' dir='ltr'><strong>indolem</strong></span> <span class='ocrx_word' id='word_1_78' title='bbox 395 1413 516 1476; x_wconf 89' lang='lat' dir='ltr'><strong>virtutis</strong></span> <span class='ocrx_word' id='word_1_79' title='bbox 531 1434 604 1476; x_wconf 88' lang='lat' dir='ltr'><strong>suae.</strong></span> <span class='ocrx_word' id='word_1_80' title='bbox 649 1411 742 1476; x_wconf 89' lang='lat' dir='ltr'><strong>Unde</strong></span> <span class='ocrx_word' id='word_1_81' title='bbox 761 1411 888 1476; x_wconf 90' lang='lat' dir='ltr'><strong>omnino</strong></span> <span class='ocrx_word' id='word_1_82' title='bbox 906 1408 1072 1474; x_wconf 91' lang='lat' dir='ltr'><strong>absurdum</strong></span> <span class='ocrx_word' id='word_1_83' title='bbox 1088 1413 1135 1470; x_wconf 91' lang='lat' dir='ltr'><strong>est</strong></span> <span class='ocrx_word' id='word_1_84' title='bbox 1150 1422 1263 1489; x_wconf 89' lang='lat' dir='ltr'><strong>ponere</strong></span> <span class='ocrx_word' id='word_1_85' title='bbox 1277 1420 1348 1463; x_wconf 89' lang='lat' dir='ltr'><strong>con·</strong></span> 
     </span>
     <span class='ocr_line' id='line_1_11' title="bbox 246 1525 1231 1610; baseline -0.004 -20"><span class='ocrx_word' id='word_1_86' title='bbox 246 1527 404 1591; x_wconf 89' lang='lat' dir='ltr'><strong>scientiam</strong></span> <span class='ocrx_word' id='word_1_87' title='bbox 418 1527 451 1589; x_wconf 90' lang='lat' dir='ltr'><strong>in</strong></span> <span class='ocrx_word' id='word_1_88' title='bbox 467 1549 544 1610; x_wconf 88' lang='lat' dir='ltr'><strong>pura</strong></span> <span class='ocrx_word' id='word_1_89' title='bbox 558 1525 696 1589; x_wconf 89' lang='lat' dir='ltr'><strong>materia.</strong></span> <span class='ocrx_word' id='word_1_90' title='bbox 1227 1584 1231 1595; x_wconf 83' lang='grc'><em>,</em></span> 
     </span>
    </p>

    <p class='ocr_par' dir='ltr' id='par_1_4' title="bbox 289 1628 1349 1723">
     <span class='ocr_line' id='line_1_12' title="bbox 289 1628 1349 1723; baseline -0.015 -20"><span class='ocrx_word' id='word_1_91' title='bbox 289 1641 390 1703; x_wconf 83' lang='lat' dir='ltr'><strong>Dices.</strong></span> <span class='ocrx_word' id='word_1_92' title='bbox 412 1637 543 1702; x_wconf 82' lang='lat' dir='ltr'><strong>Etiamsi</strong></span> <span class='ocrx_word' id='word_1_93' title='bbox 558 1637 683 1702; x_wconf 89' lang='lat' dir='ltr'><strong>materia</strong></span> <span class='ocrx_word' id='word_1_94' title='bbox 698 1636 841 1723; x_wconf 81' lang='lat' dir='ltr'><strong>quaelibet</strong></span> <span class='ocrx_word' id='word_1_95' title='bbox 861 1644 932 1719; x_wconf 87' lang='lat' dir='ltr'><strong>agat</strong></span> <span class='ocrx_word' id='word_1_96' title='bbox 947 1642 1030 1698; x_wconf 81' lang='lat' dir='ltr'><strong>extra</strong></span> <span class='ocrx_word' id='word_1_97' title='bbox 1045 1655 1086 1711; x_wconf 90' lang='lat' dir='ltr'><strong>se,</strong></span> <span class='ocrx_word' id='word_1_98' title='bbox 1101 1639 1205 1695; x_wconf 90' lang='lat' dir='ltr'><strong>tamen</strong></span> <span class='ocrx_word' id='word_1_99' title='bbox 1219 1628 1253 1690; x_wconf 94' lang='lat' dir='ltr'><strong>in</strong></span> <span class='ocrx_word' id='word_1_100' title='bbox 1267 1645 1349 1689; x_wconf 90' lang='lat' dir='ltr'><strong>com·</strong></span> 
     </span>
    </p>

    <p class='ocr_par' dir='ltr' id='par_1_5' title="bbox 170 1738 1355 3505">
     <span class='ocr_line' id='line_1_13' title="bbox 245 1738 1349 1836; baseline -0.014 -22"><span class='ocrx_word' id='word_1_101' title='bbox 245 1751 346 1836; x_wconf 91' lang='lat' dir='ltr'><strong>posito</strong></span> <span class='ocrx_word' id='word_1_102' title='bbox 360 1771 397 1814; x_wconf 84' lang='lat' dir='ltr'><strong>ex</strong></span> <span class='ocrx_word' id='word_1_103' title='bbox 410 1750 517 1814; x_wconf 89' lang='lat' dir='ltr'><strong>multis</strong></span> <span class='ocrx_word' id='word_1_104' title='bbox 531 1749 671 1834; x_wconf 87' lang='lat' dir='ltr'><strong>partibus</strong></span> <span class='ocrx_word' id='word_1_105' title='bbox 692 1747 899 1812; x_wconf 89' lang='lat' dir='ltr'><strong>materialibus</strong></span> <span class='ocrx_word' id='word_1_106' title='bbox 920 1744 1073 1832; x_wconf 89' lang='lat' dir='ltr'><strong>possibilis</strong></span> <span class='ocrx_word' id='word_1_107' title='bbox 1087 1751 1133 1806; x_wconf 91' lang='lat' dir='ltr'><strong>est</strong></span> <span class='ocrx_word' id='word_1_108' title='bbox 1149 1739 1227 1805; x_wconf 89' lang='lat' dir='ltr'><strong>actio</strong></span> <span class='ocrx_word' id='word_1_109' title='bbox 1241 1738 1349 1801; x_wconf 88' lang='lat' dir='ltr'><strong>imma·</strong></span> 
     </span>
     <span class='ocr_line' id='line_1_14' title="bbox 246 1846 1349 1947; baseline -0.014 -21"><span class='ocrx_word' id='word_1_110' title='bbox 246 1885 323 1926; x_wconf 87' lang='lat' dir='ltr'><strong>nens</strong></span> <span class='ocrx_word' id='word_1_111' title='bbox 331 1888 342 1941; x_wconf 89' lang='lat'>;</span> <span class='ocrx_word' id='word_1_112' title='bbox 366 1862 437 1947; x_wconf 90' lang='lat' dir='ltr'><strong>quia</strong></span> <span class='ocrx_word' id='word_1_113' title='bbox 452 1861 531 1926; x_wconf 91' lang='lat' dir='ltr'><strong>actio</strong></span> <span class='ocrx_word' id='word_1_114' title='bbox 546 1861 642 1945; x_wconf 88' lang='lat' dir='ltr'><strong>partis</strong></span> <span class='ocrx_word' id='word_1_115' title='bbox 655 1860 689 1924; x_wconf 90' lang='lat' dir='ltr'><strong>in</strong></span> <span class='ocrx_word' id='word_1_116' title='bbox 703 1868 823 1945; x_wconf 90' lang='lat' dir='ltr'><strong>partem</strong></span> <span class='ocrx_word' id='word_1_117' title='bbox 843 1866 890 1923; x_wconf 89' lang='lat' dir='ltr'><strong>est</strong></span> <span class='ocrx_word' id='word_1_118' title='bbox 910 1857 989 1922; x_wconf 90' lang='lat' dir='ltr'><strong>actio</strong></span> <span class='ocrx_word' id='word_1_119' title='bbox 1010 1863 1131 1940; x_wconf 86' lang='lat' dir='ltr'><strong>recepta</strong></span> <span class='ocrx_word' id='word_1_120' title='bbox 1145 1853 1178 1916; x_wconf 91' lang='lat' dir='ltr'><strong>in</strong></span> <span class='ocrx_word' id='word_1_121' title='bbox 1192 1851 1259 1935; x_wconf 90' lang='lat' dir='ltr'><strong>ipso</strong></span> <span class='ocrx_word' id='word_1_122' title='bbox 1277 1846 1349 1912; x_wconf 90' lang='lat' dir='ltr'><strong>sub-</strong></span> 
     </span>
     <span class='ocr_line' id='line_1_15' title="bbox 247 1971 950 2058; baseline -0.003 -22"><span class='ocrx_word' id='word_1_123' title='bbox 247 1973 325 2037; x_wconf 91' lang='lat' dir='ltr'><strong>iecto</strong></span> <span class='ocrx_word' id='word_1_124' title='bbox 341 1973 519 2058; x_wconf 89' lang='lat' dir='ltr'><strong>composito,</strong></span> <span class='ocrx_word' id='word_1_125' title='bbox 535 1972 675 2037; x_wconf 89' lang='lat' dir='ltr'><strong>videlicet</strong></span> <span class='ocrx_word' id='word_1_126' title='bbox 689 1973 722 2036; x_wconf 90' lang='lat' dir='ltr'><strong>in</strong></span> <span class='ocrx_word' id='word_1_127' title='bbox 737 1971 803 2036; x_wconf 90' lang='lat' dir='ltr'><strong>eius</strong></span> <span class='ocrx_word' id='word_1_128' title='bbox 818 1972 950 2055; x_wconf 87' lang='lat' dir='ltr'><strong>organis.</strong></span> 
     </span>
     <span class='ocr_line' id='line_1_16' title="bbox 170 2078 1349 2170; baseline -0.011 -21"><span class='ocrx_word' id='word_1_129' title='bbox 170 2104 173 2110; x_wconf 89' lang='grc'><strong><em>·</em></strong></span> <span class='ocrx_word' id='word_1_130' title='bbox 292 2085 484 2170; x_wconf 90' lang='lat' dir='ltr'><strong>Respondeo,</strong></span> <span class='ocrx_word' id='word_1_131' title='bbox 500 2085 558 2149; x_wconf 93' lang='lat' dir='ltr'><strong>hoc</strong></span> <span class='ocrx_word' id='word_1_132' title='bbox 573 2085 612 2149; x_wconf 92' lang='lat' dir='ltr'><strong>ad</strong></span> <span class='ocrx_word' id='word_1_133' title='bbox 627 2107 784 2148; x_wconf 90' lang='lat' dir='ltr'><strong>summum</strong></span> <span class='ocrx_word' id='word_1_134' title='bbox 804 2083 940 2147; x_wconf 88' lang='lat' dir='ltr'><strong>sufficere</strong></span> <span class='ocrx_word' id='word_1_135' title='bbox 957 2081 997 2146; x_wconf 92' lang='lat' dir='ltr'><strong>ad</strong></span> <span class='ocrx_word' id='word_1_136' title='bbox 1018 2078 1215 2146; x_wconf 86' lang='lat' dir='ltr'><strong>exercendam</strong></span> <span class='ocrx_word' id='word_1_137' title='bbox 1230 2081 1349 2158; x_wconf 85' lang='lat' dir='ltr'><strong>vegeta-</strong></span> 
     </span>
     <span class='ocr_line' id='line_1_17' title="bbox 247 2185 1350 2280; baseline -0.01 -22"><span class='ocrx_word' id='word_1_138' title='bbox 247 2196 373 2274; x_wconf 88' lang='lat' dir='ltr'><strong>tionem,</strong></span> <span class='ocrx_word' id='word_1_139' title='bbox 389 2204 517 2280; x_wconf 86' lang='lat' dir='ltr'><strong>quaeest</strong></span> <span class='ocrx_word' id='word_1_140' title='bbox 534 2196 569 2259; x_wconf 93' lang='lat' dir='ltr'><strong>in</strong></span> <span class='ocrx_word' id='word_1_141' title='bbox 583 2195 720 2274; x_wconf 89' lang='lat' dir='ltr'><strong>materia,</strong></span> <span class='ocrx_word' id='word_1_142' title='bbox 736 2202 772 2258; x_wconf 92' lang='lat' dir='ltr'><strong>ut</strong></span> <span class='ocrx_word' id='word_1_143' title='bbox 786 2194 859 2258; x_wconf 92' lang='lat' dir='ltr'><strong>alibi</strong></span> <span class='ocrx_word' id='word_1_144' title='bbox 874 2193 1024 2258; x_wconf 85' lang='lat' dir='ltr'><strong>diximus:</strong></span> <span class='ocrx_word' id='word_1_145' title='bbox 1047 2213 1110 2256; x_wconf 87' lang='lat' dir='ltr'><strong>nou</strong></span> <span class='ocrx_word' id='word_1_146' title='bbox 1125 2197 1228 2254; x_wconf 90' lang='lat' dir='ltr'><strong>autem</strong></span> <span class='ocrx_word' id='word_1_147' title='bbox 1244 2185 1282 2250; x_wconf 87' lang='lat' dir='ltr'><strong>ad</strong></span> <span class='ocrx_word' id='word_1_148' title='bbox 1297 2185 1350 2248; x_wconf 90' lang='lat' dir='ltr'><strong>ha-</strong></span> 
     </span>
     <span class='ocr_line' id='line_1_18' title="bbox 248 2295 1351 2385; baseline -0.012 -15"><span class='ocrx_word' id='word_1_149' title='bbox 248 2305 382 2370; x_wconf 80' lang='lat' dir='ltr'><strong>bendum</strong></span> <span class='ocrx_word' id='word_1_150' title='bbox 397 2306 623 2370; x_wconf 88' lang='lat' dir='ltr'><strong>conscientiam.</strong></span> <span class='ocrx_word' id='word_1_151' title='bbox 668 2305 751 2368; x_wconf 92' lang='lat' dir='ltr'><strong>Nam</strong></span> <span class='ocrx_word' id='word_1_152' title='bbox 771 2303 956 2369; x_wconf 88' lang='lat' dir='ltr'><strong>conscientia</strong></span> <span class='ocrx_word' id='word_1_153' title='bbox 974 2325 1037 2367; x_wconf 89' lang='lat' dir='ltr'><strong>non</strong></span> <span class='ocrx_word' id='word_1_154' title='bbox 1059 2309 1106 2365; x_wconf 92' lang='lat' dir='ltr'><strong>est</strong></span> <span class='ocrx_word' id='word_1_155' title='bbox 1128 2299 1229 2385; x_wconf 92' lang='lat' dir='ltr'><strong>aliqua</strong></span> <span class='ocrx_word' id='word_1_156' title='bbox 1250 2295 1351 2382; x_wconf 88' lang='lat' dir='ltr'><strong>passio</strong></span> 
     </span>
     <span class='ocr_line' id='line_1_19' title="bbox 248 2407 1352 2505; baseline -0.011 -24"><span class='ocrx_word' id='word_1_157' title='bbox 248 2418 436 2505; x_wconf 89' lang='lat' dir='ltr'><strong>simpliciter,</strong></span> <span class='ocrx_word' id='word_1_158' title='bbox 459 2418 540 2482; x_wconf 91' lang='lat' dir='ltr'><strong>sicut</strong></span> <span class='ocrx_word' id='word_1_159' title='bbox 561 2426 664 2482; x_wconf 92' lang='lat' dir='ltr'><strong>motus</strong></span> <span class='ocrx_word' id='word_1_160' title='bbox 685 2426 825 2503; x_wconf 92' lang='lat' dir='ltr'><strong>receptus</strong></span> <span class='ocrx_word' id='word_1_161' title='bbox 847 2417 880 2481; x_wconf 93' lang='lat' dir='ltr'><strong>in</strong></span> <span class='ocrx_word' id='word_1_162' title='bbox 902 2415 1041 2502; x_wconf 89' lang='lat' dir='ltr'><strong>partibus</strong></span> <span class='ocrx_word' id='word_1_163' title='bbox 1063 2411 1206 2490; x_wconf 90' lang='lat' dir='ltr'><strong>materiae,</strong></span> <span class='ocrx_word' id='word_1_164' title='bbox 1230 2407 1284 2472; x_wconf 90' lang='lat' dir='ltr'><strong>sed</strong></span> <span class='ocrx_word' id='word_1_165' title='bbox 1306 2414 1352 2470; x_wconf 91' lang='lat' dir='ltr'><strong>est</strong></span> 
     </span>
     <span class='ocr_line' id='line_1_20' title="bbox 248 2524 1353 2615; baseline -0.012 -20"><span class='ocrx_word' id='word_1_166' title='bbox 248 2529 336 2595; x_wconf 87' lang='lat' dir='ltr'><strong>actus</strong></span> <span class='ocrx_word' id='word_1_167' title='bbox 358 2530 581 2615; x_wconf 84' lang='lat' dir='ltr'><strong>cognoscitivus</strong></span> <span class='ocrx_word' id='word_1_168' title='bbox 604 2530 661 2609; x_wconf 89' lang='lat' dir='ltr'><strong>sui,</strong></span> <span class='ocrx_word' id='word_1_169' title='bbox 685 2553 739 2595; x_wconf 85' lang='lat' dir='ltr'><strong>seu</strong></span> <span class='ocrx_word' id='word_1_170' title='bbox 758 2531 941 2595; x_wconf 90' lang='lat' dir='ltr'><strong>terminatus</strong></span> <span class='ocrx_word' id='word_1_171' title='bbox 963 2528 1002 2593; x_wconf 93' lang='lat' dir='ltr'><strong>ad</strong></span> <span class='ocrx_word' id='word_1_172' title='bbox 1024 2534 1184 2610; x_wconf 83' lang='lat' dir='ltr'><strong>agentem:</strong></span> <span class='ocrx_word' id='word_1_173' title='bbox 1207 2524 1268 2586; x_wconf 90' lang='lat' dir='ltr'><strong>iam</strong></span> <span class='ocrx_word' id='word_1_174' title='bbox 1283 2540 1353 2584; x_wconf 90' lang='lat' dir='ltr'><strong>vero</strong></span> 
     </span>
     <span class='ocr_line' id='line_1_21' title="bbox 248 2635 1353 2727; baseline -0.01 -21"><span class='ocrx_word' id='word_1_175' title='bbox 248 2643 334 2707; x_wconf 91' lang='lat' dir='ltr'><strong>nulla</strong></span> <span class='ocrx_word' id='word_1_176' title='bbox 347 2664 418 2727; x_wconf 90' lang='lat' dir='ltr'><strong>pars</strong></span> <span class='ocrx_word' id='word_1_177' title='bbox 432 2642 567 2707; x_wconf 85' lang='lat' dir='ltr'><strong>materiae</strong></span> <span class='ocrx_word' id='word_1_178' title='bbox 580 2642 725 2707; x_wconf 87' lang='lat' dir='ltr'><strong>terminat</strong></span> <span class='ocrx_word' id='word_1_179' title='bbox 740 2665 832 2707; x_wconf 88' lang='lat' dir='ltr'><strong>suum</strong></span> <span class='ocrx_word' id='word_1_180' title='bbox 846 2650 949 2706; x_wconf 92' lang='lat' dir='ltr'><strong>actum</strong></span> <span class='ocrx_word' id='word_1_181' title='bbox 960 2640 1000 2705; x_wconf 92' lang='lat' dir='ltr'><strong>ad</strong></span> <span class='ocrx_word' id='word_1_182' title='bbox 1014 2640 1153 2724; x_wconf 87' lang='lat' dir='ltr'><strong>seipsam,</strong></span> <span class='ocrx_word' id='word_1_183' title='bbox 1166 2635 1219 2700; x_wconf 89' lang='lat' dir='ltr'><strong>sed</strong></span> <span class='ocrx_word' id='word_1_184' title='bbox 1234 2653 1353 2717; x_wconf 89' lang='lat' dir='ltr'><strong>semper</strong></span> 
     </span>
     <span class='ocr_line' id='line_1_22' title="bbox 250 2747 1351 2838; baseline -0.006 -20"><span class='ocrx_word' id='word_1_185' title='bbox 250 2754 309 2818; x_wconf 88' lang='lat' dir='ltr'><strong>alia</strong></span> <span class='ocrx_word' id='word_1_186' title='bbox 323 2753 451 2818; x_wconf 91' lang='lat' dir='ltr'><strong>materia</strong></span> <span class='ocrx_word' id='word_1_187' title='bbox 465 2753 530 2837; x_wconf 85' lang='lat' dir='ltr'><strong>agit</strong></span> <span class='ocrx_word' id='word_1_188' title='bbox 545 2762 578 2817; x_wconf 91' lang='lat' dir='ltr'><strong>et</strong></span> <span class='ocrx_word' id='word_1_189' title='bbox 590 2753 649 2817; x_wconf 90' lang='lat' dir='ltr'><strong>alia</strong></span> <span class='ocrx_word' id='word_1_190' title='bbox 663 2753 789 2838; x_wconf 89' lang='lat' dir='ltr'><strong>patitur.</strong></span> <span class='ocrx_word' id='word_1_191' title='bbox 822 2752 933 2829; x_wconf 76' lang='lat' dir='ltr'><strong>Quaero</strong></span> <span class='ocrx_word' id='word_1_192' title='bbox 949 2759 1062 2829; x_wconf 89' lang='lat' dir='ltr'><strong>autem,</strong></span> <span class='ocrx_word' id='word_1_193' title='bbox 1074 2771 1128 2814; x_wconf 91' lang='lat' dir='ltr'><strong>cur</strong></span> <span class='ocrx_word' id='word_1_194' title='bbox 1137 2747 1351 2828; x_wconf 64' lang='lat' dir='ltr'><strong>materialium,</strong></span> 
     </span>
     <span class='ocr_line' id='line_1_23' title="bbox 250 2860 1352 2950; baseline -0.003 -22"><span class='ocrx_word' id='word_1_195' title='bbox 250 2864 304 2950; x_wconf 92' lang='lat' dir='ltr'><strong>qui</strong></span> <span class='ocrx_word' id='word_1_196' title='bbox 325 2865 383 2929; x_wconf 91' lang='lat' dir='ltr'><strong>hoc</strong></span> <span class='ocrx_word' id='word_1_197' title='bbox 398 2864 558 2943; x_wconf 89' lang='lat' dir='ltr'><strong>obiiciunt,</strong></span> <span class='ocrx_word' id='word_1_198' title='bbox 574 2887 638 2928; x_wconf 93' lang='lat' dir='ltr'><strong>non</strong></span> <span class='ocrx_word' id='word_1_199' title='bbox 657 2864 796 2928; x_wconf 88' lang='lat' dir='ltr'><strong>tribuant</strong></span> <span class='ocrx_word' id='word_1_200' title='bbox 819 2864 1034 2928; x_wconf 87' lang='lat' dir='ltr'><strong>conscientiam</strong></span> <span class='ocrx_word' id='word_1_201' title='bbox 1051 2860 1219 2946; x_wconf 81' lang='lat' dir='ltr'><strong>horologio,</strong></span> <span class='ocrx_word' id='word_1_202' title='bbox 1236 2861 1269 2924; x_wconf 90' lang='lat' dir='ltr'><strong>in</strong></span> <span class='ocrx_word' id='word_1_203' title='bbox 1291 2882 1352 2946; x_wconf 91' lang='lat' dir='ltr'><strong>quo</strong></span> 
     </span>
     <span class='ocr_line' id='line_1_24' title="bbox 250 2970 1353 3062; baseline -0.003 -22"><span class='ocrx_word' id='word_1_204' title='bbox 250 2999 314 3041; x_wconf 92' lang='lat' dir='ltr'><strong>una</strong></span> <span class='ocrx_word' id='word_1_205' title='bbox 338 2999 410 3062; x_wconf 92' lang='lat' dir='ltr'><strong>pars</strong></span> <span class='ocrx_word' id='word_1_206' title='bbox 432 2984 534 3042; x_wconf 91' lang='lat' dir='ltr'><strong>movet</strong></span> <span class='ocrx_word' id='word_1_207' title='bbox 556 2976 657 3055; x_wconf 91' lang='lat' dir='ltr'><strong>aliam,</strong></span> <span class='ocrx_word' id='word_1_208' title='bbox 680 2975 734 3040; x_wconf 88' lang='lat' dir='ltr'><strong>sed</strong></span> <span class='ocrx_word' id='word_1_209' title='bbox 754 2984 877 3041; x_wconf 88' lang='lat' dir='ltr'><strong>tanturn</strong></span> <span class='ocrx_word' id='word_1_210' title='bbox 899 2970 1046 3040; x_wconf 77' lang='lat' dir='ltr'><strong>animali?</strong></span> <span class='ocrx_word' id='word_1_211' title='bbox 1091 2974 1161 3039; x_wconf 91' lang='lat' dir='ltr'><strong>Hoc</strong></span> <span class='ocrx_word' id='word_1_212' title='bbox 1182 2973 1265 3037; x_wconf 90' lang='lat' dir='ltr'><strong>euim</strong></span> <span class='ocrx_word' id='word_1_213' title='bbox 1287 2974 1353 3059; x_wconf 85' lang='lat' dir='ltr'><strong>ipso</strong></span> 
     </span>
     <span class='ocr_line' id='line_1_25' title="bbox 251 3085 1353 3171; baseline -0.001 -21"><span class='ocrx_word' id='word_1_214' title='bbox 251 3088 325 3151; x_wconf 88' lang='lat' dir='ltr'><strong>satis</strong></span> <span class='ocrx_word' id='word_1_215' title='bbox 342 3087 511 3152; x_wconf 90' lang='lat' dir='ltr'><strong>ostendunt</strong></span> <span class='ocrx_word' id='word_1_216' title='bbox 525 3086 573 3152; x_wconf 91' lang='lat' dir='ltr'><strong>vel</strong></span> <span class='ocrx_word' id='word_1_217' title='bbox 592 3110 683 3151; x_wconf 87' lang='lat' dir='ltr'><strong>suum</strong></span> <span class='ocrx_word' id='word_1_218' title='bbox 700 3095 916 3171; x_wconf 82' lang='lat' dir='ltr'><strong>argumentum</strong></span> <span class='ocrx_word' id='word_1_219' title='bbox 939 3085 1017 3149; x_wconf 92' lang='lat' dir='ltr'><strong>nihil</strong></span> <span class='ocrx_word' id='word_1_220' title='bbox 1036 3085 1144 3164; x_wconf 89' lang='lat' dir='ltr'><strong>valere,</strong></span> <span class='ocrx_word' id='word_1_221' title='bbox 1166 3085 1214 3149; x_wconf 92' lang='lat' dir='ltr'><strong>vel</strong></span> <span class='ocrx_word' id='word_1_222' title='bbox 1236 3107 1269 3149; x_wconf 90' lang='lat' dir='ltr'><strong>se</strong></span> <span class='ocrx_word' id='word_1_223' title='bbox 1290 3107 1353 3149; x_wconf 89' lang='lat' dir='ltr'><strong>non</strong></span> 
     </span>
     <span class='ocr_line' id='line_1_26' title="bbox 251 3196 1355 3283; baseline -0.001 -21"><span class='ocrx_word' id='word_1_224' title='bbox 251 3198 362 3262; x_wconf 91' lang='lat' dir='ltr'><strong>audere</strong></span> <span class='ocrx_word' id='word_1_225' title='bbox 385 3197 533 3263; x_wconf 88' lang='lat' dir='ltr'><strong>deducere</strong></span> <span class='ocrx_word' id='word_1_226' title='bbox 555 3197 786 3283; x_wconf 88' lang='lat' dir='ltr'><strong>consequentias</strong></span> <span class='ocrx_word' id='word_1_227' title='bbox 809 3197 964 3276; x_wconf 90' lang='lat' dir='ltr'><strong>absurdas,</strong></span> <span class='ocrx_word' id='word_1_228' title='bbox 980 3218 1051 3282; x_wconf 91' lang='lat' dir='ltr'><strong>quae</strong></span> <span class='ocrx_word' id='word_1_229' title='bbox 1068 3218 1105 3261; x_wconf 88' lang='lat' dir='ltr'><strong>ex</strong></span> <span class='ocrx_word' id='word_1_230' title='bbox 1122 3218 1157 3261; x_wconf 89' lang='lat' dir='ltr'><strong>eo</strong></span> <span class='ocrx_word' id='word_1_231' title='bbox 1171 3196 1312 3277; x_wconf 87' lang='lat' dir='ltr'><strong>fluerent,</strong></span> <span class='ocrx_word' id='word_1_232' title='bbox 1328 3198 1355 3261; x_wconf 86' lang='lat' dir='ltr'><strong>si</strong></span> 
     </span>
     <span class='ocr_line' id='line_1_27' title="bbox 250 3308 1355 3396; baseline 0.001 -22"><span class='ocrx_word' id='word_1_233' title='bbox 250 3310 373 3374; x_wconf 86' lang='lat' dir='ltr'><strong>valeret.</strong></span> <span class='ocrx_word' id='word_1_234' title='bbox 417 3310 501 3395; x_wconf 83' lang='lat' dir='ltr'><strong>Ergo</strong></span> <span class='ocrx_word' id='word_1_235' title='bbox 516 3317 620 3396; x_wconf 89' lang='lat' dir='ltr'><strong>aperte</strong></span> <span class='ocrx_word' id='word_1_236' title='bbox 634 3318 719 3395; x_wconf 90' lang='lat' dir='ltr'><strong>patet</strong></span> <span class='ocrx_word' id='word_1_237' title='bbox 739 3308 824 3395; x_wconf 90' lang='lat' dir='ltr'><strong>quod</strong></span> <span class='ocrx_word' id='word_1_238' title='bbox 838 3309 877 3374; x_wconf 90' lang='lat' dir='ltr'><strong>ad</strong></span> <span class='ocrx_word' id='word_1_239' title='bbox 890 3309 985 3373; x_wconf 91' lang='lat' dir='ltr'><strong>vitam</strong></span> <span class='ocrx_word' id='word_1_240' title='bbox 1000 3308 1176 3374; x_wconf 87' lang='lat' dir='ltr'><strong>sensitivam</strong></span> <span class='ocrx_word' id='word_1_241' title='bbox 1190 3308 1355 3394; x_wconf 85' lang='lat' dir='ltr'><strong>requiritur</strong></span> 
     </span>
     <span class='ocr_line' id='line_1_28' title="bbox 251 3419 1081 3505; baseline 0.001 -21"><span class='ocrx_word' id='word_1_242' title='bbox 251 3420 367 3505; x_wconf 91' lang='lat' dir='ltr'><strong>aliquid</strong></span> <span class='ocrx_word' id='word_1_243' title='bbox 381 3429 493 3505; x_wconf 77' lang='lat' dir='ltr'><strong>praeter</strong></span> <span class='ocrx_word' id='word_1_244' title='bbox 508 3420 665 3485; x_wconf 90' lang='lat' dir='ltr'><strong>materiam</strong></span> <span class='ocrx_word' id='word_1_245' title='bbox 680 3429 711 3485; x_wconf 96' lang='lat' dir='ltr'><strong>et</strong></span> <span class='ocrx_word' id='word_1_246' title='bbox 726 3421 792 3485; x_wconf 91' lang='lat' dir='ltr'><strong>eius</strong></span> <span class='ocrx_word' id='word_1_247' title='bbox 808 3419 1081 3485; x_wconf 86' lang='lat' dir='ltr'><strong>modificationes*.</strong></span> 
     </span>
    </p>

    <p class='ocr_par' dir='ltr' id='par_1_6' title="bbox 253 3530 1360 4171">
     <span class='ocr_line' id='line_1_29' title="bbox 295 3530 1355 3616; baseline 0.001 -20"><span class='ocrx_word' id='word_1_248' title='bbox 295 3534 349 3596; x_wconf 74' lang='lat'><strong>42.</strong></span> <span class='ocrx_word' id='word_1_249' title='bbox 373 3531 466 3608; x_wconf 76' lang='lat' dir='ltr'><strong>Quod</strong></span> <span class='ocrx_word' id='word_1_250' title='bbox 481 3532 508 3596; x_wconf 90' lang='lat' dir='ltr'><strong>si</strong></span> <span class='ocrx_word' id='word_1_251' title='bbox 521 3554 559 3595; x_wconf 87' lang='lat' dir='ltr'><strong>ex</strong></span> <span class='ocrx_word' id='word_1_252' title='bbox 572 3532 635 3596; x_wconf 90' lang='lat' dir='ltr'><strong>vita</strong></span> <span class='ocrx_word' id='word_1_253' title='bbox 650 3530 794 3596; x_wconf 89' lang='lat' dir='ltr'><strong>sensitiva</strong></span> <span class='ocrx_word' id='word_1_254' title='bbox 816 3531 1006 3596; x_wconf 90' lang='lat' dir='ltr'><strong>convincitur</strong></span> <span class='ocrx_word' id='word_1_255' title='bbox 1025 3553 1091 3595; x_wconf 90' lang='lat' dir='ltr'><strong>esse</strong></span> <span class='ocrx_word' id='word_1_256' title='bbox 1108 3530 1224 3616; x_wconf 92' lang='lat' dir='ltr'><strong>aliquid</strong></span> <span class='ocrx_word' id='word_1_257' title='bbox 1246 3532 1279 3595; x_wconf 91' lang='lat' dir='ltr'><strong>in</strong></span> <span class='ocrx_word' id='word_1_258' title='bbox 1298 3533 1355 3597; x_wconf 62' lang='lat' dir='ltr'><strong>hoa</strong></span> 
     </span>
     <span class='ocr_line' id='line_1_30' title="bbox 253 3642 1357 3727; baseline 0.002 -20"><span class='ocrx_word' id='word_1_259' title='bbox 253 3643 336 3707; x_wconf 91' lang='lat' dir='ltr'><strong>mine</strong></span> <span class='ocrx_word' id='word_1_260' title='bbox 349 3651 460 3727; x_wconf 86' lang='lat' dir='ltr'><strong>praeter</strong></span> <span class='ocrx_word' id='word_1_261' title='bbox 475 3664 585 3727; x_wconf 90' lang='lat' dir='ltr'><strong>puram</strong></span> <span class='ocrx_word' id='word_1_262' title='bbox 599 3642 767 3721; x_wconf 90' lang='lat' dir='ltr'><strong>materiam,</strong></span> <span class='ocrx_word' id='word_1_263' title='bbox 789 3642 890 3707; x_wconf 88' lang='lat' dir='ltr'><strong>multo</strong></span> <span class='ocrx_word' id='word_1_264' title='bbox 911 3642 1010 3726; x_wconf 85' lang='lat' dir='ltr'><strong>magis</strong></span> <span class='ocrx_word' id='word_1_265' title='bbox 1032 3664 1068 3707; x_wconf 87' lang='lat' dir='ltr'><strong>ex</strong></span> <span class='ocrx_word' id='word_1_266' title='bbox 1090 3642 1152 3707; x_wconf 89' lang='lat' dir='ltr'><strong>vita</strong></span> <span class='ocrx_word' id='word_1_267' title='bbox 1173 3643 1357 3709; x_wconf 87' lang='lat' dir='ltr'><strong>intellectiva</strong></span> 
     </span>
     <span class='ocr_line' id='line_1_31' title="bbox 253 3753 1356 3841; baseline 0.003 -23"><span class='ocrx_word' id='word_1_268' title='bbox 253 3754 335 3818; x_wconf 91' lang='lat' dir='ltr'><strong>idem</strong></span> <span class='ocrx_word' id='word_1_269' title='bbox 344 3753 486 3818; x_wconf 90' lang='lat' dir='ltr'><strong>concludi</strong></span> <span class='ocrx_word' id='word_1_270' title='bbox 500 3761 621 3838; x_wconf 75' lang='lat' dir='ltr'><strong>potest.</strong></span> <span class='ocrx_word' id='word_1_271' title='bbox 661 3753 745 3817; x_wconf 93' lang='lat' dir='ltr'><strong>Nam</strong></span> <span class='ocrx_word' id='word_1_272' title='bbox 760 3762 963 3839; x_wconf 82' lang='lat' dir='ltr'><strong>praeterquam</strong></span> <span class='ocrx_word' id='word_1_273' title='bbox 973 3753 1057 3839; x_wconf 88' lang='lat' dir='ltr'><strong>quod</strong></span> <span class='ocrx_word' id='word_1_274' title='bbox 1071 3762 1252 3839; x_wconf 85' lang='lat' dir='ltr'><strong>argumenta</strong></span> <span class='ocrx_word' id='word_1_275' title='bbox 1267 3778 1356 3841; x_wconf 88' lang='lat' dir='ltr'><strong>supe-</strong></span> 
     </span>
     <span class='ocr_line' id='line_1_32' title="bbox 253 3864 1357 3949; baseline 0.003 -21"><span class='ocrx_word' id='word_1_276' title='bbox 253 3864 318 3929; x_wconf 89' lang='lat' dir='ltr'><strong>rins</strong></span> <span class='ocrx_word' id='word_1_277' title='bbox 332 3864 414 3929; x_wconf 85' lang='lat' dir='ltr'><strong>facta</strong></span> <span class='ocrx_word' id='word_1_278' title='bbox 427 3864 585 3929; x_wconf 85' lang='lat' dir='ltr'><strong>transferri</strong></span> <span class='ocrx_word' id='word_1_279' title='bbox 598 3872 729 3949; x_wconf 87' lang='lat' dir='ltr'><strong>possunt</strong></span> <span class='ocrx_word' id='word_1_280' title='bbox 752 3885 789 3927; x_wconf 86' lang='lat' dir='ltr'><strong>ex</strong></span> <span class='ocrx_word' id='word_1_281' title='bbox 810 3864 962 3949; x_wconf 83' lang='lat' dir='ltr'><strong>integros</strong></span> <span class='ocrx_word' id='word_1_282' title='bbox 982 3886 1074 3929; x_wconf 89' lang='lat' dir='ltr'><strong>sensu</strong></span> <span class='ocrx_word' id='word_1_283' title='bbox 1096 3864 1136 3929; x_wconf 90' lang='lat' dir='ltr'><strong>ad</strong></span> <span class='ocrx_word' id='word_1_284' title='bbox 1156 3864 1357 3947; x_wconf 89' lang='lat' dir='ltr'><strong>intellectum,</strong></span> 
     </span>
     <span class='ocr_line' id='line_1_33' title="bbox 255 3975 1360 4061; baseline 0.002 -20"><span class='ocrx_word' id='word_1_285' title='bbox 255 3976 371 4041; x_wconf 91' lang='lat' dir='ltr'><strong>accedit</strong></span> <span class='ocrx_word' id='word_1_286' title='bbox 394 3976 478 4061; x_wconf 91' lang='lat' dir='ltr'><strong>quod</strong></span> <span class='ocrx_word' id='word_1_287' title='bbox 500 3976 562 4040; x_wconf 86' lang='lat' dir='ltr'><strong>vita</strong></span> <span class='ocrx_word' id='word_1_288' title='bbox 583 3975 769 4040; x_wconf 89' lang='lat' dir='ltr'><strong>intellectiva</strong></span> <span class='ocrx_word' id='word_1_289' title='bbox 790 3984 946 4041; x_wconf 84' lang='lat' dir='ltr'><strong>exercetur</strong></span> <span class='ocrx_word' id='word_1_290' title='bbox 968 3976 1046 4041; x_wconf 87' lang='lat' dir='ltr'><strong>circa</strong></span> <span class='ocrx_word' id='word_1_291' title='bbox 1066 3976 1184 4042; x_wconf 88' lang='lat' dir='ltr'><strong>obiecta</strong></span> <span class='ocrx_word' id='word_1_292' title='bbox 1203 3986 1360 4043; x_wconf 90' lang='lat' dir='ltr'><strong>transcen-</strong></span> 
     </span>
     <span class='ocr_line' id='line_1_34' title="bbox 256 4087 1359 4171; baseline 0.004 -19"><span class='ocrx_word' id='word_1_293' title='bbox 256 4087 360 4153; x_wconf 90' lang='lat' dir='ltr'><strong>dentia</strong></span> <span class='ocrx_word' id='word_1_294' title='bbox 381 4110 504 4152; x_wconf 91' lang='lat' dir='ltr'><strong>omnem</strong></span> <span class='ocrx_word' id='word_1_295' title='bbox 520 4088 689 4167; x_wconf 90' lang='lat' dir='ltr'><strong>materiam,</strong></span> <span class='ocrx_word' id='word_1_296' title='bbox 704 4096 741 4152; x_wconf 91' lang='lat' dir='ltr'><strong>ut</strong></span> <span class='ocrx_word' id='word_1_297' title='bbox 763 4096 838 4152; x_wconf 90' lang='lat' dir='ltr'><strong>sunt</strong></span> <span class='ocrx_word' id='word_1_298' title='bbox 858 4110 922 4167; x_wconf 90' lang='lat' dir='ltr'><strong>ens,</strong></span> <span class='ocrx_word' id='word_1_299' title='bbox 939 4110 1039 4168; x_wconf 88' lang='lat' dir='ltr'><strong>causa,</strong></span> <span class='ocrx_word' id='word_1_300' title='bbox 1056 4087 1236 4169; x_wconf 88' lang='lat' dir='ltr'><strong>substantia,</strong></span> <span class='ocrx_word' id='word_1_301' title='bbox 1252 4090 1359 4171; x_wconf 91' lang='lat' dir='ltr'><strong>virtus,</strong></span> 
     </span>
    </p>
   </div>
   <div class='ocr_carea' id='block_1_3' title="bbox 258 4234 1361 4411">
    <p class='ocr_par' dir='ltr' id='par_1_7' title="bbox 258 4234 1361 4411">
     <span class='ocr_line' id='line_1_35' title="bbox 290 4234 1361 4328; baseline 0.004 -23"><span class='ocrx_word' id='word_1_302' title='bbox 290 4254 309 4291; x_wconf 83' lang='lat'><em>*</em></span> <span class='ocrx_word' id='word_1_303' title='bbox 326 4251 399 4323; x_wconf 84' lang='lat' dir='ltr'><strong>Ergo</strong></span> <span class='ocrx_word' id='word_1_304' title='bbox 411 4253 510 4307; x_wconf 86' lang='lat' dir='ltr'><strong>animae</strong></span> <span class='ocrx_word' id='word_1_305' title='bbox 522 4251 662 4306; x_wconf 88' lang='lat' dir='ltr'><strong>brutorum</strong></span> <span class='ocrx_word' id='word_1_306' title='bbox 674 4271 728 4306; x_wconf 88' lang='lat' dir='ltr'><strong>non</strong></span> <span class='ocrx_word' id='word_1_307' title='bbox 741 4259 805 4307; x_wconf 90' lang='lat' dir='ltr'><strong>sunt</strong></span> <span class='ocrx_word' id='word_1_308' title='bbox 818 4254 977 4323; x_wconf 86' lang='lat' dir='ltr'><strong>materiales,</strong></span> <span class='ocrx_word' id='word_1_309' title='bbox 991 4254 1114 4325; x_wconf 89' lang='lat' dir='ltr'><strong>quamvis</strong></span> <span class='ocrx_word' id='word_1_310' title='bbox 1126 4234 1265 4328; x_wconf 84' lang='lat' dir='ltr'><strong>indigeant</strong></span> <span class='ocrx_word' id='word_1_311' title='bbox 1277 4255 1361 4311; x_wconf 84' lang='lat' dir='ltr'><strong>infor·</strong></span> 
     </span>
     <span class='ocr_line' id='line_1_36' title="bbox 258 4339 1034 4411; baseline 0.005 -20"><span class='ocrx_word' id='word_1_312' title='bbox 258 4355 331 4393; x_wconf 85' lang='lat' dir='ltr'><strong>mare</strong></span> <span class='ocrx_word' id='word_1_313' title='bbox 343 4340 492 4410; x_wconf 89' lang='lat' dir='ltr'><strong>materiam,</strong></span> <span class='ocrx_word' id='word_1_314' title='bbox 505 4344 537 4393; x_wconf 93' lang='lat' dir='ltr'><strong>ut</strong></span> <span class='ocrx_word' id='word_1_315' title='bbox 548 4339 653 4411; x_wconf 90' lang='lat' dir='ltr'><strong>possint</strong></span> <span class='ocrx_word' id='word_1_316' title='bbox 663 4339 761 4395; x_wconf 88' lang='lat' dir='ltr'><strong>habere</strong></span> <span class='ocrx_word' id='word_1_317' title='bbox 773 4346 864 4395; x_wconf 90' lang='lat' dir='ltr'><strong>actum</strong></span> <span class='ocrx_word' id='word_1_318' title='bbox 877 4340 1034 4395; x_wconf 87' lang='lat' dir='ltr'><strong>naturalem.</strong></span> 
     </span>
    </p>
   </div>
   <div class='ocr_carea' id='block_1_4' title="bbox 0 0 1621 4975">
    <p class='ocr_par' dir='ltr' id='par_1_8' title="bbox 0 0 1621 4975">
     <span class='ocr_line' id='line_1_37' title="bbox 0 0 1621 4975; baseline 0 0"><span class='ocrx_word' id='word_1_319' title='bbox 0 0 1621 4975; x_wconf 95' lang='lat' dir='ltr'><strong> </strong></span> 
     </span>
    </p>
   </div>
  </div>
 </body>
</html>
