3200 4975
252 317 318 381 286
710 334 753 377 na
771 331 918 379 uourua.
1201 308 1286 393 [car.
1303 328 1356 371 111.

252 503 336 567 omni
358 503 439 567 bono
462 502 487 567 si
509 511 679 588 perseveret
701 504 734 567 in
749 526 815 569 esse
830 503 931 589 quoad
946 503 1099 579 animam3
1122 523 1220 586 quum
1235 521 1300 564 esse
1316 500 1355 563 sit

251 614 375 699 aliquod
389 614 527 693 bonum;
549 636 623 699 ergo
636 637 700 679 non
716 615 806 680 debet
821 615 923 680 anima
937 613 1103 700 peccatoris
1118 612 1297 677 conservari.

295 725 478 811 Respondeo
500 749 566 811 acy.
589 735 651 791 ant.
676 726 716 791 ad
739 726 870 812 primam
896 726 982 811 prob.
1007 749 1038 790 a.
1062 734 1125 790 aot.
1151 724 1224 809 quia
1241 732 1358 789 aeterna

251 859 346 922 poena
367 836 502 902 succedit
523 836 555 900 in
577 836 679 902 locum
702 847 827 902 cateruae
849 837 1011 916 felicitatis,
1028 837 1071 901 sic
1093 835 1234 920 exigente
1251 834 1357 899 ordine

251 948 370 1027 morali,
394 956 430 1012 ut
453 948 593 1033 superius
616 949 787 1034 attigimus.
833 950 884 1015 Ad
910 948 1076 1015 secundam
1101 947 1187 1034 prob.
1213 950 1281 1012 dist.
1306 948 1355 1011 Μ.

252 1068 388 1125 meretur
407 1081 507 1125 carere
529 1061 614 1125 omni
631 1060 714 1125 bono
735 1060 883 1146 privative
900 1084 979 1125 conc.
996 1061 1057 1139 M,
1072 1059 1213 1145 negative
1234 1065 1356 1123 tantum

252 1196 318 1257 neq.
333 1173 383 1237 M.
398 1180 430 1237 et
445 1174 576 1238 contrad.
596 1175 667 1237 min.
688 1197 718 1238 a.
739 1196 817 1238 coru.
862 1173 976 1237 Anima
994 1194 1048 1258 per
1068 1179 1226 1257 peccatum
1250 1169 1358 1235 avertit

253 1308 285 1354 se
300 1284 413 1349 abono
427 1284 467 1349 ad
481 1285 565 1369 quod
578 1284 719 1349 ordinata
732 1293 800 1365 est3
823 1285 905 1349 unde
920 1294 1079 1369 peccatum
1094 1305 1157 1348 non
1172 1291 1219 1347 est
1229 1282 1357 1367 simplex

252 1396 386 1481 negatio,
402 1396 455 1461 sed
463 1398 596 1481 privatio
610 1396 726 1461 ordinis
746 1396 852 1462 debiti.
897 1397 938 1461 Et
958 1405 1082 1481 propter
1101 1396 1159 1460 hoe
1177 1416 1271 1479 poena
1286 1416 1357 1479 pec-

253 1508 313 1574 cati
334 1529 398 1572 non
420 1507 511 1573 debet
532 1531 599 1573 esse
612 1531 689 1593 pura
712 1508 837 1593 negatio
859 1508 959 1573 omnis
974 1507 1057 1586 boni,
1073 1506 1127 1572 sed
1141 1506 1270 1592 privatio
1285 1505 1357 1570 sub·

253 1619 332 1684 iecto
346 1619 473 1685 inflicta.
506 1618 639 1685 Privatio
651 1642 721 1685 vero
734 1619 885 1683 eiusmodi
899 1619 1003 1703 exigit,
1013 1627 1049 1681 ut
1063 1618 1172 1682 existat
1187 1617 1358 1682 subiectum

254 1731 435 1795 naturaliter
445 1741 553 1815 aptum
567 1731 607 1796 ad
620 1732 748 1810 bonum,
763 1753 825 1816 quo
840 1732 985 1817 privatur.
1030 1732 1114 1815 Ergo
1127 1752 1221 1816 poena
1235 1739 1359 1814 peccato

254 1843 436 1907 conveniens
451 1842 544 1927 exigit
559 1843 671 1907 servari
685 1843 818 1908 animam
836 1844 1041 1928 superstitem,
1054 1852 1084 1907 et
1095 1843 1208 1927 privari
1215 1843 1268 1907 illo
1277 1843 1358 1907 bono

254 1974 419 2030 summo,a
441 1974 502 2037 quo
525 1975 628 2016 aversa
649 1962 704 2018 est.
752 1953 818 2018 Nec
841 1963 887 2019 est
909 1954 1092 2039 putandum,
1108 1953 1193 2038 quod
1206 1954 1284 2019 illud
1299 1976 1359 2017 esre

253 2066 297 2129 ric
310 2063 421 2128 habeat
436 2086 492 2149 pro
506 2065 608 2129 anima
622 2075 815 2149 peccatorum
832 2067 966 2151 aliquam
981 2066 1132 2131 rationem
1146 2066 1238 2131 boni:
1254 2067 1357 2151 potius

254 2175 337 2238 enim
351 2175 431 2239 valet
445 2176 577 2259 proillio
593 2178 763 2243 sententia:
786 2180 901 2243 Melias
915 2188 979 2243 erat
994 2178 1048 2258 illi,
1063 2181 1090 2243 ai
1104 2188 1192 2243 natm
1213 2202 1271 2243 oon
1277 2179 1359 2263 fuis·

254 2295 299 2350 aet
320 2287 404 2350 homo
415 2287 482 2351 illc:
505 2295 537 2351 et
552 2288 579 2352 si
593 2297 719 2372 possent
733 2289 820 2374 impii
836 2290 939 2353 Deum
955 2290 1104 2354 adducere
1118 2290 1159 2355 ad
1172 2311 1224 2354 eos
1238 2290 1358 2354 annihi-

255 2396 374 2474 landos,
389 2396 422 2461 id
436 2396 502 2461 loco
517 2398 641 2461 maximi
655 2399 795 2463 beneficii
809 2399 987 2464 habendum
1002 2423 1068 2464 esse
1082 2400 1299 2465 existimarent.
1312 2476 1314 2481 ,

299 2513 400 2576 Dices.
432 2511 599 2596 Repugnat
620 2512 778 2598 concipere
803 2513 918 2592 Deum,
941 2513 994 2598 qui
1017 2521 1063 2578 est
1085 2513 1206 2577 infinita
1228 2513 1358 2592 bonitas,

256 2623 436 2708 punientem
451 2622 484 2686 in
499 2631 660 2688 aeternum.

301 2734 484 2820 Respondeo
504 2758 536 2800 n.
558 2745 620 2803 ant.
667 2735 750 2813 Quia
764 2758 885 2800 summa
906 2735 1028 2800 bonitas
1050 2758 1170 2801 summo
1192 2735 1360 2802 detestatur
1421 2747 1423 2750 ’

256 2846 449 2912 violationem
465 2847 583 2912 ordinis
597 2847 731 2928 moralis,
745 2856 777 2912 et
791 2871 912 2912 summe
926 2848 1019 2933 punit
1037 2848 1185 2913 eamdem.
1231 2849 1359 2914 Bonitas

257 2961 340 3024 enim
355 2961 416 3024 Dei
435 2969 483 3026 est
501 2961 568 3046 ipsa
587 2961 653 3025 eius
676 2961 831 3042 sanctitas,
848 2969 879 3025 et
901 2960 967 3046 ipsa
981 2961 1047 3025 eius
1070 2961 1207 3028 iustitia:
1231 2970 1261 3025 et
1282 2961 1360 3026 sicut

257 3094 293 3136 ex
308 3094 345 3135 eo
359 3072 442 3157 quod
456 3073 544 3136 Deus
562 3073 602 3136 sit
624 3072 744 3136 infinite
765 3071 875 3150 iustus,
891 3095 953 3138 non
975 3081 1077 3158 potest
1091 3073 1196 3137 inferri
1210 3073 1294 3158 quod
1308 3096 1361 3136 ne·

257 3192 350 3268 queat
364 3206 486 3269 parcere
506 3184 667 3268 peccatori,
682 3192 714 3248 et
736 3184 853 3249 bonum
875 3182 1026 3250 aeternum
1048 3185 1095 3250 illi
1117 3184 1260 3263 tribuere,
1276 3195 1360 3270 post-

257 3316 350 3378 quam
373 3317 392 3358 a
413 3294 503 3379 culpa
523 3294 702 3378 purificatus
724 3302 781 3374 est,
796 3294 840 3358 ita
861 3317 898 3358 ex
919 3317 956 3359 eo
978 3295 1061 3380 quod
1075 3295 1162 3360 Deus
1184 3296 1224 3360 sit
1242 3296 1361 3360 infinite

257 3405 356 3469 bonus
378 3427 441 3469 non
463 3414 565 3490 potest
579 3405 685 3470 inferri
700 3406 783 3491 quod
798 3407 884 3471 Deus
898 3415 1030 3492 nequeat
1045 3407 1154 3492 punire
1170 3415 1359 3492 peccatorem

257 3515 349 3579 etiam
360 3538 417 3600 pro
430 3524 496 3580 tota
510 3516 690 3594 aeternitate,
707 3516 855 3601 quamdiu
870 3517 1010 3582 videlicet
1026 3517 1125 3602 culpae
1147 3526 1249 3584 reatus
1270 3519 1303 3581 in
1325 3540 1361 3582 eo

259 3635 372 3692 manet.
418 3627 479 3692 Sed
499 3629 568 3693 haec
582 3628 686 3693 Deum
701 3627 813 3713 ipsum,
829 3629 956 3714 eiusque
970 3629 1203 3714 providentiam,
1218 3651 1281 3693 non
1296 3629 1361 3693 ani-

259 3762 340 3804 mam
363 3739 550 3824 respiciunt:
573 3749 604 3805 et
626 3739 694 3806 ideo
715 3763 779 3804 non
802 3749 876 3805 sunt
897 3741 949 3806 hic
970 3741 1170 3822 discutienda,
1192 3741 1306 3806 sedvel
1328 3741 1362 3805 in

256 3858 389 3917 tractatu
411 3851 450 3916 de
463 3850 541 3932 Deo,
556 3852 604 3917 vel
625 3851 658 3915 in
673 3851 793 3932 uthica,
808 3851 864 3916 ubi
886 3852 924 3916 de
947 3853 1104 3921 sanctione
1120 3852 1198 3937 legis
1213 3851 1361 3917 naturalis

258 3962 441 4049 disputatur.
