3200 4975
237 372 308 413 car.
326 350 365 433 1.]
684 374 727 417 na
744 375 891 419 nonius.
1278 356 1340 417 153

238 532 352 615 species
376 530 485 595 obiecti
510 530 665 596 tenebitur
687 554 829 615 praesens.
877 533 979 607 Quare
1001 533 1141 596 voluntas
1161 533 1194 595 in
1220 540 1342 595 tantum

239 645 368 727 imperat
390 643 590 706 attentionem
607 642 652 706 vel
670 644 871 722 reflexionem,
887 644 920 707 in
943 652 1094 727 quantum
1108 644 1202 709 libere
1216 645 1303 727 ponit
1325 667 1343 707 a

241 778 272 819 se
286 756 353 839 ipsa
373 754 589 832 conditionem,
605 777 666 837 qua
680 755 789 838 posita,
804 756 973 819 necessario
992 756 1130 839 sequitur
1147 756 1275 819 attentio
1296 755 1343 818 vel

240 867 360 931 reflexio
371 892 380 945 ;
404 867 493 950 ponit
508 875 611 929 autem
632 866 712 929 hanc
734 866 949 944 conditionem,
965 866 1039 929 dum
1063 890 1094 929 sc
1116 866 1193 930 affici
1209 867 1281 929 sinit
1304 866 1342 930 ab

240 978 358 1045 obiecto
372 986 408 1041 ut
423 978 590 1061 cogitabili,
606 976 698 1041 idest
716 977 789 1040 dum
807 986 889 1041 amat
911 978 988 1041 illud
1003 978 1145 1061 cogitare.
1190 978 1343 1041 Caeterum

239 1090 346 1173 nequit
360 1090 511 1167 voluntas,
523 1098 558 1151 ut
570 1088 642 1151 alibi
657 1100 815 1151 ostensum
827 1098 883 1167 est,
893 1089 1040 1173 imperare
1051 1089 1220 1153 intellectui
1235 1090 1342 1167 activo,

239 1200 293 1285 qui
316 1211 363 1263 est
386 1210 493 1265 actus:
517 1200 659 1284 quaelibet
682 1200 764 1263 enim
789 1200 928 1284 potentia
952 1200 1118 1263 secundum
1142 1200 1218 1263 illud
1241 1210 1343 1285 potest

240 1312 372 1395 recipere
394 1312 567 1395 imperium,
584 1311 751 1375 secundum
768 1310 851 1394 quod
872 1319 973 1395 potest
989 1311 1111 1388 moveri,
1127 1311 1219 1376 idest
1235 1334 1344 1375 secuu-

241 1424 316 1489 dum
331 1446 418 1486 suam
433 1422 639 1507 passivitatem
655 1431 788 1485 tantum.

287 1536 481 1598 Corollarium
494 1536 541 1597 ΙΙ.
564 1535 655 1598 Actio
669 1534 865 1605 convertendi
880 1536 1079 1599 attentionem
1096 1534 1134 1598 de
1148 1557 1211 1597 uno
1226 1533 1343 1598 obiecto

242 1646 380 1710 adalind
400 1647 493 1729 exigit
512 1645 698 1730 simpliciter,
716 1655 750 1708 ut
765 1644 906 1709 voluntas
927 1648 1076 1709 intensius
1096 1647 1199 1731 cupiat
1216 1647 1274 1710 hoo
1294 1669 1345 1710 co-

242 1759 349 1841 gitare,
366 1780 457 1841 quam
474 1756 560 1819 illud.
605 1756 647 1818 Et
662 1756 720 1820 hoe
735 1757 847 1818 iterum
865 1756 982 1819 reducit
997 1778 1053 1819 nos
1069 1756 1108 1819 ad
1122 1757 1344 1840 expressionem

244 1872 275 1933 S.
291 1870 426 1947 Thomas,
442 1868 524 1952 quod
547 1868 681 1931 voluntas
705 1870 800 1931 utitur
822 1869 969 1948 speciebus
988 1876 1083 1950 prout
1104 1870 1176 1946 vult,
1192 1877 1223 1930 et
1246 1867 1345 1931 reddit

242 1982 390 2044 rationem
414 2002 468 2043 cur
491 2002 539 2041 res
562 1979 604 2041 ita
627 2000 659 2041 se
685 1978 806 2056 habeat,
825 1977 897 2061 quia
918 1976 1054 2040 ostendit
1075 1978 1176 2061 ipsum
1200 1978 1271 2041 velle
1293 1980 1347 2042 doc

242 2094 371 2177 cogitare
396 2113 462 2154 esse
488 2090 526 2153 dc
551 2091 632 2153 facto
655 2089 736 2153 idem
763 2111 797 2153 ac
823 2090 1089 2172 praesentationem
1119 2090 1211 2152 huius
1237 2089 1346 2153 obiecti

244 2203 413 2267 secundum
428 2202 557 2286 speciem
574 2223 673 2264 coram
689 2200 847 2269 intellectu
864 2209 983 2283 agente.

285 2318 338 2378 29.
363 2313 440 2389 Quae
455 2313 586 2376 diximus
601 2313 639 2376 de
653 2312 798 2376 facultate
813 2312 993 2375 attendendi
1007 2321 1038 2375 et
1053 2312 1237 2390 reflectendi,
1254 2335 1345 2396 quam

242 2426 335 2490 habet
359 2448 455 2510 purus
476 2425 610 2509 spiritus,
633 2424 738 2508 paucis
761 2424 889 2488 mutatis
909 2424 1055 2509 applicari
1078 2434 1208 2510 possunt
1229 2426 1347 2490 naturis

242 2561 319 2623 pure
343 2537 503 2613 sensitivis,
519 2535 734 2599 substituendo
760 2534 900 2598 videlicet
926 2557 1051 2600 sensum
1074 2546 1216 2620 agentem
1240 2546 1270 2599 et
1292 2560 1346 2620 pa·

241 2651 370 2713 tientem
405 2647 574 2710 intellectui
603 2646 708 2728 agenti
738 2657 769 2709 et
798 2646 938 2730 patienti,
963 2647 1136 2730 appetitum
1166 2647 1346 2712 sensitivum

244 2757 393 2834 rationali,
409 2765 440 2820 et
455 2756 607 2819 obiectum
630 2756 772 2818 sensibile
785 2754 982 2838 intelligibili.
1029 2755 1131 2831 Quare
1145 2778 1185 2819 ne
1198 2757 1348 2822 inutiliter

245 2880 400 2954 repetatur
421 2866 594 2953 praecedens
613 2866 771 2944 discussio,
787 2866 1001 2930 adnotabimus
1023 2866 1073 2930 hic
1087 2878 1208 2930 tantum
1225 2869 1349 2932 conclu-

244 2983 370 3059 sionem,
386 2981 488 3058 idest,
504 2979 587 3063 quod
606 2979 638 3041 in
654 2979 790 3042 subiecto
805 3001 881 3064 pure
896 2979 1041 3044 sensitivo
1058 2979 1103 3042 vis
1121 2979 1301 3044 attendendi
1316 2992 1347 3045 et

244 3092 419 3156 reflecteudi
442 3100 488 3155 est
507 3093 553 3154 vis
576 3090 795 3174 apprehensiva
818 3089 1007 3153 sensibilium
1033 3099 1068 3153 ut
1088 3091 1288 3154 terminabilis
1309 3093 1348 3156 ad

244 3207 396 3268 obiectum
421 3203 468 3266 vel
492 3203 532 3266 ad
557 3202 738 3278 subiectum,
763 3201 932 3264 secundum
956 3201 1039 3285 quod
1064 3200 1245 3264 alterutrum
1275 3212 1349 3266 actu

246 3317 344 3399 magis
355 3316 449 3379 allicit
464 3315 633 3399 appetitum
646 3314 830 3397 cognitionis
843 3313 1003 3390 sensibilis,
1014 3335 1068 3376 seu
1083 3313 1250 3376 secundum
1265 3315 1349 3398 quod

245 3429 343 3510 magis
358 3427 453 3489 trahit
473 3426 512 3489 ad
526 3425 601 3488 velle
621 3424 772 3507 cogitare:
795 3445 850 3508 per
873 3424 930 3487 hoo
949 3423 1031 3487 euim
1046 3424 1148 3508 ipsum
1166 3425 1348 3508 phantasma

247 3541 345 3624 magis
360 3541 473 3604 directe
487 3539 523 3601 fit
537 3559 670 3623 praesens
685 3536 788 3599 sensui
803 3535 917 3618 agenti.

291 3657 344 3718 30.
368 3652 599 3737 Consequeuter
619 3651 652 3713 in
672 3649 840 3732 composito
862 3649 1017 3712 exanima
1036 3658 1068 3713 et
1093 3672 1217 3734 corpore
1235 3652 1279 3715 vis
1302 3661 1348 3715 at-

248 3766 395 3830 tendendi
415 3775 446 3828 et
468 3762 643 3828 reflectendi
657 3761 697 3824 ad
719 3759 874 3824 sensibilia
888 3769 918 3822 et
939 3760 977 3823 ad
996 3763 1183 3825 sensationes
1200 3763 1236 3825 fit
1256 3785 1349 3847 capax
1410 3742 1413 3747 ἱ

247 3877 399 3941 ulterioris
413 3875 606 3960 perfectiouis
621 3875 653 3936 in
669 3895 724 3936 suo
740 3883 810 3934 actu
825 3894 907 3936 exeo
922 3873 1006 3956 quod
1020 3872 1204 3956 principium
1216 3876 1347 3938 activum

248 3990 358 4053 babeat
376 3987 467 4052 simul
488 3988 549 4050 vim
568 3985 748 4048 attendendi
769 3995 800 4046 et
818 3983 992 4046 reflectendi
1010 3984 1049 4046 ad
1066 3963 1347 4068 intelligibilitatem

248 4100 447 4163 sensibilium.
494 4099 575 4160 Nam
593 4098 716 4160 intuitio
738 4094 978 4178 intelligibilium
997 4118 1064 4180 quae
1088 4095 1184 4159 latent
1198 4097 1230 4160 iu
1254 4100 1349 4162 sensi-

249 4212 360 4275 bilibus
384 4220 475 4293 auget
497 4210 673 4271 firmitatem
695 4219 726 4269 et
748 4208 955 4270 extensionem
979 4209 1166 4286 attentionis,
1186 4231 1282 4292 quum
1303 4211 1348 4274 vis

248 4323 431 4386 intellectiva
440 4334 470 4383 et
485 4331 571 4403 regat
583 4319 753 4382 subiectum
769 4318 802 4380 in
818 4318 996 4402 applicanda
1009 4319 1037 4382 vi
1047 4320 1200 4398 sensitiva,
1212 4331 1242 4383 et
1257 4322 1346 4384 faciat
