3200 4975
162 357 183 407 l
215 404 284 447 car.
301 384 373 467 111.]
524 403 1002 448 nnsunsraurmsrrerruam.
1259 380 1321 442 113

214 579 339 654 apparet
365 569 540 654 appetibile.
586 569 647 633 Sed
675 580 762 634 actus
786 570 952 634 voluntatis
981 569 1074 632 habet
1100 567 1158 631 hoc
1182 565 1321 650 speciale,

214 681 296 765 qnod
311 703 374 744 non
389 681 454 745 sola
468 681 647 758 attentione,
663 681 717 744 sed
734 682 826 745 etiam
849 682 1007 745 reflexione
1027 680 1148 744 iuvetur
1163 678 1203 743 ad
1217 677 1319 761 acqui-

213 790 340 855 rendam
354 791 575 856 intensitatem.
620 792 712 855 Ratio
726 802 773 856 est
784 792 858 876 quia
868 792 1009 857 voluntas
1024 813 1087 855 non
1103 789 1189 873 eligit
1203 789 1319 853 bonum

214 902 407 986 speculative,
432 902 485 966 sed
506 903 648 988 practice,
670 904 703 968 id
724 912 770 967 est
792 914 827 969 ut
841 912 888 969 est
903 904 1019 969 bonnm
1035 903 1093 967 sibi
1106 902 1157 966 hic
1172 910 1203 965 et
1218 921 1319 963 nunc:

214 1013 272 1077 hoc
294 1023 398 1077 autem
420 1013 515 1097 exigit
536 1014 729 1079 reflexionem
750 1015 790 1079 ad
809 1015 991 1080 subiectum.
1037 1013 1118 1091 Quia
1133 1020 1237 1076 tamen
1252 1020 1318 1075 tum

214 1125 354 1204 attentio,
384 1134 452 1189 tum
483 1125 614 1204 reflexio,
645 1126 759 1191 directe
788 1126 922 1191 reddunt
952 1126 1084 1211 speciem
1113 1123 1268 1188 clariorem
1289 1129 1321 1185 et

214 1246 332 1301 motum
357 1237 530 1301 affectivum
554 1238 721 1317 fortiorem,
745 1237 815 1301 ideo
837 1247 938 1322 potest
959 1236 1137 1322 simpliciter
1152 1235 1221 1311 dici,
1236 1232 1319 1318 qnod

214 1348 376 1412 intensitas
399 1358 524 1413 actuum
547 1349 721 1414 intellectus
744 1359 776 1415 ct
796 1352 963 1415 voluntatis
986 1348 1121 1435 proxime
1144 1346 1258 1433 pendet
1281 1345 1319 1409 ab

213 1458 465 1544 improesionibns
490 1460 523 1524 in
552 1461 699 1545 potentiis
727 1462 856 1547 passivis
884 1461 1094 1539 existentibus,
1125 1468 1217 1545 prout
1247 1466 1320 1521 sunt

214 1570 333 1635 obiecta
347 1571 487 1635 formalia
502 1571 624 1636 illorum
640 1582 775 1637 actuum.
1261 1624 1265 1631 .

257 1683 310 1746 86.
334 1682 715 1763 Quaeritnrdecimonono,
731 1686 873 1769 wiredo
881 1708 978 1769 mnes
996 1687 1118 1769 spiritus
1135 1684 1262 1768 applicet
1281 1681 1321 1745 ed

212 1802 298 1857 aetra
307 1796 367 1857 eim
380 1794 613 1873 illuminativam,
629 1796 804 1875 allectioam,
820 1797 1019 1861 locomotioam
1034 1805 1063 1861 et
1077 1795 1302 1878 iasoramtiocm.

257 1905 449 1989 Respondeo,
461 1906 522 1969 vim
536 1907 771 1972 illuminativam
785 1907 909 1993 prodire
922 1907 956 1971 in
970 1916 1073 1971 actum
1085 1902 1318 1970 illuminationis

213 2041 268 2102 per
286 2018 355 2098 hoc,
377 2016 460 2102 quod
481 2041 537 2103 per
558 2041 624 2083 eam
646 2018 810 2104 recipiatur
832 2027 934 2084 motus
957 2019 1082 2104 quidam
1104 2018 1137 2081 in
1159 2015 1319 2081 intellectu

213 2130 332 2215 passivo
350 2130 489 2194 alterius.
534 2130 641 2194 Virtus
663 2139 764 2195 autem
785 2131 854 2195 haec
869 2139 915 2195 est
930 2130 1072 2215 quaedam
1087 2129 1132 2193 vis
1146 2127 1234 2213 qnasi
1250 2147 1317 2210 spe-

214 2242 412 2326 culmisque
427 2242 538 2306 asein
554 2241 649 2306 alium
672 2241 838 2306 reflectitur
857 2241 921 2321 lux,
940 2264 995 2305 seu
1013 2239 1249 2324 intelligibilitas
1264 2236 1319 2300 ob·

214 2354 328 2434 iecti,a
347 2375 410 2438 quo
432 2354 502 2439 quis
521 2363 568 2418 est
590 2353 802 2432 illuminatns3
824 2376 878 2439 per
899 2354 1102 2437 receptionem
1124 2352 1205 2416 enim
1225 2350 1318 2414 huius

212 2466 290 2531 lucis
311 2465 508 2531 reverberata
529 2466 722 2531 illuminatur
745 2490 826 2531 unus
849 2464 1023 2531 intellectus
1047 2466 1085 2530 ab
1107 2465 1176 2529 alio.
1222 2462 1318 2527 Intel-

213 2578 311 2643 lectus
324 2576 530 2642 illuminantis
548 2578 641 2643 babet
654 2578 805 2642 rationem
828 2601 926 2643 eausae
943 2578 1100 2642 efficientis
1123 2574 1319 2640 materialiter

214 2697 354 2775 sumptae,
369 2688 606 2773 intelligibilitas
616 2690 736 2769 obiecti,
747 2699 783 2754 ut
797 2699 844 2754 est
858 2691 891 2754 in
906 2688 1109 2767 illuminante,
1118 2688 1211 2752 habet
1226 2688 1317 2751 ratio-

213 2823 285 2864 nem
299 2799 437 2865 formalis
456 2801 579 2865 virtutis
598 2802 755 2878 effectivae,
776 2825 838 2886 qua
857 2824 951 2885 agens
971 2801 1045 2884 agit,
1062 2800 1235 2864 intellectus
1250 2822 1317 2883 pas-

214 2910 297 2975 sivus
311 2910 476 2975 illuminati
485 2911 578 2975 habet
589 2911 738 2976 rationem
749 2912 878 2976 subiecti
886 2910 1062 2995 recipientis
1074 2910 1205 2994 speciem
1220 2909 1319 2993 magis

213 3022 261 3086 vel
275 3023 379 3088 minus
392 3023 569 3108 perfectam,
590 3046 646 3108 pro
665 3025 779 3089 maiore
793 3024 841 3089 vel
861 3024 978 3087 minore
998 3025 1096 3106 gradu
1112 3022 1233 3086 virtutis
1248 3021 1318 3085 illu·
1393 3111 1396 3116 1

215 3133 377 3212 minativae,
393 3156 454 3220 qus
468 3157 563 3218 egem
578 3135 777 3199 constituitur
791 3135 960 3200 formaliter
974 3135 1156 3198 causativus.

259 3245 314 3309 Vis
327 3245 467 3310 allectiva
486 3267 548 3308 uon
568 3246 710 3330 producit
729 3255 833 3310 aetum
852 3269 942 3309 suum
960 3246 1146 3325 immediate,
1162 3268 1268 3330 quum,
1285 3254 1319 3308 ut

214 3357 477 3443 supradiximus,
506 3358 572 3422 haec
596 3359 642 3422 vis
671 3359 798 3422 nonsit
827 3358 965 3443 potentia
994 3357 1131 3442 proxima
1159 3357 1320 3436 alliciendi,

215 3468 269 3532 sed
282 3476 405 3532 tantum
421 3478 546 3549 remota,
561 3469 716 3534 mediante
734 3470 847 3534 sedicet
868 3471 966 3554 specie
985 3471 1133 3555 impressa
1147 3471 1180 3534 in
1195 3471 1320 3555 passivi-

215 3588 278 3643 tate
292 3579 477 3644 intellectiva
491 3579 623 3644 alterius.
671 3580 903 3666 Consequenter
917 3591 1003 3646 actus
1019 3582 1179 3647 allicitivus
1194 3606 1258 3647 non
1274 3593 1320 3646 est

215 3690 338 3775 praeciae
353 3689 392 3754 ab
407 3690 611 3770 illuminante,
635 3691 689 3755 sed
706 3692 744 3755 ab
764 3692 883 3756 obiecto
898 3715 952 3776 per
971 3694 1054 3778 quod
1076 3693 1186 3778 aliquis
1205 3694 1320 3757 illumi-

214 3812 315 3881 natur,
330 3810 361 3865 et
376 3801 501 3887 quidem
517 3803 723 3866 mediantibus
738 3803 967 3868 conditionibus
984 3805 1168 3888 quibusdam
1184 3806 1320 3890 penden-

214 3913 297 3977 tibus
312 3937 331 3977 a
348 3913 490 3978 libertate
504 3923 535 3977 et
550 3921 633 3979 statu
648 3915 785 3979 affective
804 3915 977 3999 recipientis
1000 3916 1267 3998 illuminationem,
1285 3928 1321 3983 nt

217 4025 406 4090 dictumest.
976 4097 979 4102 ¹

259 4135 313 4198 Vis
330 4135 511 4201 locomotiva
530 4136 632 4221 prodit
653 4137 686 4200 in
706 4147 808 4202 actum
824 4161 878 4223 per
898 4139 957 4202 hoc
978 4140 1164 4226 simpliciter,
1188 4144 1271 4227 quod
1285 4167 1322 4207 ex

214 4244 371 4309 voluntate
386 4248 506 4330 agentis
521 4247 703 4311 terminetur
717 4248 755 4312 ad
774 4248 942 4328 materiam,
964 4272 1032 4334 quae
1050 4252 1218 4316 necessario
1237 4253 1321 4318 illam

215 4356 347 4440 recipiet,
372 4380 469 4442 quum
495 4359 535 4421 sit
556 4358 648 4423 iners.
698 4359 764 4423 Nec
784 4358 905 4424 difficile
927 4369 974 4424 est
993 4361 1150 4447 concipere
1170 4365 1323 4447 quomodo

261 4489 334 4533 von.
352 4491 390 4532 11.
1138 4495 1150 4534 1
