3200 4975
204 400 276 444 car.
293 380 364 465 nn]
621 402 664 445 nu
680 401 934 446 acornanrmos.
1244 382 1307 444 355

204 567 285 631 inter
293 567 395 632 Deum
407 576 437 632 et
453 575 605 633 creaturas
619 568 854 652 exsurgentibus
869 591 923 654 per
938 568 1121 633 creationem
1136 574 1168 632 et
1182 590 1236 652 per
1249 566 1309 631 alie

205 702 297 766 opera
311 679 372 743 Dei
385 679 426 744 ad
439 688 532 744 extra.
579 681 675 754 Quam
696 682 797 765 iqitar,
814 679 925 764 inquit,
941 682 1026 743 Dens
1047 682 1087 744 eit
1109 688 1194 743 entra
1216 686 1309 744 totam

204 792 335 855 ordinem
349 800 497 871 meatum,
513 800 542 856 et
556 814 653 855 omnes
666 800 807 856 creatorae
821 792 993 856 ordinentur
1007 792 1047 855 ad
1059 793 1163 873 meum,
1178 798 1208 854 et
1222 812 1280 855 non
1295 809 1311 853 e

204 926 349 982 converso,
372 904 557 987 manifestum
584 911 629 967 est
657 904 736 987 qnod
763 910 907 967 ereatura
935 903 1055 967 realiter
1082 904 1250 987 referuntur
1271 904 1312 967 od

204 1018 298 1098 insum
313 1017 429 1089 Deam·
451 1015 554 1079 sedin
569 1016 635 1078 Deo
656 1036 715 1077 non
739 1022 783 1078 est
805 1014 907 1097 aliqua
929 1014 1020 1077 realia
1047 1014 1152 1077 relatio
1181 1015 1243 1076 eina
1272 1013 1313 1076 ad

203 1135 363 1204 menturae,
385 1126 611 1190 redamandum
630 1128 772 1189 rationem
794 1134 920 1205 tantam,
944 1128 976 1189 in
1005 1134 1146 1210 quantum
1168 1132 1308 1188 ereatura
1381 1200 1394 1223 ο

202 1238 372 1321 referantur
386 1238 426 1301 ad
437 1240 539 1321 msam.
586 1238 633 1301 Et
650 1238 693 1301 sie
706 1237 782 1300 nihil
787 1238 929 1320 prohibet
943 1238 1107 1300 huiuamodi
1121 1238 1239 1301 nomina
1253 1236 1307 1299 im-

199 1352 354 1429 portantia
373 1350 544 1413 relationem
563 1349 604 1412 ad
619 1356 783 1413 ereaturam
797 1349 958 1432 predicari
978 1349 1012 1413 de
1026 1351 1092 1411 Deo
1115 1356 1309 1431 attempero,

204 1484 262 1525 non
271 1469 396 1545 propter
410 1461 538 1544 aliquam
552 1462 742 1524 mutationem
755 1462 857 1543 meins,
867 1461 919 1524 aed
925 1468 1049 1545 propter
1060 1468 1200 1524 ereatura
1213 1466 1308 1522 muta-

203 1575 320 1651 tionem,
340 1575 417 1637 sicat
438 1574 570 1637 columna
580 1572 623 1655 fit
644 1573 765 1636 deutera
787 1572 917 1651 animali,
944 1572 1025 1635 nulls
1047 1573 1208 1635 mutatione
1231 1572 1309 1635 drea

205 1686 298 1768 ipsam
312 1686 463 1763 emittente,
478 1685 532 1749 aed
548 1684 669 1747 animoli
684 1684 837 1747 translato.

250 1795 461 1860 Nihilominus
482 1805 568 1879 puto,
584 1795 784 1880 quaestionem
804 1794 884 1859 hano
898 1817 936 1859 ex
948 1794 1008 1859 alio
1028 1794 1178 1878 principio
1200 1793 1309 1857 resolvi

205 1929 314 1991 posse3
337 1930 407 1971 nam
423 1908 530 1971 relatio
545 1907 633 1971 realis
648 1928 746 1971 eausa
760 1906 801 1970 ad
815 1906 957 1970 effectum
972 1927 1035 1969 non
1050 1906 1169 1969 inducit
1191 1904 1308 1969 ratione

205 2019 254 2081 sui
275 2018 408 2103 aliquam
431 2019 632 2082 mutationem
654 2018 766 2082 realem
787 2018 982 2081 intrinsecam
1006 2017 1040 2081 in
1062 2039 1152 2081 eausa
1172 2016 1309 2081 absolute

205 2139 338 2212 sumpta,
355 2129 408 2193 sed
423 2138 544 2194 tantum
557 2130 591 2193 in
606 2130 673 2213 ipso
688 2129 818 2206 effeotn;
841 2129 913 2213 qnia
926 2150 1044 2193 eausam
1058 2136 1308 2206 antecursorem

204 2263 260 2325 per
273 2240 331 2304 hoo
346 2241 500 2325 acquirere
517 2240 629 2305 realem
646 2240 796 2305 rationem
815 2240 856 2305 ad
876 2241 1028 2319 effectum,
1044 2262 1107 2304 uon
1125 2247 1172 2304 est
1189 2260 1309 2304 comam

141 2406 143 2410 .
204 2353 359 2415 intrinsece
372 2354 482 2416 matari
498 2352 568 2434 (hoc
582 2352 665 2415 enim
679 2359 758 2416 esset
773 2352 862 2437 pati),
879 2351 933 2415 sed
947 2360 994 2415 est
1013 2350 1131 2416 canaam
1153 2353 1308 2415 terminare
1407 2408 1410 2413 Α

202 2472 310 2529 aetam·
322 2487 407 2528 mmm
428 2472 514 2529 enno
535 2487 576 2529 ae.
622 2463 714 2528 Unde
736 2464 836 2548 primo
857 2462 898 2528 ad
916 2463 1090 2529 salvandam
1110 2461 1308 2528 immutabili·

202 2585 299 2639 tatem
313 2575 373 2640 Dei
388 2575 585 2640 intrinsecam
599 2584 630 2640 et
644 2575 816 2640 absolutam
832 2597 894 2638 uon
909 2585 956 2639 est
971 2597 1093 2639 neeesse
1108 2597 1260 2667 recurrere
1268 2573 1308 2638 ad

204 2686 383 2750 relationem
397 2687 534 2764 rationis,
549 2708 647 2770 quum
661 2685 767 2750 relatio
781 2686 871 2750 realis
885 2686 1034 2750 intactam
1054 2686 1205 2770 relinquat
1225 2707 1308 2749 earn·
1382 2713 1387 2724 ·

205 2796 275 2859 dem
291 2795 580 2858 immutabilitatem.
628 2796 780 2874 Secundo
795 2797 854 2860 etsi
868 2797 947 2861 male
962 2797 1118 2861 diceretur
1128 2796 1210 2881 quod
1225 2798 1309 2860 Deua

204 2907 334 2991 refertar
346 2907 388 2970 ad
399 2915 574 2985 ereaturam,
591 2907 671 2971 sicut
685 2907 763 2970 male
785 2907 937 2972 diceretur
958 2908 1042 2993 quod
1056 2909 1154 2972 Homo
1176 2908 1305 2992 refertur

204 3018 360 3102 adfllinm,
376 3017 422 3082 vel
436 3019 603 3083 militantia
618 3019 659 3082 ad
670 3019 814 3102 effectam,
824 3018 902 3082 bene
911 3027 1015 3083 tamen
1025 3001 1136 3083 dicitnr
1148 2999 1308 3084 Canama

204 3129 311 3212 referri
336 3130 377 3192 ad
400 3138 573 3207 ereaturam,
594 3130 673 3194 sient
697 3130 810 3195 dicitur
836 3151 942 3195 ranan
965 3130 1071 3214 referri
1095 3132 1136 3194 ad
1151 3131 1251 3214 filiam
1276 3141 1308 3196 et

204 3261 309 3304 cansa
324 3242 364 3304 ad
376 3241 519 3324 effectam,
563 3241 654 3304 Ratio
669 3250 726 3320 est,
742 3241 815 3326 quia
829 3244 914 3306 Dens
927 3251 974 3306 est
988 3264 1101 3306 nomen
1121 3242 1307 3323 absolutum,
1414 3245 1419 3256 '

202 3364 235 3416 et
254 3352 323 3416 ideo
342 3362 472 3416 nonest
490 3362 527 3417 ut
549 3354 592 3419 sie
610 3353 780 3418 releribilet
804 3354 861 3418 sed
876 3355 1009 3433 Creator,
1024 3353 1095 3418 lioet
1113 3355 1308 3419 materialiter

203 3465 244 3528 sit
258 3463 338 3527 idem
357 3464 440 3548 quod
454 3464 551 3542 Deus,
567 3473 671 3528 tamen
690 3465 859 3529 formaliter
880 3465 955 3529 dicit
969 3466 1071 3530 Deum
1094 3475 1128 3530 at
1149 3469 1306 3532 terminan-

200 3584 261 3638 tem
281 3584 379 3640 aetum
399 3576 441 3640 ad
460 3584 567 3640 entra:
589 3584 620 3639 et
638 3598 693 3660 per
712 3575 770 3640 hoc
792 3575 868 3640 dieit
883 3576 1021 3640 ordinem
1037 3577 1075 3640 ad
1091 3586 1183 3657 extra,
1199 3601 1253 3644 seu
1268 3580 1306 3643 ad

148 3742 150 3745 .
201 3693 390 3750 creaturam:
413 3709 469 3750 neo
490 3695 612 3751 tantum
631 3686 706 3751 dicit
727 3687 866 3752 ordinem
890 3679 1059 3752 secundnm
1077 3689 1236 3770 rationem,
1253 3692 1307 3756 sed
1352 3711 1360 3728 ⁰

201 3797 371 3861 seeundum
385 3820 470 3875 rem;
486 3820 557 3862 nam
573 3808 660 3863 aetus
675 3798 824 3862 oreativus
839 3821 901 3862 nou
918 3807 964 3864 est
980 3808 1103 3866 tantum
1123 3800 1305 3867 terminatus

200 3908 242 3973 ad
261 3916 345 3973 extra
362 3909 530 3973 seeundum
550 3917 741 3995 conceptum,
757 3910 812 3974 sed
827 3910 995 3975 seeundum
1010 3910 1199 3992 realitatem3
1222 3913 1306 3996 qnod

203 4020 236 4084 S.
260 4020 394 4084 Thomas
415 4020 539 4084 fatetur.
584 4021 642 4084 nn
671 4043 744 4106 ergo
765 4021 855 4086 realis
871 4023 942 4087 *haeo
963 4022 1070 4087 relatio
1093 4022 1245 4087 Creatoris
1267 4025 1305 4088 ad

203 4141 382 4196 ereaturam.
427 4132 530 4196 'lertio
547 4133 659 4197 entitas
680 4133 834 4198 relationis
848 4143 896 4198 est
911 4133 1023 4198 entitas
1038 4134 1231 4200 fundamenti
1245 4136 1306 4200 tor-

205 4244 325 4308 maliter
341 4245 458 4329 sumpti
468 4270 478 4324 3
502 4267 598 4329 quum
620 4259 722 4309 autem
742 4246 979 4311 fundamentum
1002 4246 1043 4310 sit
1062 4248 1183 4326 creatio,
1199 4256 1229 4310 et
1250 4249 1307 4314 hoo

203 4355 438 4420 fundamentum
460 4357 632 4437 sitiunum,
646 4366 678 4419 et
700 4357 826 4441 quidem
848 4357 927 4422 reale
949 4381 985 4422 ex
1006 4366 1094 4442 parte
1113 4360 1253 4439 creantis,
1270 4370 1305 4424 nt

1041 4472 1133 4533 2a2
