3200 4975
309 331 374 396 228
753 355 794 398 cs
813 354 958 398 norrun.
1274 333 1358 416 [car.
1375 351 1414 392 11.

310 517 424 606 prescio
460 519 562 586 elicere
594 541 761 586 commeant
790 521 887 607 accipi
916 530 1017 606 potest
1046 529 1137 600 recte,
1169 521 1195 584 si
1224 518 1415 603 intelligatur

310 629 511 711 nactericliter,
530 629 573 696 ita
594 640 630 696 ut
653 630 805 716 significet
827 632 934 697 elicere
956 607 1044 697 illurn
1067 639 1180 709 actum,
1203 629 1254 694 cni
1275 628 1416 694 voluntas

311 738 392 806 iacta
402 739 590 807 advertentis
604 740 698 807 libere
713 743 883 808 consentiet
899 743 1043 822 cedendo,
1056 765 1111 807 sen
1124 764 1188 806 non
1203 738 1414 826 repugnando.

312 849 415 930 Quare
434 851 526 918 ctiam
545 853 686 919 voluntas
709 853 803 920 libere
825 854 1017 920 consentiens
1039 876 1103 920 non
1124 854 1235 919 dicitnr
1257 852 1329 917 dare
1349 873 1416 914 esse

312 963 549 1050 complacentia,
558 964 612 1030 aed
626 964 731 1032 cedere
746 966 790 1031 illi
806 966 923 1046 reflexa,
934 975 964 1031 et
980 967 1079 1031 sinere
1094 989 1126 1031 se
1140 975 1227 1030 motu
1237 965 1321 1029 illius
1331 963 1415 1027 ferri.

314 1073 495 1140 Communia
510 1074 605 1162 igitur
619 1076 765 1162 loquendi
781 1077 902 1158 modus,
915 1075 1083 1141 secundum
1098 1099 1189 1162 quem
1203 1074 1306 1139 volitio
1320 1074 1416 1138 libera

312 1183 424 1252 dicitur
437 1209 591 1254 conemur
605 1189 740 1274 quidam,
755 1187 873 1275 probat,
890 1189 1029 1254 volitioni
1042 1189 1184 1254 advenire
1198 1188 1415 1252 formalitatem

312 1295 414 1365 liberae
428 1321 483 1386 per
497 1299 565 1380 hoc,
581 1299 663 1386 quod
678 1300 819 1366 voluntas
834 1300 874 1365 ad
888 1300 1041 1367 obiectum
1055 1301 1179 1387 aliquod
1193 1302 1253 1365 iam
1268 1311 1339 1364 actu
1353 1309 1415 1363 ter-

312 1409 438 1493 minata,
458 1420 490 1478 ct
506 1411 564 1478 hoc
585 1412 754 1494 advertens,
775 1433 838 1478 non
858 1421 1019 1498 repugnet,
1041 1437 1138 1499 quum
1156 1414 1262 1498 possit,
1285 1411 1339 1477 sed
1358 1433 1415 1476 suo

310 1531 381 1590 actu
396 1525 436 1590 sit
450 1533 603 1591 contenta.

354 1637 408 1704 69.
434 1637 561 1704 Obiiciec
581 1639 622 1702 1⁰.
647 1635 722 1702 Esse
742 1644 923 1702 contentum
943 1637 981 1701 de
1001 1637 1101 1723 aliqua
1120 1661 1152 1701 re
1173 1645 1219 1701 est
1237 1644 1308 1700 actu
1330 1658 1413 1700 com-

309 1747 426 1836 placere
448 1748 506 1814 cibi
528 1747 566 1814 dc
588 1747 674 1834 ipsa:
698 1749 783 1834 atqui
807 1749 993 1835 complacere
1015 1749 1074 1814 sibi
1089 1750 1127 1814 de
1142 1748 1243 1834 aliquo
1257 1748 1349 1812 habet
1364 1771 1412 1812 ra-

307 1861 423 1926 tionem
441 1870 528 1926 actus
549 1859 691 1946 positivi3
721 1883 795 1946 ergo
816 1861 849 1926 id
866 1882 927 1946 quo
946 1861 1048 1927 volitio
1069 1862 1178 1946 accipit
1196 1861 1411 1925 formalitatem

307 1971 409 2038 libcroe
423 1981 547 2038 nonest
568 1972 691 2059 negatio
711 1983 796 2038 actus
818 1973 970 2051 contrarii,
987 1973 1040 2038 sed
1060 1984 1145 2038 actus
1162 1973 1311 2058 positivus
1328 1994 1412 2036 com-

307 2083 464 2169 placentia
493 2083 619 2164 reflexa,
650 2107 711 2170 qno
741 2083 811 2170 quis
841 2085 1008 2170 complacet
1037 2085 1096 2150 sibi
1126 2086 1164 2150 de
1193 2084 1412 2170 complacentia

305 2203 473 2280 spontanea
488 2217 522 2260 ac
537 2195 678 2261 naturali.

350 2306 531 2393 Respondeo
557 2329 582 2372 e.
599 2308 680 2373 Mat.
707 2308 774 2373 dict.
801 2311 870 2373 min.
896 2309 922 2372 si
948 2329 1047 2373 sermo
1073 2310 1113 2374 sit
1134 2309 1171 2373 de
1191 2308 1410 2394 complacentia

306 2425 483 2505 spontanea,
499 2440 568 2507 quae
588 2417 747 2486 constitnit
768 2419 922 2484 materiale
939 2420 1092 2486 volitionis
1116 2420 1217 2486 liberae
1237 2444 1262 2486 c.
1282 2423 1363 2501 mia,
1382 2421 1409 2482 si

306 2554 404 2599 sermo
427 2532 468 2599 sit
490 2532 528 2598 de
550 2532 826 2620 complacentiaut
848 2534 943 2599 libera
965 2535 1131 2601 formaliter
1145 2560 1174 2599 o.
1190 2538 1260 2599 mio.
1282 2545 1313 2599 et
1329 2558 1406 2600 coos.

305 2644 381 2711 llsae
396 2646 484 2711 libere
498 2654 676 2711 contentum
693 2647 731 2711 de
746 2646 848 2731 aliqua
866 2670 897 2711 re
918 2669 982 2711 non
1003 2648 1154 2733 significat
1172 2670 1284 2733 ponere
1304 2656 1407 2712 aetum

304 2755 454 2823 directum
473 2756 709 2843 complacentiae,
732 2758 785 2822 sed
804 2758 956 2843 significat
979 2759 1132 2844 quiescere
1155 2760 1262 2832 reflexo
1285 2760 1407 2845 inipso

304 2868 365 2934 iam
388 2868 497 2954 posito,
512 2867 583 2934 licet
604 2867 752 2933 habeatur
773 2869 911 2954 potentia
931 2869 971 2937 ad
985 2870 1171 2954 oppositum.
1215 2871 1330 2935 Verum
1349 2879 1405 2948 est,

306 2979 389 3068 quod
404 2980 458 3068 qui
472 2979 635 3067 acquiescit
649 2980 732 3045 actui
746 2981 808 3044 iam
823 2980 923 3066 posito
939 2980 1016 3045 solet
1037 2980 1150 3047 iterum
1169 2992 1200 3046 et
1222 2982 1334 3046 iterum
1354 2981 1406 3045 ad-

304 3092 418 3158 haerere
427 3090 526 3159 eidem
536 3091 654 3157 obiecto
663 3113 717 3177 per
726 3113 820 3157 novos
836 3100 922 3157 actus
936 3092 1171 3177 complacentia,
1182 3093 1294 3179 quibus
1308 3093 1409 3177 magis

248 3249 256 3264 .
303 3212 334 3270 et
358 3203 454 3290 magis
469 3202 628 3270 confirmat
643 3202 770 3288 positive
785 3226 872 3267 suam
887 3203 1085 3283 electionem3
1109 3205 1163 3269 sed
1177 3205 1235 3270 hoc
1249 3227 1313 3268 non
1335 3227 1406 3290 pro·

304 3314 366 3395 bat,
383 3314 491 3380 debere
501 3314 690 3381 voluntatem
701 3312 766 3377 fieri
780 3314 880 3398 primo
894 3314 1063 3379 formaliter
1076 3324 1107 3381 et
1122 3315 1215 3381 libere
1230 3324 1406 3381 contentam

304 3427 338 3490 in
354 3448 410 3491 suo
420 3436 492 3492 actu
505 3448 560 3511 per
574 3435 677 3492 actum
693 3446 808 3490 novum
823 3425 998 3510 positivum.

347 3536 389 3600 Et
413 3536 464 3600 hic
489 3535 587 3601 obiter
611 3536 711 3602 notari
735 3536 835 3621 cupio,
856 3558 948 3621 quam
974 3536 1203 3622 philosophicus
1229 3539 1269 3603 sit
1291 3539 1324 3604 in
1347 3540 1405 3603 hac

303 3647 438 3727 materia,
460 3647 540 3713 sicut
560 3647 594 3711 in
616 3647 722 3712 multis
744 3646 821 3727 aliis,
845 3670 944 3711 sermo
965 3647 1060 3732 vulgi,
1084 3658 1114 3713 et
1137 3659 1283 3734 quantam
1305 3650 1404 3715 lucem

304 3759 439 3825 veritatis
453 3771 455 3774 ’
469 3757 609 3831 brevibus
631 3759 771 3824 formulis
793 3757 941 3823 includat.
985 3758 1072 3823 Dum
1094 3761 1174 3825 enim
1198 3761 1309 3847 vulgus
1332 3763 1405 3827 dicit

303 3871 493 3939 voluntatem
508 3880 680 3952 contentam,
696 3871 770 3956 quid
785 3871 869 3935 aliud
885 3870 968 3951 dicit,
983 3871 1044 3936 nisi
1059 3873 1244 3938 voluntatem
1261 3877 1406 3939 continere

302 4008 343 4062 se,
358 3984 452 4051 idest
467 4006 589 4048 manere
603 3984 636 4047 in
651 4007 706 4049 sua
721 3982 964 4069 complacentia?
1011 3984 1079 4049 Hoc
1094 3992 1196 4049 autem
1211 3994 1258 4050 est
1277 3986 1405 4051 innuere

303 4096 495 4181 sagacissime
508 4094 722 4160 formalitatern
733 4093 886 4160 volitionis
901 4093 1014 4159 liberae.
1048 4095 1193 4162 Similiter
1209 4096 1283 4161 dum
1293 4097 1404 4181 vulgus

303 4208 376 4273 dicit
391 4209 560 4295 consentire,
575 4206 650 4292 quid
665 4206 750 4272 aliud
765 4205 848 4286 dicit,
865 4205 924 4269 nisi
939 4205 1127 4271 voluntatem
1148 4230 1314 4291 congruere
1334 4232 1404 4273 cunr

302 4343 338 4386 eo
361 4319 444 4405 quod
466 4318 582 4383 sentit?
628 4318 696 4382 Hoc
727 4327 829 4385 autem
853 4327 899 4382 est
922 4316 1069 4401 implicite
1092 4318 1228 4399 innuere,
1253 4320 1404 4387 volentem
