3200 4975
284 358 327 421 92
600 380 643 424 na
660 378 864 425 suasurum
882 377 1086 423 seremanni.
1232 358 1316 442 [cnr.
1334 378 1387 420 ιιι.

283 545 310 608 si
324 544 494 629 plenitudo,
509 568 578 631 quar
591 556 638 610 est
658 548 690 610 in
711 546 830 631 angelo,
855 546 1020 631 accipiatur
1043 546 1156 624 stricte,
1178 546 1234 609 erit
1249 544 1390 628 neganda

284 656 393 741 angelo
413 656 574 741 plenitudo
596 658 734 722 luminis.
781 659 815 722 Si
830 680 900 723 vero
924 667 1064 721 rumatur
1087 656 1157 734 late,
1182 664 1217 719 ut
1239 657 1389 739 significet

283 768 384 832 lucem
403 791 469 833 esse
489 769 663 834 uiuidiorem
689 769 721 834 in
745 770 865 854 angelo,
893 768 1069 834 debiliorem
1095 768 1126 831 iu
1154 768 1286 846 homine,
1314 779 1388 831 tune

283 886 429 964 sequetur
448 888 581 959 tantum,
597 880 657 944 vim
681 881 921 945 ratiocinativam
945 902 1011 944 ease
1036 880 1262 963 expeditiorem,
1283 878 1389 943 certio-

283 1012 348 1054 rem
363 1000 395 1053 et
414 989 589 1055 lucidiorem
617 991 649 1056 in
676 991 795 1076 angelo,
821 1014 913 1077 quam
936 992 969 1055 in
994 991 1134 1057 homine:
1158 999 1189 1055 et
1217 991 1259 1055 rio
1285 998 1389 1055 manet

284 1122 404 1185 semper
418 1100 500 1185 quod
515 1101 605 1165 etiam
622 1102 751 1186 angelus
766 1102 925 1166 discrnrat.

327 1214 378 1277 71.
403 1210 558 1288 Quaritur
573 1214 713 1298 septimo,
728 1222 828 1278 utrum
843 1235 938 1296 punis
960 1214 1084 1297 spiritua
1102 1213 1250 1296 intellipat
1271 1235 1388 1295 compo·

285 1324 377 1387 nendo
392 1332 422 1387 et
435 1324 599 1388 diuidenda.
948 1370 951 1378 .

279 1500 282 1507 ,
327 1434 507 1519 Respondet
522 1436 554 1500 S.
570 1436 703 1499 Thomas
718 1436 868 1519 negative.
913 1435 966 1499 Ait
982 1435 1063 1499 enim
1079 1436 1121 1519 (p.
1139 1438 1168 1499 l.
1181 1458 1212 1521 q.
1223 1437 1275 1500 58.
1291 1460 1319 1500 a.
1334 1437 1389 1519 4):

285 1546 371 1609 Sicut
381 1547 414 1609 in
424 1546 573 1611 intellectu
586 1548 781 1610 ratiocinante
791 1555 980 1629 comparatur
995 1546 1139 1609 maelmin
1152 1547 1193 1610 ad
1198 1549 1389 1631 princepum,

284 1659 328 1721 ita
342 1659 375 1721 in
389 1658 536 1735 intellectu
550 1668 737 1742 componente
751 1666 780 1721 et
794 1659 937 1722 dividente
952 1668 1138 1741 comparatur
1147 1660 1338 1742 predicatum
1353 1661 1394 1723 ad

284 1770 452 1833 auhieetum.
478 1769 515 1832 Si
525 1771 601 1832 enim
611 1769 773 1835 intellectus
786 1772 992 1833 naatmatntim
1004 1771 1035 1831 in
1049 1770 1111 1853 ipso
1121 1772 1267 1853 principio
1282 1772 1391 1835 videret

286 1879 475 1943 conclusionis
491 1878 652 1959 ueritatem,
672 1903 830 1964 numquam
849 1876 1022 1963 intelliperet
1043 1881 1226 1944 dicorrrendo
1241 1881 1288 1944 ael
1298 1885 1391 1945 ratio·

284 1990 416 2053 cinando.
462 1990 616 2071 Similiter,
638 1992 666 2053 ci
691 1990 852 2053 intellectus
877 1992 978 2053 atatim
1003 1992 1035 2052 in
1058 1991 1282 2073 apprehensione
1308 1993 1391 2074 quid-

286 2102 388 2164 ditatie
409 2102 531 2164 subiecti
553 2102 670 2164 haberet
696 2103 832 2164 notitiam
851 2102 885 2164 de
900 2102 1040 2177 omnihus,
1057 2122 1119 2184 quae
1128 2100 1252 2184 possunt
1269 2104 1392 2165 attribui

284 2214 411 2275 auhieeto
425 2213 472 2276 vel
483 2215 623 2276 remoueri
641 2214 678 2276 ah
701 2235 744 2290 eo,
768 2210 925 2295 numquam
950 2212 1123 2295 intelliperet
1149 2215 1339 2296 componendo
1362 2224 1392 2278 et

286 2321 445 2402 dividendo,
459 2325 511 2387 sed
527 2324 620 2387 colum
642 2323 827 2406 intellipendo
851 2323 930 2406 quod
943 2322 1021 2405 'quid
1032 2330 1084 2385 est.
1131 2323 1184 2385 Sic
1198 2325 1288 2406 ipitur
1295 2331 1392 2407 patet,

288 2436 366 2518 quod
378 2457 415 2499 ea·
434 2436 531 2499 eodem
544 2436 691 2519 prouenit,
719 2435 797 2519 quod
819 2434 981 2500 intellectus
1003 2442 1101 2498 noster
1124 2434 1261 2519 intellipit
1284 2436 1394 2500 meur·

286 2548 384 2625 rende,
400 2556 430 2610 et
444 2547 634 2630 componendo
649 2555 678 2608 ct
693 2546 852 2624 diuidendo,
868 2568 905 2608 ea
920 2547 974 2608 hoe
992 2545 1110 2622 scilieet,
1132 2546 1210 2627 quod
1221 2567 1279 2608 non
1292 2549 1394 2609 statim

286 2661 317 2720 in
326 2660 426 2742 prima
440 2650 664 2742 apprehensione
684 2658 807 2720 alieuius
824 2658 917 2740 primi
943 2657 1115 2739 apprehensi
1131 2665 1232 2740 potest
1255 2660 1394 2740 inspicere

287 2770 430 2852 quidquid
450 2771 481 2832 r'n
504 2792 536 2832 eo
562 2771 671 2832 uirtute
701 2767 883 2831 continetur}
906 2768 985 2849 quod
1012 2768 1153 2850 eontinpr't
1182 2790 1218 2830 ea
1247 2769 1394 2833 debilitate

288 2882 405 2944 luminie
427 2880 631 2944 intellectualis
652 2882 685 2942 in
706 2880 797 2956 nohis,
820 2879 897 2941 sieut
918 2878 1028 2940 dictum
1042 2885 1086 2941 est
1100 2885 1157 2940 art.
1168 2900 1258 2961 praec.
1301 2879 1392 2958 Unde,

288 3014 376 3074 quum
390 2992 422 3052 in
436 2991 538 3074 anpele
552 2992 593 3053 cit
605 2991 700 3052 lumen
708 2988 904 3051 intellectuale
912 2988 1077 3070 perfeetum
1089 2987 1188 3069 (quum
1198 2990 1239 3051 sit
1247 2989 1394 3070 operculum

282 3125 391 3187 purum
407 3109 436 3165 et
452 3102 651 3178 clarissimum,
663 3107 697 3162 ut
707 3100 779 3162 dicit
795 3099 982 3181 Dionysius),
998 3099 1174 3181 relinquitur
1188 3100 1267 3181 quod
1276 3100 1395 3183 anpelua

286 3216 363 3276 deut
379 3235 438 3275 non
457 3212 595 3294 intellipit
612 3210 824 3287 ratiocinando,
845 3211 888 3272 ita
911 3231 970 3270 non
992 3209 1130 3292 intellipit
1150 3211 1341 3293 componendo
1363 3219 1393 3274 et

287 3323 448 3386 diuidendo.
612 3399 616 3404 ι

329 3433 478 3495 Doctrina
500 3433 564 3496 haec
586 3441 633 3494 cst
655 3434 780 3516 optima,
804 3431 834 3493 in
859 3440 1009 3515 quantum
1033 3453 1068 3494 ex
1092 3431 1246 3496 debilitate
1265 3433 1392 3497 luminis

286 3541 500 3630 intellectualis
515 3542 639 3606 deducit
653 3542 863 3605 necessitatem
879 3542 1081 3626 componendi
1095 3551 1126 3605 et
1141 3542 1306 3607 dividendi.
1330 3544 1391 3608 Sed

288 3652 372 3737 quod
386 3651 488 3736 angeli
502 3652 635 3715 habeant
650 3651 754 3715 lumen
769 3651 974 3715 intellectuale
990 3651 1032 3714 ita
1046 3652 1225 3736 perfectum,
1239 3665 1276 3716 ut
1290 3656 1393 3717 atatim

288 3767 431 3849 inprime
451 3765 677 3851 apprehensione
698 3765 822 3826 alicuius
837 3766 929 3846 primi
947 3765 1119 3847 apprehensi
1138 3766 1295 3847 inspiciant
1310 3766 1393 3849 quid-

289 3878 362 3960 quid
374 3878 406 3964 in
420 3899 452 3940 eo
473 3878 593 3939 uirtute
604 3876 778 3952 continetur,
796 3873 856 3937 hoc
871 3896 927 3937 uec
941 3896 995 3956 per
1008 3873 1101 3936 'verba
1116 3873 1259 3960 Dionysii
1272 3875 1393 3958 probari

288 3997 399 4072 potest,
425 4009 481 4052 nee
507 3986 565 4050 alia
587 3985 712 4048 omuino
735 3985 861 4048 ratione.
917 3985 1009 4062 Nam,
1034 3985 1113 4048 sieut
1137 4006 1200 4048 non
1216 3991 1353 4069 'possunt
1374 4009 1394 4049 a

289 4098 434 4163 creaturis
455 4096 598 4182 cognosci
619 4095 716 4159 multa
736 4095 768 4158 iu
787 4118 851 4159 uno
872 4095 1021 4179 principio
1042 4095 1204 4158 universali
1225 4094 1393 4158 secundum

288 4210 441 4295 propriam
457 4209 672 4292 coguitionem,
688 4207 742 4270 sed
760 4207 859 4270 solum
884 4206 916 4269 iu
934 4206 1100 4283 communi,
1117 4216 1151 4268 ut
1170 4227 1263 4290 supra
1277 4206 1393 4295 notavi-

289 4343 358 4384 mus
373 4343 442 4385 cum
460 4321 491 4382 S.
508 4319 634 4396 Thomu,
651 4318 693 4382 ita
708 4339 770 4380 non
787 4324 888 4401 potest
909 4317 1008 4401 prima
1028 4315 1228 4399 apprehensio
1251 4324 1394 4379 creaturae
