3200 4975
191 426 262 470 611.
280 406 336 491 11.]
508 428 550 470 na
567 428 768 471 6666111111
784 429 988 471 sermenem.
1251 408 1295 470 ts

190 590 269 653 idern
286 590 413 655 resultet
428 591 526 669 exiis,
548 614 615 675 quae
637 591 725 655 docet
744 614 775 675 p.
795 595 823 654 1.
840 614 870 676 q.
889 594 961 657 107.
978 591 1016 655 de
1034 590 1188 655 locutione
1202 614 1296 675 ange·

190 704 309 782 lorum;
333 704 376 767 ita
390 712 426 767 ut
441 704 554 767 mirum
575 704 625 782 sit,
651 724 722 767 eum
746 703 882 787 potuisse
907 703 995 767 aliter
1018 703 1130 766 sentire
1152 702 1187 766 in
1206 703 1298 767 citata

191 816 446 899 qb6et58.¹

235 928 384 991 Praeterea
398 934 549 1011 repugnat
564 928 729 1011 potentiam
743 928 894 1011 passivam
905 926 1078 991 intellectus
1089 948 1156 991 esse
1165 924 1299 989 totaliter

191 1039 374 1123 completam
400 1038 558 1122 speciebus
584 1038 840 1123 intelligibilibus.
885 1038 968 1101 Nam
991 1038 1150 1123 proprium
1172 1047 1219 1102 est
1243 1060 1297 1122 po·

192 1152 295 1216 teutiae
323 1150 450 1235 passive
475 1149 662 1228 huiusmodi,
689 1159 724 1214 ut
749 1150 829 1215 sinat
852 1172 885 1215 se
907 1150 1022 1215 actuari
1050 1149 1258 1214 indifferenter
1280 1172 1299 1212 a

194 1262 329 1347 quolibet
353 1262 539 1347 intelligibili
546 1288 556 1340 ,
582 1283 677 1346 quare
702 1270 778 1327 tunc
803 1271 926 1327 tantum
955 1271 1035 1327 esset
1058 1261 1192 1326 totaliter
1216 1281 1298 1324 com-

194 1373 285 1458 pleta,
302 1374 426 1459 quando
445 1373 566 1437 nullum
587 1382 758 1457 superesset
780 1372 973 1457 intelligibile
992 1394 1054 1436 non
1069 1372 1251 1457 impressum
1266 1370 1299 1433 in

195 1485 247 1549 ille
261 1508 315 1571 per
330 1486 471 1571 speciem.
518 1485 579 1550 Sed
593 1486 664 1570 quia
679 1484 798 1548 infinita
814 1494 886 1549 sunt
900 1483 1115 1569 intelligibilia,
1129 1504 1298 1568 numquam

196 1598 291 1661 deerit
305 1597 498 1682 intelligibile
517 1610 624 1682 aptum
644 1594 684 1661 ad
705 1596 940 1681 imprimendum
963 1618 1073 1661 novam
1097 1595 1245 1681 speciem:
1268 1604 1300 1667 et

197 1710 239 1773 sie
253 1708 391 1793 potentia
405 1710 457 1773 ills
475 1710 642 1793 specierum
664 1707 814 1791 receptiva
835 1690 898 1771 non
921 1718 968 1773 est
984 1708 1119 1772 totaliter
1132 1706 1300 1783 actuabilis,

197 1844 253 1885 nec
268 1820 403 1885 totaliter
420 1821 617 1905 complebilis.
664 1820 755 1884 Unde
776 1820 874 1883 solum
890 1821 1026 1885 Verbum
1048 1821 1195 1896 (1111116111,
1219 1818 1302 1905 quod

198 1943 243 1996 est
263 1934 397 2017 cognitio
418 1934 537 2018 passiva
558 1931 732 1996 intellectus
754 1931 876 2009 infiniti,
894 1941 941 1996 est
955 1932 1075 1996 infinite
1089 1939 1256 2007 actuatum,
1271 1941 1302 1993 et

198 2056 298 2109 totum
314 2054 394 2126 actu,
407 2046 472 2110 sine
488 2045 550 2109 ulla
565 2044 701 2129 potentia
716 2044 876 2129 receptiva.

243 2157 322 2220 Item
344 2158 480 2221 admittit
503 2158 535 2222 S.
558 2155 691 2221 Thomas
716 2160 757 2241 (p.
783 2160 813 2221 1.
836 2180 866 2242 q.
889 2156 942 2220 56.
965 2178 993 2221 e.
1016 2159 1049 2241 2)
1074 2157 1156 2243 quod
1175 2159 1202 2221 si
1219 2157 1302 2221 Deus

199 2270 374 2335 instituisset
380 2272 484 2355 secere
497 2274 601 2355 plures
625 2271 752 2355 augelus,
772 2271 819 2341 uel
824 2271 929 2353 plures
947 2280 1071 2333 neturus
1083 2293 1179 2333 rerum
1196 2271 1300 2354 (qnam

199 2381 294 2465 lecit),
309 2382 414 2466 plures
428 2386 536 2467 species
556 2383 753 2466 intelligibiles
774 2384 917 2445 uentibus
938 2384 1077 2466 angelicis
1098 2384 1300 2465 impressisset.

202 2494 271 2558 Hoc
285 2503 387 2558 autem
407 2506 454 2558 est
473 2495 570 2573 fateri,
594 2494 762 2578 potentiam
784 2494 935 2578 passivam
957 2492 989 2557 in
1012 2493 1130 2578 angelis
1152 2516 1214 2557 non
1235 2516 1301 2558 esse

201 2605 335 2670 totaliter
369 2605 560 2690 completam.
618 2605 696 2669 Item
733 2604 806 2670 alibi
839 2604 984 2685 admittit,
1017 2605 1142 2690 angelos
1174 2628 1240 2669 esse
1268 2607 1302 2669 in

202 2719 338 2802 potentia
350 2719 389 2783 ad
406 2717 615 2804 cognoscenda
630 2717 767 2802 quaedam
786 2717 1044 2802 supernaturalia:
1067 2717 1153 2802 atqui
1167 2716 1226 2781 hoc
1240 2739 1303 2781 non

201 2839 301 2914 potest
315 2831 380 2894 fieri
395 2835 460 2894 sine
479 2831 651 2916 receptione
676 2851 824 2895 novarum
848 2829 1026 2914 specierum.
1071 2829 1155 2913 Ergo
1173 2841 1303 2914 possunt

203 2941 304 3024 angeli
318 2963 411 3006 novas
427 2943 540 3026 species
555 2942 694 3026 recipere.

186 3053 189 3058 ’
244 3055 298 3116 35.
321 3051 477 3129 Quaeritur
496 3053 615 3139 quinto,
632 3071 762 3135 quaeaum
781 3053 822 3116 sit
841 3052 979 3136 uutlopiu
992 3053 1070 3116 iuter
1084 3053 1260 3117 intellectum
1274 3063 1304 3119 et

205 3172 323 3227 motum.
671 3183 673 3189 ’

249 3272 439 3358 Respondeo.
484 3273 664 3337 Intellectus
687 3273 835 3358 passivus,
859 3295 914 3338 seu
934 3273 1094 3359 passivitas
1122 3274 1306 3341 intellectiva

206 3393 398 3469 comparatur
416 3385 455 3448 ad
474 3384 756 3469 intelligibilitatem
779 3384 900 3464 obiecti,
919 3385 999 3448 sicut
1015 3387 1154 3469 potentia
1169 3389 1305 3450 materiae

207 3496 246 3560 ad
260 3500 404 3560 virtutem
420 3496 566 3561 motivam
584 3497 728 3559 motoris:
752 3508 782 3560 et
799 3495 878 3559 sicut
900 3505 995 3575 aetus,
1011 3497 1050 3560 ad
1070 3519 1161 3582 quem
1182 3500 1307 3564 materia

206 3617 253 3672 est
268 3607 301 3671 in
315 3607 462 3692 potentia,
474 3607 586 3672 dicitur
601 3615 696 3671 motus
710 3609 876 3691 impressus,
887 3609 935 3687 vel
946 3609 1073 3695 actualis
1083 3611 1182 3694 passio
1194 3622 1306 3690 motus,

207 3720 251 3782 ita
274 3727 370 3798 actus,
384 3719 423 3782 ad
445 3740 536 3803 quem
558 3718 732 3783 intellectus
754 3719 893 3802 passivus
913 3729 960 3783 est
981 3719 1014 3783 in
1035 3723 1180 3804 potentia,
1196 3723 1308 3788 dicitur

207 3832 316 3914 species
330 3833 480 3914 impresso,
496 3830 544 3895 vel
559 3829 686 3895 actualis
700 3831 833 3915 receptio
847 3830 967 3914 speciei.
999 3831 1102 3908 Quare
1115 3833 1308 3919 intelligibile

208 3951 312 4006 actuat
327 3943 499 4028 potentiam
519 3941 670 4028 passivam
692 3943 866 4007 intellectus
885 3943 1089 4030 imprimendo
1104 3948 1234 4032 speciem
1249 3929 1307 4030 sui,

210 4056 289 4120 616111
310 4065 410 4139 motor
432 4068 534 4120 actuat
556 4057 725 4141 potentiam
742 4057 877 4121 materiae
898 4056 1103 4143 imprimendo
1117 4058 1307 4126 momentum

211 4176 324 4231 motus.
369 4166 442 4250 Ipsa
457 4177 560 4230 autem
573 4168 686 4252 species
695 4168 843 4252 impressa
854 4177 902 4232 est
912 4179 998 4234 actus
1012 4173 1157 4257 potentiae
1172 4176 1307 4259 passivae,

207 4279 291 4343 sicut
307 4288 409 4342 motus
424 4288 471 4343 est
487 4289 572 4343 actus
587 4280 667 4343 entis
682 4280 715 4342 in
730 4281 877 4364 potentia,
893 4291 928 4346 ut
943 4282 975 4345 in
992 4285 1136 4367 potentia.
1227 4293 1238 4320 ’·

258 4392 377 4476 Species
393 4414 465 4475 ergo
481 4415 543 4456 non
559 4393 737 4477 producitur
754 4417 807 4458 sen
822 4417 883 4459 non
900 4395 1085 4479 imprimitur
1099 4396 1138 4465 ab
1153 4398 1309 4463 intellectu
