3200 4975
279 376 344 439 342
674 394 717 437 na
732 393 986 437 accrouurraus.
1227 374 1311 457 [car.
1330 393 1387 437 111.

280 567 417 639 mentam,
441 580 495 623 sen
515 558 594 623 ratio
615 558 750 622 formalis
773 557 926 623 relationis
937 582 946 636 ;
969 579 1072 642 quare,
1094 556 1120 620 si
1135 580 1229 642 agens
1245 558 1284 621 sit
1298 560 1337 637 A,
1353 567 1385 621 et

281 670 400 755 patiens
414 670 452 749 B,
467 670 600 735 actuatio
615 670 735 735 virtutis
750 668 870 755 agentis
885 669 924 748 A,
940 670 973 733 in
988 669 1163 754 passivitate
1183 692 1275 755 quam
1290 668 1385 733 habet

281 782 309 847 B
330 780 389 845 erit
412 780 649 847 fundamentum
675 780 831 847 relationis
857 802 918 865 qua
943 781 972 844 A
997 781 1126 845 refertur
1148 780 1186 845 ad
1208 780 1254 861 B,·
1277 781 1384 845 relatio

280 915 352 957 vero
373 894 440 977 ipsa
452 893 510 957 erit
524 894 627 979 ipsum
642 916 703 958 case
717 895 748 957 A
763 902 792 957 et
807 894 838 957 B
852 902 920 958 acta
934 916 965 957 ae
979 895 1165 977 respicientia
1187 917 1223 958 ac
1243 916 1275 959 ae
1297 896 1382 959 aleno-

279 1007 422 1069 ma‘aantia
430 1026 490 1087 per
503 1028 592 1069 anam
607 1016 636 1071 et
649 1007 734 1086 idem,
750 1009 782 1070 ia
795 1029 853 1091 qao
869 1008 1088 1070 conmunicent.

322 1115 380 1181 Eat
408 1114 504 1199 igitur
533 1116 649 1202 aliquid
674 1116 707 1181 in
733 1117 879 1182 relatione
903 1116 942 1181 ad
966 1118 1093 1182 modum
1122 1117 1237 1199 formae,
1268 1118 1381 1183 scilicet

279 1227 525 1309 fundamentum,
540 1239 571 1293 et
586 1229 702 1314 aliquid
716 1229 755 1294 ad
775 1228 903 1294 modum
923 1230 1067 1309 materiae,
1089 1228 1202 1295 scilicet
1217 1230 1279 1295 duo
1293 1231 1380 1294 abso-

278 1339 532 1426 luta,quoef1unt
550 1340 721 1405 subiectum
741 1350 772 1406 et
794 1340 963 1420 terminus,
986 1342 1121 1427 primum
1142 1342 1225 1407 enim
1247 1342 1299 1406 dat
1319 1365 1381 1406 esse

276 1454 440 1531 relatiuam,
466 1452 505 1517 ad
530 1453 614 1538 quod
642 1453 704 1518 dno
732 1453 785 1518 illa
814 1453 954 1519 absoluta
983 1464 1055 1518 sunt
1081 1455 1114 1517 iu
1137 1455 1291 1539 potentia:
1314 1455 1380 1519 haec

276 1574 378 1630 autem
394 1565 456 1630 duo
471 1568 618 1650 campiani
637 1565 695 1630 hoc
715 1588 781 1630 esse
803 1566 973 1645 relativum,
997 1588 1058 1651 quo
1079 1565 1246 1632 formaliter
1268 1567 1379 1631 consti-

275 1685 408 1741 tuuntur
441 1676 613 1742 subiectum
641 1684 673 1741 et
707 1676 857 1741 terminus
891 1677 1063 1742 relationis:
1094 1687 1185 1761 atque
1219 1678 1278 1741 hoc
1310 1677 1379 1761 ipso

274 1788 405 1854 habetur
425 1790 531 1855 relatio
540 1816 550 1869 ;
573 1789 761 1874 impossibile
782 1798 830 1854 est
852 1790 933 1854 enirn
956 1789 1115 1854 relativum
1135 1788 1202 1853 sine
1221 1788 1377 1853 relatione.

275 1899 482 1964 Constituitur
505 1923 579 1984 ergo
604 1901 711 1965 relatio
734 1923 789 1986 per
814 1900 873 1965 hoc
898 1901 983 1986 quod
1007 1902 1063 1965 dao
1090 1901 1223 1965 absolata
1248 1902 1378 1983 aliquam

272 2013 415 2075 rationem
428 2035 603 2077 communen
612 2016 804 2097 participent.

317 2120 557 2208 Consequenter,
579 2147 677 2209 quum
699 2126 732 2188 in
754 2124 909 2204 relatione,
933 2124 1012 2189 sicut
1032 2126 1065 2187 in
1083 2124 1168 2187 omni
1182 2124 1241 2189 alia
1255 2147 1296 2203 re,
1312 2133 1377 2189 tota

272 2232 350 2296 ratio
364 2234 501 2299 entitatis
523 2235 564 2299 ait
583 2235 622 2300 ab
642 2244 714 2300 actu
737 2236 905 2300 formaliter
928 2236 1125 2300 constitutivo
1147 2236 1240 2315 illius,
1264 2236 1376 2301 entitas

272 2343 427 2409 relationis
448 2346 556 2431 nequit
579 2346 662 2410 aliud
684 2368 749 2410 esse
771 2346 833 2410 nisi
854 2346 966 2410 entitas
987 2346 1181 2411 fundamenti
1209 2347 1377 2412 formaliter

271 2454 396 2541 sumpti,
412 2455 445 2520 id
459 2464 506 2521 est
521 2465 557 2522 at
572 2457 674 2522 dantis
689 2456 810 2522 duobus
830 2457 977 2523 absolutis
996 2458 1063 2523 fieri
1084 2458 1259 2545 respectiva.
1306 2460 1376 2524 Hoc

270 2591 339 2633 vero
354 2593 419 2634 esse
433 2571 645 2656 respectivum,
662 2593 724 2655 quo
739 2570 802 2635 duo
822 2569 960 2634 absoluta
983 2572 1148 2636 trahuntur
1167 2572 1206 2636 ad
1225 2573 1373 2636 rationem

270 2681 398 2747 subiecti
413 2692 444 2746 et
464 2683 597 2763 termini,
617 2705 681 2746 non
701 2690 747 2745 est
769 2681 871 2766 aliqua
893 2682 1005 2746 entitas
1027 2684 1147 2748 realiter
1169 2683 1313 2750 distincta
1335 2684 1373 2748 ab

269 2792 396 2858 entitate
415 2793 513 2878 ipsius
531 2793 735 2872 fundamenti,
756 2816 853 2878 quum
874 2793 924 2857 illa
938 2794 998 2858 duo
1014 2795 1152 2859 absoluta
1167 2797 1205 2861 ab
1220 2797 1287 2880 ipso
1301 2797 1371 2860 fun·

269 2903 411 2969 <lamento
441 2906 540 2970 solum
570 2905 797 2971 constituantur
831 2906 998 2970 formaliter
1031 2909 1197 2992 respectiva
1208 2934 1216 2986 ς
1246 2908 1373 2972 formale

268 3015 349 3079 enirn
380 3017 540 3082 constituti
565 3027 612 3082 est
638 3018 704 3102 ipsa
729 3017 842 3082 entitas
866 3018 972 3082 formae
1002 3019 1216 3084 constituentis
1242 3021 1276 3082 in
1301 3029 1372 3085 actu

268 3130 402 3195 secundo
430 3131 604 3195 existentis:
629 3131 723 3208 unde,
753 3131 833 3195 sicut
855 3131 888 3194 in
910 3131 1082 3196 substantia
1111 3133 1209 3197 forma
1238 3134 1270 3196 in
1301 3142 1371 3198 actu

267 3240 365 3325 primo
394 3241 531 3306 continet
559 3251 655 3307 totam
686 3242 834 3306 rationem
868 3243 1016 3337 entitatis,
1046 3266 1114 3328 quae
1143 3244 1176 3307 in
1206 3243 1271 3308 eius
1300 3255 1371 3309 actu

267 3351 400 3416 secundo
415 3360 470 3430 est,
486 3353 530 3416 ita
544 3353 578 3416 in
592 3352 738 3418 relatione
758 3353 995 3418 fundamentum
1019 3353 1186 3419 formaliter
1212 3366 1370 3441 sumptum

265 3460 361 3546 (quod
381 3460 455 3525 dicit
474 3463 654 3527 relationem
675 3463 708 3526 in
731 3472 802 3527 actu
824 3464 945 3549 prima)
960 3467 1096 3529 continet
1118 3466 1269 3552 quidquid
1291 3468 1369 3531 enti-

266 3572 338 3635 tatis
352 3571 386 3634 in
400 3571 465 3635 eius
479 3581 550 3636 actu
564 3574 698 3638 secundo
718 3573 882 3639 invenitur.
901 3575 1080 3640 vEntitates
1100 3586 1202 3640 autem
1223 3578 1370 3642 absolutae

265 3693 333 3747 tum
360 3683 491 3747 duorum
517 3685 727 3761 terminorum,
753 3685 866 3769 quibus
896 3685 987 3750 datur
1012 3709 1077 3751 esse
1103 3688 1274 3767 relativum,
1301 3699 1368 3753 turn

263 3797 360 3881 ipsius
374 3795 463 3874 entis,
479 3796 562 3880 quod
577 3796 686 3861 fundat
701 3796 889 3876 relationem,
910 3819 975 3880 uon
993 3799 1185 3863 constituunt
1208 3801 1367 3865 entitatem

263 3907 417 3996 relationis
432 3915 468 3971 ut
483 3906 527 3972 sic
534 3935 545 3986 ,·
568 3931 667 3993 neque
686 3909 769 3973 enim
789 3909 979 3996 reducuntur
990 3911 1039 3975 aad
1054 3934 1152 3976 unum
1167 3921 1202 3976 ut
1218 3912 1367 3993 absoluta,

263 4018 315 4081 sed
330 4026 452 4082 tantum
467 4027 504 4082 ut
518 4019 731 4104 participantia
745 4043 838 4084 unam
854 4021 1189 4102 rationemrelativam,
1204 4047 1366 4110 perquam

262 4129 357 4192 solam
371 4130 478 4194 relatio
492 4131 528 4195 fit
543 4132 709 4196 formaliter
728 4154 791 4196 una
798 4159 809 4214 5
833 4140 864 4198 et
878 4133 946 4197 ideo
962 4133 1112 4219 quidquid
1127 4145 1174 4198 est
1189 4144 1273 4200 extra
1286 4136 1365 4200 hanc

261 4241 408 4304 rationem
431 4241 622 4307 fundativam
643 4243 778 4307 formalis
798 4245 927 4328 unitatis
948 4256 994 4309 est
1014 4255 1098 4310 extra
1114 4247 1273 4311 entitatem
1288 4247 1365 4312 rela-

260 4349 370 4413 tionis:
394 4353 476 4434 quod
492 4363 575 4434 patet
591 4355 682 4417 etiam
698 4378 734 4417 ex
753 4356 818 4438 ips'a
838 4356 992 4420 relationis
1014 4357 1207 4436 definitione,
1233 4382 1303 4423 nam
1322 4361 1364 4439 id,
