3200 4975
220 339 288 384 car.
307 320 377 404 ιιι]
676 344 718 386 nn
736 344 881 388 nonme.
1261 325 1326 390 269

190 508 193 514 ’
219 508 451 585 universalibus,
470 508 502 572 in
528 507 641 593 quibua
664 510 755 573 multi
779 511 846 573 sine
869 509 982 588 fructu,
1001 509 1072 575 licet
1098 533 1168 575 cum
1193 510 1323 575 maximo

219 620 322 685 labore
345 630 376 685 et
401 621 537 705 periculo
561 622 748 701 insudavere,
765 622 935 707 praesertim
960 621 1097 705 ontologi
1122 632 1152 687 et
1175 622 1326 687 idealistae

218 733 506 806 transcendeutalee.
553 726 621 797 Hoc
630 743 742 812 autem,
754 734 837 820 quod
850 756 911 799 uon
922 735 1017 817 gratis
1027 734 1156 818 profero,
1167 733 1321 799 studiosus

220 844 315 908 lector
338 843 495 909 commode
520 844 671 908 verificare
694 844 808 929 poterit
832 845 864 907 in
893 843 1031 928 legendis
1060 844 1188 907 aliorum
1218 844 1322 909 libris:

220 978 278 1041 ego
292 956 428 1019 infinitae
443 955 683 1020 adversariorum
698 956 883 1043 hypotheses
898 967 929 1020 et
945 955 1230 1021 circumvolutiones
1250 979 1322 1020 con-

220 1068 301 1132 sulto
323 1090 387 1131 non
411 1047 571 1152 exponam,
587 1067 658 1151 quia
680 1090 738 1132 nec
763 1068 968 1132 neceesarium
994 1078 1050 1146 est,
1067 1090 1164 1153 quum
1184 1076 1321 1132 auctores

219 1203 283 1245 non
309 1179 418 1257 derint,
434 1188 475 1257 et,
488 1179 515 1243 si
539 1178 748 1264 incipiendum
774 1188 863 1258 esset,
878 1202 942 1243 non
968 1179 1055 1243 video
1081 1200 1173 1264 quem
1192 1177 1321 1245 limitem

221 1290 364 1355 habitura
377 1300 456 1354 eeaet
471 1290 648 1375 disputatio.

266 1406 339 1468 107.
363 1403 519 1479 Quaeritur
542 1403 777 1487 decimoquinto,
807 1412 906 1467 etrum
929 1403 1080 1487 possibilia
1100 1406 1141 1467 eit
1162 1404 1227 1467 idea
1249 1405 1326 1467 entia

216 1538 340 1599 prorem
355 1516 569 1579 indeterminati
583 1523 613 1578 et
623 1516 846 1599 yeneruiiaaimi.

266 1625 447 1710 Respondco
476 1626 626 1709 negative.
672 1626 753 1690 Nam
778 1634 936 1690 ostensum
958 1635 1014 1704 eet,
1037 1625 1119 1711 quod
1141 1625 1174 1690 in
1197 1648 1322 1710 genera-

222 1736 351 1816 lizando,
375 1746 491 1822 quanto
512 1737 642 1803 facimus
663 1736 762 1801 ideam
789 1738 888 1821 magis
917 1737 1116 1803 universalem
1138 1747 1169 1803 et
1190 1738 1324 1803 indeter-

223 1850 381 1927 minatam,
404 1858 491 1913 tanto
513 1850 641 1913 facimus
659 1849 743 1914 illam
763 1852 866 1913 minus
888 1850 1141 1934 comprehendere
1156 1849 1193 1925 de
1209 1851 1325 1915 ratione

224 1960 313 2039 entis,
328 1970 360 2024 et
374 1960 515 2025 exhibere
529 1983 585 2025 ene
603 1959 661 2024 rub
681 1969 769 2025 tanto
790 1961 904 2025 maiore
925 1961 1157 2045 potentialitate.
1204 1961 1238 2025 Si
1252 1983 1325 2045 ergo

223 2071 448 2156 perveniremus
474 2072 513 2136 ad
537 2071 637 2137 ideam
661 2072 740 2136 entia
766 2094 891 2156 prorsus
920 2072 1156 2149 indeterminati,
1181 2071 1249 2136 idea
1274 2072 1333 2137 illa.

223 2185 378 2251 exhiberet
392 2184 482 2249 nobie
499 2207 550 2248 ena
567 2206 604 2248 ee
622 2193 683 2249 toto
697 2185 860 2268 potentiale
882 2193 913 2249 et
934 2184 999 2248 sine
1017 2184 1079 2248 ulla
1098 2182 1325 2249 determinatio-

224 2320 272 2361 ne.
317 2296 415 2381 Atqui
434 2296 492 2360 hoc
514 2304 570 2359 est·
583 2296 708 2380 penitus
726 2294 914 2380 impossibile
923 2322 932 2373 ς
960 2318 1031 2359 narn
1050 2296 1082 2359 in
1102 2318 1164 2383 quo
1178 2295 1264 2360 nulla
1278 2308 1325 2360 eat

221 2389 445 2487 determinatio,
467 2407 550 2474 illius
572 2406 658 2471 nulla
679 2416 781 2492 potest
803 2429 868 2471 esse
891 2408 1015 2493 species,
1040 2408 1190 2494 siquidem
1213 2408 1326 2493 species

223 2519 411 2606 imprimitur
431 2519 470 2584 ab
492 2519 610 2584 obiecto
632 2520 665 2582 in
688 2529 838 2605 quantum
861 2521 961 2584 estin
984 2530 1065 2598 actu,
1086 2530 1116 2584 et
1131 2529 1327 2605 repraesentat

224 2632 339 2717 aliquid
353 2630 436 2717 quod
452 2643 522 2696 actu
537 2641 583 2696 eat
598 2632 630 2695 in
646 2654 699 2695 eo:
723 2642 754 2695 at
769 2631 802 2695 id
817 2632 900 2716 quod
915 2642 961 2696 cet
976 2654 1099 2716 prorsus
1116 2631 1281 2716 potentiale
1295 2642 1326 2697 et

223 2743 492 2808 indeterminatum
514 2743 600 2807 nullo
623 2743 714 2808 modo
736 2752 783 2808 est
805 2744 837 2806 in
858 2753 938 2822 actu,
958 2752 989 2807 et
1005 2743 1174 2826 ¹secundum
1188 2744 1266 2808 nihil
1280 2754 1327 2808 est

225 2854 486 2939 repraesentabile3
515 2877 588 2938 ergo
617 2852 702 2918 nulla
731 2854 846 2938 species
874 2853 979 2918 haberi
1007 2863 1118 2938 potest,
1150 2877 1203 2938 per
1232 2878 1324 2939 quam

224 2964 414 3050 intelligetur
434 2987 489 3030 ens
511 2987 636 3050 prorsus
657 2965 948 3029 indeterminatum:
970 2973 1000 3027 et
1015 2963 1083 3028 ideo
1103 2965 1168 3028 eiua
1190 2965 1257 3030 idea
1279 2976 1325 3029 est

223 3075 430 3161 impossibilis.
476 3074 706 3160 Consequentur
719 3076 752 3138 in
772 3074 1004 3158 generalizando
1026 3075 1236 3161 perveniemus
1258 3076 1339 3160 qui··

224 3186 295 3252 dem
310 3187 514 3264 adcretione,
528 3187 613 3271 quod
627 3196 674 3250 eet
691 3186 873 3266 substantia,
889 3196 919 3250 et
934 3187 973 3250 ad
987 3208 1038 3251 eae
1052 3189 1083 3250 in
1098 3189 1166 3266 etio,
1183 3188 1265 3272 quod
1281 3199 1327 3251 eet

157 3325 160 3331 ·
226 3299 384 3378 accidens;
407 3297 533 3363 sedhic
557 3298 681 3362 habebit
706 3299 799 3362 finem
823 3298 1046 3382 generalizatio.
1091 3299 1185 3363 Unde
1204 3299 1328 3363 etiama

224 3409 413 3496 philosophis
427 3432 482 3474 ene
496 3432 559 3474 non
575 3410 701 3494 ponitur
714 3419 871 3495 tamquam
888 3433 997 3494 genus.

267 3523 334 3588 Nec
348 3523 433 3587 iuvat
447 3521 586 3602 obiicere,
608 3521 691 3606 quod
712 3544 767 3586 ene
791 3545 915 3606 prorsus
937 3522 1207 3588 indeterminatum
1230 3525 1328 3588 servat

225 3645 327 3699 tamen
360 3633 509 3698 rationem
540 3634 630 3712 entis,
661 3643 692 3697 et
722 3633 779 3697 sub
810 3633 866 3698 hac
896 3633 1006 3698 saltem
1035 3636 1151 3699 ratione
1181 3645 1228 3700 est
1257 3647 1327 3700 actu

223 3743 435 3830 cognoscibile.
481 3744 562 3809 Nam
592 3743 804 3828 respondetur,
834 3745 912 3809 hanc
942 3745 1144 3810 obiectionem
1173 3746 1328 3810 continere

223 3858 335 3922 falsum
365 3858 568 3941 suppositum,
599 3855 681 3940 quod
710 3878 798 3920 mens
822 3855 960 3920 videlicet
988 3857 1049 3921 iam
1075 3857 1245 3942 pervenerit
1274 3879 1329 3941 per

224 3969 408 4034 successivas
437 3968 628 4053 praeciaionea
657 3967 696 4032 ad
725 3969 829 4052 ipsum
859 3990 914 4032 ena
943 3977 978 4031 ut
1008 3991 1099 4052 aeque
1128 3971 1328 4051 terraeque

224 4082 256 4142 ia
275 4082 334 4144 ulio
356 4080 499 4144 existens.
543 4080 594 4144 Ad
615 4079 673 4142 hoc
695 4088 798 4143 autem
822 4081 928 4164 nequit
950 4086 1040 4144 mens'
1060 4081 1234 4165 pervenire5
1257 4080 1330 4164 quia

223 4190 383 4255 excludere
408 4191 447 4255 ab
473 4200 544 4255 ente
568 4213 628 4254 case
654 4193 685 4252 ia
709 4211 741 4254 ae
764 4200 811 4254 est
835 4211 948 4274 ponere
973 4189 1056 4274 quod
1080 4193 1120 4254 eit
1143 4193 1174 4253 in
1197 4192 1274 4254 ulio:
1297 4199 1329 4256 et

224 4302 382 4368 excludere
405 4303 488 4389 quod
509 4305 550 4367 eit
572 4305 604 4366 ia
626 4303 684 4366 alio
707 4311 754 4366 eat
774 4324 888 4386 ponere
910 4302 993 4386 quod
1015 4304 1054 4366 ait
1076 4305 1108 4365 ia
1126 4326 1166 4366 ae.
1212 4303 1329 4387 Nequit
