3200 4975
226 398 296 440 cna.
316 378 357 461 1.]
683 398 726 441 nn
744 398 891 444 somus.
1271 378 1334 443 147

226 563 372 627 dicuntur
388 570 500 628 motus.
546 562 632 625 Licet
646 569 749 627 autem
765 572 869 626 motus
883 562 1022 627 videatur
1038 584 1100 626 non
1115 584 1203 647 posse
1219 562 1330 626 servari

226 674 285 737 nisi
304 674 473 753 actualiter,
488 683 590 738 tamen
610 672 648 738 de
670 673 829 739 affectibus
848 674 960 739 dicitur
975 674 1058 759 quod
1073 683 1203 758 possunt
1219 674 1329 739 servari

223 787 424 867 habitacliter,
434 788 627 872 inquantum
637 795 773 851 servatur
789 786 885 849 maior
901 785 1059 870 dispositio
1071 787 1111 851 cd
1123 794 1233 850 motum
1241 788 1329 869 price

222 898 476 978 habitumsaltem
486 898 547 961 nisi
557 898 622 961 haec
633 897 791 983 dispositio
802 897 936 961 motibus
946 896 1175 963 aliiscontrariis
1184 897 1327 965 elidatur.

224 1009 314 1075 Circa
328 1011 454 1076 tertium
471 1032 539 1075 vero
554 1019 687 1089 notetur,
700 1010 761 1073 vim
775 1009 927 1073 volitivam
944 1032 962 1073 a
976 1010 1065 1074 nobis
1079 1010 1129 1074 hic
1145 1010 1225 1074 sumi
1239 1008 1327 1074 valde

222 1122 405 1205 generaliter
427 1123 518 1206 (sient
539 1146 631 1208 supra
650 1122 779 1186 fecimus
798 1144 855 1207 pro
874 1122 903 1184 vi
921 1121 1095 1207 cogitativa)
1120 1130 1151 1187 et
1168 1129 1328 1206 propterea

222 1235 395 1318 significare
419 1258 483 1299 non
501 1236 600 1300 solnm
620 1236 682 1299 vim
705 1234 881 1299 adherendi
902 1256 957 1297 sno
978 1234 1059 1299 bono
1079 1257 1133 1320 per
1150 1233 1326 1297 volitionem

223 1347 315 1426 illius,
331 1347 384 1413 iod
403 1348 495 1415 etiam
512 1349 572 1413 vim
594 1346 747 1432 dirigendi
767 1346 998 1431 inquisitionem
1017 1355 1048 1411 et
1070 1345 1325 1411 consultationem

220 1459 301 1523 circa
320 1459 447 1539 bonum,
461 1468 492 1524 et
514 1460 645 1525 faciendi
665 1467 700 1523 nt
722 1458 876 1523 obiectum
892 1457 949 1523 sub
964 1480 1026 1523 nna
1039 1459 1143 1543 potins
1158 1480 1251 1543 qnam
1267 1456 1324 1523 sub

221 1570 280 1634 alia
295 1571 412 1635 ratione
427 1580 545 1636 moveat
559 1571 712 1635 affectum.
790 1560 794 1564 ’

267 1683 414 1748 Similiter
433 1684 466 1749 in
481 1682 618 1748 subiecto
632 1682 793 1761 sentiente,
806 1690 841 1746 nt
856 1683 909 1761 sic,
923 1691 954 1746 et
969 1682 1197 1767 praescindendo
1211 1681 1250 1746 ab
1265 1681 1324 1745 hoc

221 1794 306 1879 quod
327 1795 430 1859 anima
450 1795 517 1860 eius
537 1796 576 1860 sit
594 1793 786 1872 intellectiva,
803 1792 907 1859 haberi
927 1793 1040 1859 debent
1060 1795 1117 1861 tria
1136 1794 1184 1859 his
1199 1815 1324 1878 respon-

221 1905 334 1984 dentia,
350 1928 478 1990 nempe:
584 1925 587 1932 '

269 2020 311 2081 1⁰.
333 2018 389 2081 Vis
397 2020 497 2101 primo
511 2020 677 2102 capressina
688 2017 815 2082 affectus
830 2016 990 2095 sensibilis,
1001 2039 1055 2081 seu
1070 2016 1114 2081 vis
1129 2017 1228 2102 primo
1242 2037 1325 2080 com-

224 2110 363 2211 placendi
378 2128 437 2193 sibi
452 2129 490 2193 dc
505 2128 586 2192 bono
601 2128 737 2193 sensibili
751 2129 876 2212 cognito
890 2150 944 2213 per
958 2128 1150 2214 phantasma.
1248 2166 1250 2171 ·

265 2242 311 2304 2·.
334 2239 476 2305 Potentia
495 2242 697 2305 commeatione
716 2240 881 2305 affectuum
899 2240 1100 2319 sensibilium,
1116 2247 1244 2325 quaeest
1259 2238 1326 2325 ipsa

223 2351 380 2434 passivitas
395 2351 532 2416 affectiva
547 2352 716 2431 sentientis,
732 2351 764 2415 in
779 2374 841 2437 qua
855 2361 1012 2438 tamquam
1027 2353 1059 2417 in
1078 2352 1214 2417 subiecto
1230 2351 1326 2415 susci·

223 2462 351 2547 piuntur
375 2472 480 2528 motus
502 2463 640 2545 affectivi,
667 2463 721 2550 qui
747 2472 783 2528 nt
810 2463 853 2529 sic
875 2465 1009 2549 suscepti
1028 2473 1061 2528 et
1081 2462 1190 2530 servati
1212 2462 1326 2528 habent

224 2575 372 2640 rationem
391 2576 515 2640 babitus
535 2575 726 2660 disponemis
743 2575 783 2641 ad
803 2577 1047 2662 prosecutionem
1068 2576 1141 2642 boni
1164 2574 1325 2654 sensibilis,

221 2709 241 2749 a
256 2709 318 2771 quo
331 2687 391 2752 orti
406 2695 490 2751 sunt.

265 2801 309 2863 3⁰.
332 2798 387 2862 Vis
404 2801 592 2882 procreatione
614 2799 816 2878 sensibilium,
841 2821 895 2864 seu
917 2798 1103 2878 instinctiva,
1123 2821 1192 2884 quae
1214 2797 1325 2862 dieitur

220 2908 314 2974 etiam
327 2909 471 2974 voluntas
488 2909 640 2974 sensibilis
654 2910 701 2975 vel
720 2910 855 2990 inferior,
871 2933 940 2995 qnae
958 2919 995 2974 nt
1015 2910 1058 2974 sic
1081 2910 1220 2995 sequitur
1241 2932 1324 2974 asso-

220 3021 367 3087 ciationes
392 3020 642 3105 phantasmatum
666 3030 699 3086 et
723 3022 934 3102 aestimativam
961 3022 1128 3106 (tenentem
1154 3022 1254 3086 locum
1280 3021 1325 3085 vis

221 3132 354 3216 practice
368 3133 548 3211 indicativae,
563 3155 632 3217 qnae
653 3133 760 3218 nequit
780 3155 848 3198 esse
869 3134 902 3197 in
921 3135 1023 3217 sensu)
1049 3142 1080 3198 et
1097 3134 1213 3218 appetit
1228 3133 1324 3196 sensi·

220 3242 295 3308 bilia
316 3243 486 3313 secundum
506 3245 650 3310 affectum
668 3245 718 3310 hie
741 3253 873 3313 etnune
894 3246 1094 3312 resultantem
1109 3269 1145 3310 ex
1159 3246 1324 3311 affectuum

221 3355 413 3421 sensibilium
427 3357 664 3436 coordinatione,
680 3380 761 3422 nexu
775 3366 808 3422 et
822 3358 909 3442 quasi
924 3358 1177 3442 compositione*.

263 3471 317 3532 25.
341 3466 581 3553 Consequenter,
610 3469 645 3533 in
673 3469 842 3554 composito
871 3492 908 3535 cx
937 3469 1047 3554 spiritu
1066 3477 1107 3533 ‘et
1136 3470 1262 3534 materia
1290 3469 1323 3534 in

219 3577 381 3646 ordinend
395 3579 572 3644 facultatem
587 3581 776 3666 appetitivam
790 3581 969 3644 &achildem
986 3580 1108 3646 admitti
1128 3580 1239 3645 debent
1258 3580 1331 3646 haec.

220 3690 297 3754 tria:
354 3758 357 3764 ,

266 3804 309 3867 1⁰.
332 3801 483 3879 Quodvis
498 3803 597 3888 primo
611 3805 781 3888 expressiva
795 3804 921 3872 affectus
937 3804 1088 3870 sensibilis
1103 3805 1272 3889 completur
1288 3804 1320 3868 in

254 4028 270 4060 ⁴
288 4024 352 4080 Tria
362 4025 422 4080 haec
433 4024 610 4080 inveniuntur
624 4026 654 4080 in
669 4025 764 4096 brutis,
777 4031 810 4080 nt
826 4031 941 4097 constat,
953 4033 982 4082 et
998 4028 1095 4084 iuvant
1112 4029 1147 4083 cd
1163 4029 1321 4102 capiendam

219 4114 360 4168 clariorem
378 4113 507 4168 notitiam
528 4114 562 4168 de
581 4131 674 4167 eorum
689 4114 787 4183 anima,
800 4115 949 4169 secundum
967 4132 999 4168 aa
1014 4133 1075 4186 quaa
1095 4115 1214 4170 diximus
1227 4115 1257 4170 in
1272 4116 1322 4171 nd·

219 4199 358 4254 notatione
375 4201 552 4272 praecedente.
589 4201 664 4255 Hinc
682 4206 758 4273 patet
775 4201 859 4256 etiam
876 4220 957 4273 quare
975 4202 1057 4256 homo
1078 4210 1106 4257 et
1124 4203 1237 4258 brutum
1257 4222 1322 4259 con·

218 4289 331 4342 veniant
341 4289 447 4342 univoce
464 4288 494 4342 in
511 4306 608 4359 genere
626 4288 759 4356 animalis,
772 4289 845 4360 qnod
858 4295 933 4352 ¹osset
950 4290 1123 4362 impossibile,
1136 4291 1190 4346 nisi
1207 4291 1322 4348 univoce

219 4373 395 4431 convenirent
405 4375 436 4430 in
447 4375 549 4431 virtute
561 4375 692 4432 sensitiva
702 4376 852 4447 generatim
864 4381 990 4450 spectata

1094 4478 1152 4539 st
