3200 4975
281 319 347 379 400

776 338 893 381 mnu.

1337 400 1391 451 hg.

281 502 364 557 ΟΑΡ.
377 502 415 557 Π.
434 501 480 557 Da
491 516 717 557 racuurarrnns
730 516 922 556 ennarmmn
934 516 1128 557 summosam.

350 596 681 668 Quadamprtsnotantur
694 596 734 668 (ιι
746 597 796 668 23)
829 637 1311 653 ............................
1351 598 1389 651 32

349 690 432 764 Origo
444 690 606 747 facultatum
622 696 665 746 est
675 696 737 746 tum
747 697 824 745 notus
839 690 1026 746 substantialis
1041 696 1101 746 tum
1113 690 1172 746 eius
1184 691 1318 746 terminus

386 785 571 841 substantialis
584 786 623 857 (n.
634 786 682 857 29)
689 826 1311 843 ....................................
1353 786 1387 840 ὦ.

350 879 505 935 Facultates
529 880 735 952 distinguuntur
757 880 830 935 inter
857 898 886 935 so
909 881 1058 936 seeundum
1081 880 1188 936 diversa
1212 880 1317 935 obieeta

383 974 509 1028 formalia
521 974 560 1045 (ιι.
573 974 622 1044 30)
655 1016 1310 1031 ......................................
1349 976 1388 1028 33

348 1067 475 1122 Facultaa
490 1068 660 1140 intelligendi
678 1068 778 1141 inquo
796 1069 935 1125 consistat.
971 1070 1035 1125 Non
1053 1075 1095 1126 ost
1110 1070 1228 1142 qualitas
1244 1070 1314 1125 soci·

384 1161 508 1231 dentalia,
521 1162 729 1235 sedpropristas
740 1163 892 1218 essentialis
906 1164 945 1236 (n.
959 1165 1060 1237 81-33)
1075 1206 1308 1221 ..............
1349 1166 1388 1218 34

349 1255 384 1309 In
394 1274 462 1329 puro
472 1256 569 1329 spiritu
580 1257 703 1330 potentia
710 1258 818 1330 passiva
829 1257 985 1314 intellectus
993 1277 1048 1314 non
1057 1266 1099 1315 est
1110 1260 1232 1315 totaliter
1241 1277 1313 1315 oom-

384 1350 459 1423 pleta
471 1350 611 1423 speciebus
624 1352 663 1423 (ιι.
676 1352 725 1423 34)
740 1346 751 1356 ”
757 1393 1309 1410 ................................
1348 1355 1386 1408 41

348 1445 484 1517 Analogia
494 1451 585 1501 motus
596 1446 757 1502 intellectivi
769 1452 798 1500 at
810 1452 902 1502 motus
913 1447 1007 1503 looslis
1020 1448 1059 1520 (ιι.
1073 1448 1121 1520 35)
1145 1488 1309 1505 ..........
1349 1450 1386 1502 43

349 1539 496 1594 Distinotio
508 1540 580 1595 inter
586 1539 756 1596 intellectum
767 1542 888 1597 activum
899 1542 1071 1615 etpassiv-um
1083 1547 1125 1597 est
1136 1543 1215 1597 realis
1227 1548 1313 1599 meta·

383 1634 496 1707 physica
509 1634 548 1707 (ιι
561 1636 610 1707 36)
617 1675 1307 1694 ........................................
1348 1638 1386 1689 44

348 1728 559 1801 Pumsspiritns
570 1728 721 1784 habetvim
733 1727 923 1784 abstractivam
936 1730 975 1801 (n.
988 1730 1036 1800 37)
1074 1771 1184 1786 .......
1195 1783 1196 1786 ,
1197 1771 1307 1786 .......
1347 1731 1385 1783 45

349 1824 403 1879 Per
414 1825 481 1896 quid
492 1825 672 1879 oonstituatm
682 1824 798 1878 facultas
809 1824 924 1880 volitiva
937 1824 976 1896 (n.
989 1825 1037 1896 38)
1073 1865 1307 1881 ..............
1348 1825 1385 1878 46

350 1919 484 1975 Voluntas
502 1937 557 1975 non
577 1924 619 1974 eat
638 1919 763 1975 aooidens
783 1918 942 1974 substantiae
960 1918 1116 1991 spiritualis,
1134 1916 1218 1974 habet
1236 1936 1313 1975 suam

383 2013 577 2086 passivitatem,
589 2013 808 2068 eatsuidomins
820 2014 859 2085 (ιι.
872 2013 920 2084 39)
934 2054 1309 2070 ......................
1348 2012 1385 2068 47

347 2107 446 2179 Opinio
464 2106 492 2161 S.
505 2107 617 2162 Thomae
638 2108 673 2163 de
696 2108 851 2163 intellectus
869 2114 897 2163 et
914 2107 1063 2175 voluntatis
1083 2108 1266 2178 distinctione,
1284 2114 1312 2163 et

383 2202 890 2274 ᾳιοᾱι5155155511555165ι5(ιι40)
898 2242 1307 2259 ........................
1347 2203 1384 2257 49

347 2297 528 2369 Perpenditm
539 2297 738 2369 argumentatio
749 2296 777 2351 S.
791 2296 904 2351 Thomae
918 2298 957 2369 (n.
970 2296 1014 2365 41,
1027 2296 1075 2368 42)
1107 2336 1305 2351 ............
1347 2296 1383 2349 50

347 2390 507 2446 Intellectum
528 2396 556 2445 et
575 2392 703 2446 voluntas
723 2392 928 2463 distinguuntur
948 2390 1122 2445 distinetione
1140 2389 1207 2445 reali
1224 2396 1311 2446 meta-

382 2484 503 2559 physica,
515 2504 563 2541 seu
574 2484 681 2540 formali
693 2484 732 2557 (ιι
745 2487 794 2557 43)
826 2526 1305 2544 ............................
1346 2486 1381 2541 57

347 2581 482 2636 Voluntas
492 2580 736 2653 nonestpotsutia
747 2597 822 2635 oosoa
835 2580 874 2652 (n.
887 2580 935 2652 44)
968 2620 1307 2638 ....................
1347 2581 1380 2638 sl.

347 2675 465 2749 Spiritum
476 2693 584 2731 movere
595 2680 686 2748 potest
701 2675 871 2730 intellectum
883 2675 995 2730 alterius
1011 2674 1130 2747 spiritus,
1142 2674 1239 2747 positis
1249 2674 1311 2746 qui·

380 2770 495 2825 busdam
506 2770 705 2826 oonditionibus
718 2771 758 2841 (n.
772 2771 815 2840 45,
828 2769 876 2840 46)
894 2809 1305 2826 ........................
1345 2769 1380 2822 58

347 2864 442 2920 Virtus
453 2864 627 2919 illuminandi
639 2869 668 2919 et
678 2864 765 2920 virtus
776 2864 906 2936 loquendi
918 2862 948 2917 in
959 2881 1026 2936 puro
1039 2863 1136 2935 spiritu
1147 2881 1202 2918 non
1213 2863 1310 2918 viden·

382 2960 544 3016 turdiffsrrs
557 2961 596 3032 (ιι
609 2961 659 3031 47)
684 2999 1305 3019 ....................................
1345 2959 1382 3012 60

347 3055 465 3128 Spiritus
471 3055 567 3126 nequit
575 3054 706 3127 proxime,
714 3054 824 3122 direots,
834 3058 863 3107 st
872 3052 1014 3107 efficaciter
1025 3069 1133 3108 movero
1143 3052 1311 3107 voluntatem

382 3150 493 3204 alterius
504 3149 661 3222 spiritusad
674 3149 820 3204 volendum
833 3148 872 3220 (n.
885 3149 928 3219 48,
940 3149 989 3219 49)
1001 3189 1303 3204 ..................
1345 3148 1380 3202 62

347 3244 466 3318 Spiritus
478 3248 568 3316 potest
579 3261 690 3316 corpora
700 3261 808 3298 movere
825 3259 874 3316 per
885 3260 922 3313 ae,
935 3243 993 3297 sino
1005 3242 1061 3297 ulla
1072 3241 1203 3313 qualitate
1216 3259 1309 3314 super·

381 3339 474 3394 addita
487 3338 525 3406 (ιι
539 3338 587 3409 50)
615 3375 1304 3392 ........................................
1345 3335 1380 3388 64
1495 3344 1502 3355 “

346 3433 536 3504 Respondstn
547 3431 652 3490 duabus
662 3430 860 3486 obiectionibus
873 3430 912 3502 (n.
926 3431 975 3502 51)
1000 3470 1305 3486 ..................
1344 3431 1380 3483 65

346 3527 507 3598 Explicatuu
518 3525 590 3581 sotio
602 3525 713 3598 spiritus
724 3526 754 3579 in
765 3542 877 3597 corpora
890 3528 928 3597 (n.
942 3527 985 3594 52,
998 3525 1047 3598 53)
1070 3565 1233 3581 ..........
1265 3575 1268 3580 ,
1284 3567 1305 3582 ..
1344 3526 1379 3578 67

345 3620 446 3676 Utrum
453 3619 538 3691 possit
550 3619 661 3692 spiritus
668 3637 695 3676 se
703 3620 866 3676 constituere
876 3619 905 3672 in
914 3620 974 3676 loco
982 3599 1139 3692 apparenter
1151 3620 1186 3674 ad
1196 3620 1309 3675 modum

380 3715 497 3788 corporis
510 3717 549 3787 (n.
562 3716 610 3787 54)
649 3754 1303 3772 .....................................
1344 3715 1379 3769 70

345 3812 397 3872 Vis
407 3811 581 3874 informatius
591 3816 634 3865 ost
644 3810 703 3881 ipsa
714 3809 869 3865 substantia·
878 3810 1027 3882 spiritualis
1037 3815 1071 3864 ut
1081 3811 1255 3866 terminativa
1266 3811 1309 3866 sui

380 3906 564 3979 adoorpuaiu
575 3904 843 3978 potentiaadvitam
856 3905 895 3977 (n.
909 3905 958 3978 55)
965 3946 1302 3963 ....................
1345 3905 1377 3960 71

344 4005 432 4057 Actus
449 4019 503 4074 quo
520 4001 612 4055 anima
628 4000 757 4054 informat
773 4018 869 4072 corpus
887 4005 929 4055 est
950 4006 1026 4054 aeteus
1042 4001 1181 4070 notmalis,
1198 4005 1226 4055 et
1242 4001 1309 4056 facit
1467 4007 1469 4010 '

380 4114 466 4153 unum
477 4113 565 4168 perse
576 4095 697 4155 naturale
711 4094 751 4165 (n
764 4095 813 4166 56)
825 4135 1303 4151 ............................
1345 4095 1379 4150 73

345 4189 441 4244 Omnis
458 4189 568 4262 spiritus
585 4189 667 4243 habet
685 4187 882 4257 sufficientiam,
903 4188 1025 4244 sednon
1043 4189 1131 4242 omnis
1149 4188 1232 4243 habet
1249 4188 1308 4243 exi·

381 4284 502 4358 genuam
513 4282 676 4338 informandi
688 4300 782 4355 oorpus
796 4284 835 4353 (n.
848 4283 897 4354 57)
928 4325 1304 4341 ......................
1345 4283 1379 4338 75

1207 4497 1241 4611 fi
