<?xml version="1.0" encoding="UTF-8"?>
<!DOCTYPE html PUBLIC "-//W3C//DTD XHTML 1.0 Transitional//EN"
    "http://www.w3.org/TR/xhtml1/DTD/xhtml1-transitional.dtd">
<html xmlns="http://www.w3.org/1999/xhtml" xml:lang="en" lang="en">
 <head>
  <title>
</title>
<meta http-equiv="Content-Type" content="text/html;charset=utf-8" />
  <meta name='ocr-system' content='tesseract 3.04.00' />
  <meta name='ocr-capabilities' content='ocr_page ocr_carea ocr_par ocr_line ocrx_word'/>
</head>
<body>
  <div class='ocr_page' id='page_1' title='image "./realisphilosoph02baymgoog_0189.png"; bbox 0 0 3200 4975; ppageno 0'>
   <div class='ocr_carea' id='block_1_1' title="bbox 218 349 1321 434">
    <p class='ocr_par' dir='ltr' id='par_1_1' title="bbox 218 349 1321 434">
     <span class='ocr_line' id='line_1_1' title="bbox 218 349 1321 434; baseline -0.004 -20"><span class='ocrx_word' id='word_1_1' title='bbox 218 372 290 414; x_wconf 79' lang='lat' dir='ltr'>car.</span> <span class='ocrx_word' id='word_1_2' title='bbox 308 351 363 434; x_wconf 75' lang='lat' dir='ltr'>ra]</span> <span class='ocrx_word' id='word_1_3' title='bbox 669 369 711 411; x_wconf 84' lang='lat' dir='ltr'>nn</span> <span class='ocrx_word' id='word_1_4' title='bbox 729 369 875 412; x_wconf 82' lang='lat' dir='ltr'>neurus.</span> <span class='ocrx_word' id='word_1_5' title='bbox 1261 349 1321 412; x_wconf 80' lang='lat'>175</span> 
     </span>
    </p>
   </div>
   <div class='ocr_carea' id='block_1_2' title="bbox 217 527 1324 1400">
    <p class='ocr_par' dir='ltr' id='par_1_2' title="bbox 217 527 1323 1270">
     <span class='ocr_line' id='line_1_2' title="bbox 217 527 1318 618; baseline -0.003 -19"><span class='ocrx_word' id='word_1_6' title='bbox 217 535 370 618; x_wconf 92' lang='lat' dir='ltr'>ceptivum</span> <span class='ocrx_word' id='word_1_7' title='bbox 382 532 519 610; x_wconf 90' lang='lat' dir='ltr'>actionis,</span> <span class='ocrx_word' id='word_1_8' title='bbox 529 553 625 617; x_wconf 91' lang='lat' dir='ltr'>quum</span> <span class='ocrx_word' id='word_1_9' title='bbox 634 527 756 595; x_wconf 87' lang='lat' dir='ltr'>nullum</span> <span class='ocrx_word' id='word_1_10' title='bbox 767 531 907 596; x_wconf 87' lang='lat' dir='ltr'>accidens</span> <span class='ocrx_word' id='word_1_11' title='bbox 917 532 956 596; x_wconf 90' lang='lat' dir='ltr'>sit</span> <span class='ocrx_word' id='word_1_12' title='bbox 966 532 1135 598; x_wconf 86' lang='lat' dir='ltr'>subiectum</span> <span class='ocrx_word' id='word_1_13' title='bbox 1148 532 1298 618; x_wconf 84' lang='lat' dir='ltr'>passionis</span> <span class='ocrx_word' id='word_1_14' title='bbox 1311 558 1318 597; x_wconf 91' lang='lat'><strong>:</strong></span> 
     </span>
     <span class='ocr_line' id='line_1_3' title="bbox 218 643 1321 730; baseline -0.003 -19"><span class='ocrx_word' id='word_1_15' title='bbox 218 656 285 711; x_wconf 92' lang='lat' dir='ltr'>tum</span> <span class='ocrx_word' id='word_1_16' title='bbox 306 645 379 730; x_wconf 91' lang='lat' dir='ltr'>quia</span> <span class='ocrx_word' id='word_1_17' title='bbox 395 666 461 708; x_wconf 81' lang='lat' dir='ltr'>esse</span> <span class='ocrx_word' id='word_1_18' title='bbox 476 644 663 708; x_wconf 82' lang='lat' dir='ltr'>causativum</span> <span class='ocrx_word' id='word_1_19' title='bbox 678 643 771 708; x_wconf 88' lang='lat' dir='ltr'>simul</span> <span class='ocrx_word' id='word_1_20' title='bbox 784 654 816 708; x_wconf 91' lang='lat' dir='ltr'>et</span> <span class='ocrx_word' id='word_1_21' title='bbox 830 645 1017 729; x_wconf 88' lang='lat' dir='ltr'>receptivum</span> <span class='ocrx_word' id='word_1_22' title='bbox 1031 655 1077 709; x_wconf 88' lang='lat' dir='ltr'>est</span> <span class='ocrx_word' id='word_1_23' title='bbox 1092 669 1157 710; x_wconf 88' lang='lat' dir='ltr'>esse</span> <span class='ocrx_word' id='word_1_24' title='bbox 1172 655 1274 710; x_wconf 88' lang='lat' dir='ltr'>actum</span> <span class='ocrx_word' id='word_1_25' title='bbox 1290 655 1321 708; x_wconf 92' lang='lat' dir='ltr'>et</span> 
     </span>
     <span class='ocr_line' id='line_1_4' title="bbox 218 755 1321 844; baseline -0.001 -22"><span class='ocrx_word' id='word_1_26' title='bbox 218 759 387 844; x_wconf 88' lang='lat' dir='ltr'>potentiam</span> <span class='ocrx_word' id='word_1_27' title='bbox 403 757 440 821; x_wconf 92' lang='lat' dir='ltr'>ab</span> <span class='ocrx_word' id='word_1_28' title='bbox 456 779 492 820; x_wconf 88' lang='lat' dir='ltr'>eo</span> <span class='ocrx_word' id='word_1_29' title='bbox 506 765 669 820; x_wconf 90' lang='lat' dir='ltr'>actuatam.</span> <span class='ocrx_word' id='word_1_30' title='bbox 715 755 808 832; x_wconf 81' lang='lat' dir='ltr'>Quod</span> <span class='ocrx_word' id='word_1_31' title='bbox 823 765 925 820; x_wconf 92' lang='lat' dir='ltr'>autem</span> <span class='ocrx_word' id='word_1_32' title='bbox 946 764 993 820; x_wconf 92' lang='lat' dir='ltr'>est</span> <span class='ocrx_word' id='word_1_33' title='bbox 1015 757 1164 821; x_wconf 92' lang='lat' dir='ltr'>eiusmodi</span> <span class='ocrx_word' id='word_1_34' title='bbox 1181 765 1228 821; x_wconf 87' lang='lat' dir='ltr'>est</span> <span class='ocrx_word' id='word_1_35' title='bbox 1248 757 1321 821; x_wconf 92' lang='lat' dir='ltr'>sub-</span> 
     </span>
     <span class='ocr_line' id='line_1_5' title="bbox 218 866 1323 953; baseline -0.003 -18"><span class='ocrx_word' id='word_1_36' title='bbox 218 871 350 943; x_wconf 76' lang='lat' dir='ltr'>stantia:</span> <span class='ocrx_word' id='word_1_37' title='bbox 373 868 513 933; x_wconf 87' lang='lat' dir='ltr'>accidens</span> <span class='ocrx_word' id='word_1_38' title='bbox 533 867 615 931; x_wconf 91' lang='lat' dir='ltr'>enim</span> <span class='ocrx_word' id='word_1_39' title='bbox 633 867 750 931; x_wconf 90' lang='lat' dir='ltr'>nnllam</span> <span class='ocrx_word' id='word_1_40' title='bbox 771 866 864 932; x_wconf 87' lang='lat' dir='ltr'>habet</span> <span class='ocrx_word' id='word_1_41' title='bbox 881 869 1050 952; x_wconf 90' lang='lat' dir='ltr'>potentiam</span> <span class='ocrx_word' id='word_1_42' title='bbox 1065 891 1152 933; x_wconf 89' lang='lat' dir='ltr'>suam</span> <span class='ocrx_word' id='word_1_43' title='bbox 1168 869 1323 953; x_wconf 84' lang='lat' dir='ltr'>propriam</span> 
     </span>
     <span class='ocr_line' id='line_1_6' title="bbox 218 980 1321 1068; baseline -0.003 -21"><span class='ocrx_word' id='word_1_44' title='bbox 218 984 251 1047; x_wconf 91' lang='lat' dir='ltr'>in</span> <span class='ocrx_word' id='word_1_45' title='bbox 266 1006 328 1068; x_wconf 94' lang='lat' dir='ltr'>qua</span> <span class='ocrx_word' id='word_1_46' title='bbox 343 1005 375 1045; x_wconf 90' lang='lat' dir='ltr'>se</span> <span class='ocrx_word' id='word_1_47' title='bbox 389 981 492 1065; x_wconf 93' lang='lat' dir='ltr'>ipsum</span> <span class='ocrx_word' id='word_1_48' title='bbox 506 988 626 1045; x_wconf 86' lang='lat' dir='ltr'>actuet:</span> <span class='ocrx_word' id='word_1_49' title='bbox 649 980 731 1066; x_wconf 89' lang='lat' dir='ltr'>quia,</span> <span class='ocrx_word' id='word_1_50' title='bbox 746 981 854 1044; x_wconf 87' lang='lat' dir='ltr'>sicam</span> <span class='ocrx_word' id='word_1_51' title='bbox 869 980 1003 1059; x_wconf 91' lang='lat' dir='ltr'>baberet,</span> <span class='ocrx_word' id='word_1_52' title='bbox 1018 1003 1053 1045; x_wconf 94' lang='lat' dir='ltr'>eo</span> <span class='ocrx_word' id='word_1_53' title='bbox 1069 981 1136 1067; x_wconf 91' lang='lat' dir='ltr'>ipso</span> <span class='ocrx_word' id='word_1_54' title='bbox 1152 992 1231 1045; x_wconf 90' lang='lat' dir='ltr'>esset</span> <span class='ocrx_word' id='word_1_55' title='bbox 1249 981 1321 1045; x_wconf 90' lang='lat' dir='ltr'>sub-</span> 
     </span>
     <span class='ocr_line' id='line_1_7' title="bbox 220 1092 1321 1178; baseline -0.001 -20"><span class='ocrx_word' id='word_1_56' title='bbox 220 1095 343 1173; x_wconf 89' lang='lat' dir='ltr'>stantia,</span> <span class='ocrx_word' id='word_1_57' title='bbox 358 1093 431 1178; x_wconf 89' lang='lat' dir='ltr'>qnia</span> <span class='ocrx_word' id='word_1_58' title='bbox 450 1103 529 1156; x_wconf 88' lang='lat' dir='ltr'>esset</span> <span class='ocrx_word' id='word_1_59' title='bbox 549 1092 582 1155; x_wconf 91' lang='lat' dir='ltr'>in</span> <span class='ocrx_word' id='word_1_60' title='bbox 602 1114 645 1157; x_wconf 89' lang='lat' dir='ltr'>se.</span> <span class='ocrx_word' id='word_1_61' title='bbox 690 1093 774 1177; x_wconf 83' lang='lat' dir='ltr'>Ergo</span> <span class='ocrx_word' id='word_1_62' title='bbox 793 1115 860 1156; x_wconf 92' lang='lat' dir='ltr'>esse</span> <span class='ocrx_word' id='word_1_63' title='bbox 879 1093 1068 1158; x_wconf 83' lang='lat' dir='ltr'>causativum</span> <span class='ocrx_word' id='word_1_64' title='bbox 1089 1102 1121 1158; x_wconf 92' lang='lat' dir='ltr'>et</span> <span class='ocrx_word' id='word_1_65' title='bbox 1136 1093 1321 1178; x_wconf 86' lang='lat' dir='ltr'>receptivum</span> 
     </span>
     <span class='ocr_line' id='line_1_8' title="bbox 220 1203 946 1270; baseline -0.003 0"><span class='ocrx_word' id='word_1_66' title='bbox 220 1207 369 1270; x_wconf 79' lang='lat' dir='ltr'>suiectus</span> <span class='ocrx_word' id='word_1_67' title='bbox 384 1203 576 1268; x_wconf 83' lang='lat' dir='ltr'>accidentalis</span> <span class='ocrx_word' id='word_1_68' title='bbox 591 1213 638 1268; x_wconf 91' lang='lat' dir='ltr'>est</span> <span class='ocrx_word' id='word_1_69' title='bbox 652 1226 718 1268; x_wconf 90' lang='lat' dir='ltr'>esse</span> <span class='ocrx_word' id='word_1_70' title='bbox 732 1203 946 1268; x_wconf 85' lang='lat' dir='ltr'>substantiam.</span> 
     </span>
    </p>

    <p class='ocr_par' dir='ltr' id='par_1_3' title="bbox 265 1315 1324 1400">
     <span class='ocr_line' id='line_1_9' title="bbox 265 1315 1324 1400; baseline -0.002 -20"><span class='ocrx_word' id='word_1_71' title='bbox 265 1317 342 1382; x_wconf 90' lang='lat' dir='ltr'>Haec</span> <span class='ocrx_word' id='word_1_72' title='bbox 363 1317 473 1381; x_wconf 91' lang='lat' dir='ltr'>ultima</span> <span class='ocrx_word' id='word_1_73' title='bbox 494 1316 572 1380; x_wconf 90' lang='lat' dir='ltr'>ratio</span> <span class='ocrx_word' id='word_1_74' title='bbox 594 1315 638 1380; x_wconf 91' lang='lat' dir='ltr'>sic</span> <span class='ocrx_word' id='word_1_75' title='bbox 659 1315 791 1380; x_wconf 88' lang='lat' dir='ltr'>breviter</span> <span class='ocrx_word' id='word_1_76' title='bbox 812 1317 922 1400; x_wconf 86' lang='lat' dir='ltr'>exponi</span> <span class='ocrx_word' id='word_1_77' title='bbox 947 1322 1059 1400; x_wconf 92' lang='lat' dir='ltr'>potest.</span> <span class='ocrx_word' id='word_1_78' title='bbox 1105 1315 1206 1380; x_wconf 91' lang='lat' dir='ltr'>Omne</span> <span class='ocrx_word' id='word_1_79' title='bbox 1230 1337 1324 1398; x_wconf 91' lang='lat' dir='ltr'>agens</span> 
     </span>
    </p>
   </div>
   <div class='ocr_carea' id='block_1_3' title="bbox 126 1426 1325 1515">
    <p class='ocr_par' dir='ltr' id='par_1_4' title="bbox 126 1426 1325 1515">
     <span class='ocr_line' id='line_1_10' title="bbox 126 1426 1325 1515; baseline -0.004 -20"><span class='ocrx_word' id='word_1_80' title='bbox 126 1437 128 1440; x_wconf 80' lang='grc'><strong>’</strong></span> <span class='ocrx_word' id='word_1_81' title='bbox 221 1431 286 1515; x_wconf 91' lang='lat' dir='ltr'>agit</span> <span class='ocrx_word' id='word_1_82' title='bbox 307 1430 341 1493; x_wconf 92' lang='lat' dir='ltr'>in</span> <span class='ocrx_word' id='word_1_83' title='bbox 363 1438 514 1515; x_wconf 91' lang='lat' dir='ltr'>quantum</span> <span class='ocrx_word' id='word_1_84' title='bbox 538 1436 586 1492; x_wconf 89' lang='lat' dir='ltr'>est</span> <span class='ocrx_word' id='word_1_85' title='bbox 609 1427 642 1491; x_wconf 90' lang='lat' dir='ltr'>in</span> <span class='ocrx_word' id='word_1_86' title='bbox 665 1435 756 1506; x_wconf 84' lang='lat' dir='ltr'>aotu3</span> <span class='ocrx_word' id='word_1_87' title='bbox 779 1449 853 1511; x_wconf 89' lang='lat' dir='ltr'>ergo</span> <span class='ocrx_word' id='word_1_88' title='bbox 876 1426 960 1512; x_wconf 91' lang='lat' dir='ltr'>quod</span> <span class='ocrx_word' id='word_1_89' title='bbox 981 1426 1123 1511; x_wconf 84' lang='lat' dir='ltr'>producit</span> <span class='ocrx_word' id='word_1_90' title='bbox 1146 1437 1248 1491; x_wconf 91' lang='lat' dir='ltr'>actum</span> <span class='ocrx_word' id='word_1_91' title='bbox 1267 1427 1325 1490; x_wconf 92' lang='lat' dir='ltr'>sibi</span> 
     </span>
    </p>
   </div>
   <div class='ocr_carea' id='block_1_4' title="bbox 221 1538 1382 3528">
    <p class='ocr_par' dir='ltr' id='par_1_5' title="bbox 221 1538 1330 3079">
     <span class='ocr_line' id='line_1_11' title="bbox 221 1538 1326 1621; baseline -0.004 -15"><span class='ocrx_word' id='word_1_92' title='bbox 221 1542 453 1621; x_wconf 89' lang='lat' dir='ltr'>immanentem,</span> <span class='ocrx_word' id='word_1_93' title='bbox 467 1540 545 1604; x_wconf 89' lang='lat' dir='ltr'>illud</span> <span class='ocrx_word' id='word_1_94' title='bbox 567 1548 638 1604; x_wconf 87' lang='lat' dir='ltr'>actu</span> <span class='ocrx_word' id='word_1_95' title='bbox 652 1538 712 1604; x_wconf 88' lang='lat' dir='ltr'>sibi</span> <span class='ocrx_word' id='word_1_96' title='bbox 732 1539 891 1602; x_wconf 86' lang='lat' dir='ltr'>immanet.</span> <span class='ocrx_word' id='word_1_97' title='bbox 938 1539 998 1603; x_wconf 84' lang='lat' dir='ltr'>Sed</span> <span class='ocrx_word' id='word_1_98' title='bbox 1016 1539 1074 1602; x_wconf 89' lang='lat' dir='ltr'>sibi</span> <span class='ocrx_word' id='word_1_99' title='bbox 1096 1539 1262 1618; x_wconf 84' lang='lat' dir='ltr'>immanere</span> <span class='ocrx_word' id='word_1_100' title='bbox 1279 1547 1326 1602; x_wconf 90' lang='lat' dir='ltr'>est</span> 
     </span>
     <span class='ocr_line' id='line_1_12' title="bbox 222 1650 1325 1736; baseline -0.004 -17"><span class='ocrx_word' id='word_1_101' title='bbox 222 1676 289 1719; x_wconf 88' lang='lat' dir='ltr'>esse</span> <span class='ocrx_word' id='word_1_102' title='bbox 302 1654 335 1718; x_wconf 90' lang='lat' dir='ltr'>in</span> <span class='ocrx_word' id='word_1_103' title='bbox 351 1676 393 1733; x_wconf 91' lang='lat' dir='ltr'>se,</span> <span class='ocrx_word' id='word_1_104' title='bbox 409 1675 464 1717; x_wconf 91' lang='lat' dir='ltr'>seu</span> <span class='ocrx_word' id='word_1_105' title='bbox 478 1674 543 1716; x_wconf 89' lang='lat' dir='ltr'>esse</span> <span class='ocrx_word' id='word_1_106' title='bbox 558 1651 773 1735; x_wconf 89' lang='lat' dir='ltr'>substantiam.</span> <span class='ocrx_word' id='word_1_107' title='bbox 818 1650 901 1734; x_wconf 83' lang='lat' dir='ltr'>Ergo</span> <span class='ocrx_word' id='word_1_108' title='bbox 916 1650 999 1735; x_wconf 94' lang='lat' dir='ltr'>quod</span> <span class='ocrx_word' id='word_1_109' title='bbox 1017 1651 1049 1714; x_wconf 89' lang='lat' dir='ltr'>in</span> <span class='ocrx_word' id='word_1_110' title='bbox 1066 1673 1098 1715; x_wconf 93' lang='lat' dir='ltr'>se</span> <span class='ocrx_word' id='word_1_111' title='bbox 1112 1651 1219 1736; x_wconf 83' lang='lat' dir='ltr'>recipit</span> <span class='ocrx_word' id='word_1_112' title='bbox 1234 1673 1325 1715; x_wconf 89' lang='lat' dir='ltr'>suum</span> 
     </span>
     <span class='ocr_line' id='line_1_13' title="bbox 222 1761 1327 1848; baseline -0.003 -18"><span class='ocrx_word' id='word_1_113' title='bbox 222 1774 325 1830; x_wconf 89' lang='lat' dir='ltr'>aetum</span> <span class='ocrx_word' id='word_1_114' title='bbox 355 1763 570 1829; x_wconf 88' lang='lat' dir='ltr'>accidentalem</span> <span class='ocrx_word' id='word_1_115' title='bbox 600 1771 647 1826; x_wconf 90' lang='lat' dir='ltr'>est</span> <span class='ocrx_word' id='word_1_116' title='bbox 677 1761 859 1828; x_wconf 86' lang='lat' dir='ltr'>substantia.</span> <span class='ocrx_word' id='word_1_117' title='bbox 918 1763 987 1827; x_wconf 91' lang='lat' dir='ltr'>Hoc</span> <span class='ocrx_word' id='word_1_118' title='bbox 1017 1773 1233 1848; x_wconf 85' lang='lat' dir='ltr'>argumentum</span> <span class='ocrx_word' id='word_1_119' title='bbox 1263 1763 1327 1827; x_wconf 88' lang='lat' dir='ltr'>fieri</span> 
     </span>
     <span class='ocr_line' id='line_1_14' title="bbox 223 1874 1325 1962; baseline -0.001 -21"><span class='ocrx_word' id='word_1_120' title='bbox 223 1884 342 1962; x_wconf 89' lang='lat' dir='ltr'>poterat</span> <span class='ocrx_word' id='word_1_121' title='bbox 357 1877 449 1940; x_wconf 90' lang='lat' dir='ltr'>etiam</span> <span class='ocrx_word' id='word_1_122' title='bbox 465 1897 566 1961; x_wconf 88' lang='lat' dir='ltr'>snpra,</span> <span class='ocrx_word' id='word_1_123' title='bbox 582 1875 707 1960; x_wconf 88' lang='lat' dir='ltr'>quando</span> <span class='ocrx_word' id='word_1_124' title='bbox 728 1874 930 1959; x_wconf 85' lang='lat' dir='ltr'>loquebamur</span> <span class='ocrx_word' id='word_1_125' title='bbox 944 1875 982 1939; x_wconf 94' lang='lat' dir='ltr'>de</span> <span class='ocrx_word' id='word_1_126' title='bbox 997 1876 1146 1960; x_wconf 90' lang='lat' dir='ltr'>principio</span> <span class='ocrx_word' id='word_1_127' title='bbox 1161 1876 1325 1940; x_wconf 87' lang='lat' dir='ltr'>sensitivo:</span> 
     </span>
     <span class='ocr_line' id='line_1_15' title="bbox 224 1986 1328 2073; baseline 0 -21"><span class='ocrx_word' id='word_1_128' title='bbox 224 1988 278 2053; x_wconf 92' lang='lat' dir='ltr'>sed</span> <span class='ocrx_word' id='word_1_129' title='bbox 297 1987 370 2073; x_wconf 90' lang='lat' dir='ltr'>quia</span> <span class='ocrx_word' id='word_1_130' title='bbox 390 1987 526 2072; x_wconf 91' lang='lat' dir='ltr'>operatio</span> <span class='ocrx_word' id='word_1_131' title='bbox 548 1986 691 2052; x_wconf 83' lang='lat' dir='ltr'>sensitiva</span> <span class='ocrx_word' id='word_1_132' title='bbox 712 1986 832 2070; x_wconf 85' lang='lat' dir='ltr'>indiget</span> <span class='ocrx_word' id='word_1_133' title='bbox 854 1994 941 2051; x_wconf 91' lang='lat' dir='ltr'>motu</span> <span class='ocrx_word' id='word_1_134' title='bbox 965 2008 1117 2072; x_wconf 89' lang='lat' dir='ltr'>corporeo,</span> <span class='ocrx_word' id='word_1_135' title='bbox 1138 1988 1241 2052; x_wconf 86' lang='lat' dir='ltr'>minus</span> <span class='ocrx_word' id='word_1_136' title='bbox 1267 1988 1328 2053; x_wconf 90' lang='lat' dir='ltr'>evi-</span> 
     </span>
     <span class='ocr_line' id='line_1_16' title="bbox 225 2097 1328 2183; baseline -0.001 -20"><span class='ocrx_word' id='word_1_137' title='bbox 225 2099 332 2163; x_wconf 86' lang='lat' dir='ltr'>denter</span> <span class='ocrx_word' id='word_1_138' title='bbox 361 2097 556 2182; x_wconf 87' lang='lat' dir='ltr'>processisset</span> <span class='ocrx_word' id='word_1_139' title='bbox 593 2097 823 2176; x_wconf 89' lang='lat' dir='ltr'>demonstratio,</span> <span class='ocrx_word' id='word_1_140' title='bbox 853 2108 884 2162; x_wconf 91' lang='lat' dir='ltr'>et</span> <span class='ocrx_word' id='word_1_141' title='bbox 914 2097 1086 2183; x_wconf 90' lang='lat' dir='ltr'>reliquisset</span> <span class='ocrx_word' id='word_1_142' title='bbox 1123 2099 1328 2163; x_wconf 89' lang='lat' dir='ltr'>materialistis</span> 
     </span>
     <span class='ocr_line' id='line_1_17' title="bbox 224 2209 1326 2295; baseline 0 -20"><span class='ocrx_word' id='word_1_143' title='bbox 224 2210 436 2275; x_wconf 89' lang='lat' dir='ltr'>recalcitrandi</span> <span class='ocrx_word' id='word_1_144' title='bbox 449 2209 551 2275; x_wconf 88' lang='lat' dir='ltr'>locum</span> <span class='ocrx_word' id='word_1_145' title='bbox 564 2235 571 2274; x_wconf 91' lang='lat'><strong>:</strong></span> <span class='ocrx_word' id='word_1_146' title='bbox 595 2219 702 2274; x_wconf 89' lang='lat' dir='ltr'>contra</span> <span class='ocrx_word' id='word_1_147' title='bbox 723 2231 804 2290; x_wconf 88' lang='lat' dir='ltr'>vero,</span> <span class='ocrx_word' id='word_1_148' title='bbox 819 2232 916 2295; x_wconf 92' lang='lat' dir='ltr'>quum</span> <span class='ocrx_word' id='word_1_149' title='bbox 938 2211 1073 2295; x_wconf 88' lang='lat' dir='ltr'>operatio</span> <span class='ocrx_word' id='word_1_150' title='bbox 1088 2210 1166 2275; x_wconf 87' lang='lat' dir='ltr'>eirca</span> <span class='ocrx_word' id='word_1_151' title='bbox 1180 2210 1326 2295; x_wconf 87' lang='lat' dir='ltr'>intelligi-</span> 
     </span>
     <span class='ocr_line' id='line_1_18' title="bbox 224 2320 1328 2408; baseline -0.001 -21"><span class='ocrx_word' id='word_1_152' title='bbox 224 2322 298 2387; x_wconf 90' lang='lat' dir='ltr'>bilia</span> <span class='ocrx_word' id='word_1_153' title='bbox 323 2344 386 2387; x_wconf 90' lang='lat' dir='ltr'>non</span> <span class='ocrx_word' id='word_1_154' title='bbox 405 2322 571 2406; x_wconf 81' lang='lat' dir='ltr'>praeexigat</span> <span class='ocrx_word' id='word_1_155' title='bbox 589 2321 649 2385; x_wconf 87' lang='lat' dir='ltr'>nisi</span> <span class='ocrx_word' id='word_1_156' title='bbox 671 2320 759 2385; x_wconf 92' lang='lat' dir='ltr'>illum</span> <span class='ocrx_word' id='word_1_157' title='bbox 783 2330 902 2385; x_wconf 92' lang='lat' dir='ltr'>motum</span> <span class='ocrx_word' id='word_1_158' title='bbox 924 2344 986 2407; x_wconf 94' lang='lat' dir='ltr'>quo</span> <span class='ocrx_word' id='word_1_159' title='bbox 1008 2321 1201 2408; x_wconf 84' lang='lat' dir='ltr'>intelligibile</span> <span class='ocrx_word' id='word_1_160' title='bbox 1225 2332 1328 2388; x_wconf 89' lang='lat' dir='ltr'>movet</span> 
     </span>
     <span class='ocr_line' id='line_1_19' title="bbox 224 2433 1327 2521; baseline 0.002 -21"><span class='ocrx_word' id='word_1_161' title='bbox 224 2434 393 2521; x_wconf 89' lang='lat' dir='ltr'>potentiam</span> <span class='ocrx_word' id='word_1_162' title='bbox 413 2435 596 2520; x_wconf 88' lang='lat' dir='ltr'>receptivam</span> <span class='ocrx_word' id='word_1_163' title='bbox 615 2434 784 2519; x_wconf 88' lang='lat' dir='ltr'>specierum</span> <span class='ocrx_word' id='word_1_164' title='bbox 800 2433 1053 2519; x_wconf 84' lang='lat' dir='ltr'>intelligibilium,</span> <span class='ocrx_word' id='word_1_165' title='bbox 1073 2436 1126 2521; x_wconf 90' lang='lat' dir='ltr'>qui</span> <span class='ocrx_word' id='word_1_166' title='bbox 1141 2444 1243 2501; x_wconf 89' lang='lat' dir='ltr'>motus</span> <span class='ocrx_word' id='word_1_167' title='bbox 1263 2458 1327 2502; x_wconf 89' lang='lat' dir='ltr'>nou</span> 
     </span>
     <span class='ocr_line' id='line_1_20' title="bbox 225 2547 1330 2635; baseline 0 -21"><span class='ocrx_word' id='word_1_168' title='bbox 225 2557 271 2614; x_wconf 91' lang='lat' dir='ltr'>est</span> <span class='ocrx_word' id='word_1_169' title='bbox 299 2548 484 2635; x_wconf 90' lang='lat' dir='ltr'>receptibilis</span> <span class='ocrx_word' id='word_1_170' title='bbox 512 2548 546 2611; x_wconf 89' lang='lat' dir='ltr'>in</span> <span class='ocrx_word' id='word_1_171' title='bbox 575 2568 699 2632; x_wconf 89' lang='lat' dir='ltr'>corpore</span> <span class='ocrx_word' id='word_1_172' title='bbox 727 2547 811 2632; x_wconf 88' lang='lat' dir='ltr'>(quia</span> <span class='ocrx_word' id='word_1_173' title='bbox 836 2547 1029 2633; x_wconf 84' lang='lat' dir='ltr'>intelligibile</span> <span class='ocrx_word' id='word_1_174' title='bbox 1058 2570 1121 2613; x_wconf 90' lang='lat' dir='ltr'>nou</span> <span class='ocrx_word' id='word_1_175' title='bbox 1146 2557 1248 2613; x_wconf 91' lang='lat' dir='ltr'>movet</span> <span class='ocrx_word' id='word_1_176' title='bbox 1273 2572 1330 2635; x_wconf 89' lang='lat' dir='ltr'>per</span> 
     </span>
     <span class='ocr_line' id='line_1_21' title="bbox 225 2659 1328 2746; baseline 0.001 -21"><span class='ocrx_word' id='word_1_177' title='bbox 225 2661 358 2745; x_wconf 87' lang='lat' dir='ltr'>aliquam</span> <span class='ocrx_word' id='word_1_178' title='bbox 378 2660 522 2727; x_wconf 69' lang='lat' dir='ltr'>vimutem</span> <span class='ocrx_word' id='word_1_179' title='bbox 544 2660 766 2737; x_wconf 88' lang='lat' dir='ltr'>locomotivam,</span> <span class='ocrx_word' id='word_1_180' title='bbox 793 2682 863 2745; x_wconf 72' lang='lat' dir='ltr'>qun</span> <span class='ocrx_word' id='word_1_181' title='bbox 885 2659 949 2724; x_wconf 87' lang='lat' dir='ltr'>sola</span> <span class='ocrx_word' id='word_1_182' title='bbox 972 2669 1018 2725; x_wconf 89' lang='lat' dir='ltr'>est</span> <span class='ocrx_word' id='word_1_183' title='bbox 1040 2661 1269 2746; x_wconf 88' lang='lat' dir='ltr'>proportionata</span> <span class='ocrx_word' id='word_1_184' title='bbox 1291 2671 1328 2726; x_wconf 93' lang='lat' dir='ltr'>ut</span> 
     </span>
     <span class='ocr_line' id='line_1_22' title="bbox 226 2770 1328 2865; baseline -0.001 -28"><span class='ocrx_word' id='word_1_185' title='bbox 226 2774 390 2865; x_wconf 89' lang='lat' dir='ltr'>recipiatur</span> <span class='ocrx_word' id='word_1_186' title='bbox 403 2774 437 2837; x_wconf 93' lang='lat' dir='ltr'>in</span> <span class='ocrx_word' id='word_1_187' title='bbox 458 2772 597 2857; x_wconf 88' lang='lat' dir='ltr'>potentia</span> <span class='ocrx_word' id='word_1_188' title='bbox 618 2770 791 2854; x_wconf 88' lang='lat' dir='ltr'>materiali),</span> <span class='ocrx_word' id='word_1_189' title='bbox 808 2771 931 2837; x_wconf 90' lang='lat' dir='ltr'>evidens</span> <span class='ocrx_word' id='word_1_190' title='bbox 953 2778 1009 2851; x_wconf 88' lang='lat' dir='ltr'>est,</span> <span class='ocrx_word' id='word_1_191' title='bbox 1025 2772 1108 2837; x_wconf 89' lang='lat' dir='ltr'>hunc</span> <span class='ocrx_word' id='word_1_192' title='bbox 1124 2783 1243 2837; x_wconf 89' lang='lat' dir='ltr'>motum</span> <span class='ocrx_word' id='word_1_193' title='bbox 1264 2794 1328 2837; x_wconf 88' lang='lat' dir='ltr'>nun</span> 
     </span>
     <span class='ocr_line' id='line_1_23' title="bbox 226 2881 1328 2969; baseline -0.001 -20"><span class='ocrx_word' id='word_1_194' title='bbox 226 2885 320 2969; x_wconf 91' lang='lat' dir='ltr'>recipi</span> <span class='ocrx_word' id='word_1_195' title='bbox 345 2885 377 2949; x_wconf 90' lang='lat' dir='ltr'>in</span> <span class='ocrx_word' id='word_1_196' title='bbox 398 2884 572 2969; x_wconf 85' lang='lat' dir='ltr'>passivitate</span> <span class='ocrx_word' id='word_1_197' title='bbox 590 2882 734 2961; x_wconf 87' lang='lat' dir='ltr'>materiae,</span> <span class='ocrx_word' id='word_1_198' title='bbox 750 2881 805 2946; x_wconf 90' lang='lat' dir='ltr'>sed</span> <span class='ocrx_word' id='word_1_199' title='bbox 829 2882 863 2946; x_wconf 90' lang='lat' dir='ltr'>in</span> <span class='ocrx_word' id='word_1_200' title='bbox 885 2883 952 2968; x_wconf 86' lang='lat' dir='ltr'>ipsa</span> <span class='ocrx_word' id='word_1_201' title='bbox 977 2884 1098 2963; x_wconf 84' lang='lat' dir='ltr'>anima3</span> <span class='ocrx_word' id='word_1_202' title='bbox 1120 2884 1215 2949; x_wconf 86' lang='lat' dir='ltr'>etsie</span> <span class='ocrx_word' id='word_1_203' title='bbox 1237 2907 1328 2969; x_wconf 82' lang='lat' dir='ltr'>argn-</span> 
     </span>
     <span class='ocr_line' id='line_1_24' title="bbox 226 2993 1081 3079; baseline -0.001 -19"><span class='ocrx_word' id='word_1_204' title='bbox 226 3004 365 3061; x_wconf 89' lang='lat' dir='ltr'>mentum</span> <span class='ocrx_word' id='word_1_205' title='bbox 380 2994 471 3059; x_wconf 91' lang='lat' dir='ltr'>citius</span> <span class='ocrx_word' id='word_1_206' title='bbox 486 2993 645 3079; x_wconf 89' lang='lat' dir='ltr'>praecludit</span> <span class='ocrx_word' id='word_1_207' title='bbox 660 2993 880 3078; x_wconf 85' lang='lat' dir='ltr'>tergiversandi</span> <span class='ocrx_word' id='word_1_208' title='bbox 894 2994 1081 3059; x_wconf 79' lang='lat' dir='ltr'>facultatem.</span> 
     </span>
    </p>

    <p class='ocr_par' dir='ltr' id='par_1_6' title="bbox 227 3104 1382 3528">
     <span class='ocr_line' id='line_1_25' title="bbox 272 3104 1330 3191; baseline -0.001 -19"><span class='ocrx_word' id='word_1_209' title='bbox 272 3107 422 3186; x_wconf 84' lang='lat' dir='ltr'>Secundo,</span> <span class='ocrx_word' id='word_1_210' title='bbox 433 3105 617 3191; x_wconf 89' lang='lat' dir='ltr'>principium</span> <span class='ocrx_word' id='word_1_211' title='bbox 633 3104 716 3190; x_wconf 91' lang='lat' dir='ltr'>quod</span> <span class='ocrx_word' id='word_1_212' title='bbox 730 3104 823 3170; x_wconf 90' lang='lat' dir='ltr'>habet</span> <span class='ocrx_word' id='word_1_213' title='bbox 838 3105 1054 3171; x_wconf 90' lang='lat' dir='ltr'>conscientiam</span> <span class='ocrx_word' id='word_1_214' title='bbox 1069 3106 1108 3170; x_wconf 92' lang='lat' dir='ltr'>de</span> <span class='ocrx_word' id='word_1_215' title='bbox 1122 3128 1177 3170; x_wconf 88' lang='lat' dir='ltr'>suo</span> <span class='ocrx_word' id='word_1_216' title='bbox 1193 3128 1267 3186; x_wconf 91' lang='lat' dir='ltr'>esse,</span> <span class='ocrx_word' id='word_1_217' title='bbox 1283 3114 1330 3171; x_wconf 89' lang='lat' dir='ltr'>est</span> 
     </span>
     <span class='ocr_line' id='line_1_26' title="bbox 227 3217 1329 3303; baseline -0.001 -19"><span class='ocrx_word' id='word_1_218' title='bbox 227 3219 408 3284; x_wconf 91' lang='lat' dir='ltr'>substantia.</span> <span class='ocrx_word' id='word_1_219' title='bbox 456 3217 516 3282; x_wconf 87' lang='lat' dir='ltr'>Sed</span> <span class='ocrx_word' id='word_1_220' title='bbox 540 3217 726 3302; x_wconf 88' lang='lat' dir='ltr'>principium</span> <span class='ocrx_word' id='word_1_221' title='bbox 751 3218 833 3298; x_wconf 90' lang='lat' dir='ltr'>vitae,</span> <span class='ocrx_word' id='word_1_222' title='bbox 852 3218 936 3303; x_wconf 91' lang='lat' dir='ltr'>quod</span> <span class='ocrx_word' id='word_1_223' title='bbox 957 3226 1003 3283; x_wconf 90' lang='lat' dir='ltr'>est</span> <span class='ocrx_word' id='word_1_224' title='bbox 1025 3218 1059 3282; x_wconf 91' lang='lat' dir='ltr'>in</span> <span class='ocrx_word' id='word_1_225' title='bbox 1080 3218 1215 3298; x_wconf 85' lang='lat' dir='ltr'>homine,</span> <span class='ocrx_word' id='word_1_226' title='bbox 1237 3218 1329 3283; x_wconf 89' lang='lat' dir='ltr'>babet</span> 
     </span>
     <span class='ocr_line' id='line_1_27' title="bbox 228 3329 1332 3424; baseline -0.001 -27"><span class='ocrx_word' id='word_1_227' title='bbox 228 3330 445 3424; x_wconf 89' lang='lat' dir='ltr'>conscientiam</span> <span class='ocrx_word' id='word_1_228' title='bbox 471 3329 509 3393; x_wconf 92' lang='lat' dir='ltr'>de</span> <span class='ocrx_word' id='word_1_229' title='bbox 533 3351 589 3393; x_wconf 93' lang='lat' dir='ltr'>suo</span> <span class='ocrx_word' id='word_1_230' title='bbox 617 3352 693 3400; x_wconf 88' lang='lat' dir='ltr'>esse.</span> <span class='ocrx_word' id='word_1_231' title='bbox 737 3329 822 3415; x_wconf 80' lang='lat' dir='ltr'>Ergo</span> <span class='ocrx_word' id='word_1_232' title='bbox 851 3338 897 3395; x_wconf 90' lang='lat' dir='ltr'>est</span> <span class='ocrx_word' id='word_1_233' title='bbox 924 3330 1103 3396; x_wconf 87' lang='lat' dir='ltr'>substantia.</span> <span class='ocrx_word' id='word_1_234' title='bbox 1149 3332 1255 3396; x_wconf 90' lang='lat' dir='ltr'>Minor</span> <span class='ocrx_word' id='word_1_235' title='bbox 1283 3342 1332 3397; x_wconf 92' lang='lat' dir='ltr'>est</span> 
     </span>
     <span class='ocr_line' id='line_1_28' title="bbox 227 3441 1382 3528; baseline -0.001 -20"><span class='ocrx_word' id='word_1_236' title='bbox 227 3443 371 3523; x_wconf 76' lang='lat' dir='ltr'>evidens3</span> <span class='ocrx_word' id='word_1_237' title='bbox 394 3465 466 3507; x_wconf 89' lang='lat' dir='ltr'>nam</span> <span class='ocrx_word' id='word_1_238' title='bbox 481 3442 566 3526; x_wconf 88' lang='lat' dir='ltr'>prius</span> <span class='ocrx_word' id='word_1_239' title='bbox 581 3450 628 3506; x_wconf 89' lang='lat' dir='ltr'>eat</span> <span class='ocrx_word' id='word_1_240' title='bbox 643 3441 718 3506; x_wconf 88' lang='lat' dir='ltr'>scire</span> <span class='ocrx_word' id='word_1_241' title='bbox 733 3464 766 3505; x_wconf 92' lang='lat' dir='ltr'>se</span> <span class='ocrx_word' id='word_1_242' title='bbox 780 3464 856 3522; x_wconf 88' lang='lat' dir='ltr'>esse,</span> <span class='ocrx_word' id='word_1_243' title='bbox 872 3465 965 3528; x_wconf 88' lang='lat' dir='ltr'>quam</span> <span class='ocrx_word' id='word_1_244' title='bbox 981 3444 1057 3509; x_wconf 87' lang='lat' dir='ltr'>seire</span> <span class='ocrx_word' id='word_1_245' title='bbox 1071 3466 1104 3508; x_wconf 89' lang='lat' dir='ltr'>se</span> <span class='ocrx_word' id='word_1_246' title='bbox 1118 3443 1177 3507; x_wconf 83' lang='lat' dir='ltr'>h&#39;oc</span> <span class='ocrx_word' id='word_1_247' title='bbox 1192 3443 1238 3508; x_wconf 90' lang='lat' dir='ltr'>vel</span> <span class='ocrx_word' id='word_1_248' title='bbox 1253 3441 1331 3507; x_wconf 91' lang='lat' dir='ltr'>illud</span> <span class='ocrx_word' id='word_1_249' title='bbox 1380 3444 1382 3447; x_wconf 74' lang='grc'><strong>’</strong></span> 
     </span>
    </p>
   </div>
   <div class='ocr_carea' id='block_1_5' title="bbox 228 3552 1443 3641">
    <p class='ocr_par' dir='ltr' id='par_1_7' title="bbox 228 3552 1443 3641">
     <span class='ocr_line' id='line_1_29' title="bbox 228 3552 1443 3641; baseline 0 -20"><span class='ocrx_word' id='word_1_250' title='bbox 228 3555 381 3641; x_wconf 90' lang='lat' dir='ltr'>cogitare:</span> <span class='ocrx_word' id='word_1_251' title='bbox 404 3553 462 3617; x_wconf 92' lang='lat' dir='ltr'>hoc</span> <span class='ocrx_word' id='word_1_252' title='bbox 473 3561 576 3619; x_wconf 88' lang='lat' dir='ltr'>autem</span> <span class='ocrx_word' id='word_1_253' title='bbox 591 3552 760 3618; x_wconf 88' lang='lat' dir='ltr'>seeundum</span> <span class='ocrx_word' id='word_1_254' title='bbox 772 3554 886 3620; x_wconf 89' lang='lat' dir='ltr'>scimus</span> <span class='ocrx_word' id='word_1_255' title='bbox 895 3580 905 3634; x_wconf 85' lang='lat'>3</span> <span class='ocrx_word' id='word_1_256' title='bbox 928 3578 1001 3639; x_wconf 87' lang='lat' dir='ltr'>ergo</span> <span class='ocrx_word' id='word_1_257' title='bbox 1015 3563 1047 3621; x_wconf 91' lang='lat' dir='ltr'>et</span> <span class='ocrx_word' id='word_1_258' title='bbox 1060 3556 1205 3641; x_wconf 90' lang='lat' dir='ltr'>primum.</span> <span class='ocrx_word' id='word_1_259' title='bbox 1229 3555 1331 3621; x_wconf 92' lang='lat' dir='ltr'>Maior</span> <span class='ocrx_word' id='word_1_260' title='bbox 1441 3557 1443 3562; x_wconf 78' lang='grc'><strong>’</strong></span> 
     </span>
    </p>
   </div>
   <div class='ocr_carea' id='block_1_6' title="bbox 227 3664 1333 4421">
    <p class='ocr_par' dir='ltr' id='par_1_8' title="bbox 227 3664 1333 4421">
     <span class='ocr_line' id='line_1_30' title="bbox 227 3664 1330 3760; baseline 0.002 -29"><span class='ocrx_word' id='word_1_261' title='bbox 227 3667 315 3760; x_wconf 84' lang='lat' dir='ltr'>facile</span> <span class='ocrx_word' id='word_1_262' title='bbox 336 3664 493 3751; x_wconf 90' lang='lat' dir='ltr'>probatur.</span> <span class='ocrx_word' id='word_1_263' title='bbox 538 3664 620 3729; x_wconf 90' lang='lat' dir='ltr'>Nam</span> <span class='ocrx_word' id='word_1_264' title='bbox 642 3665 828 3730; x_wconf 88' lang='lat' dir='ltr'>conscientia</span> <span class='ocrx_word' id='word_1_265' title='bbox 851 3666 891 3731; x_wconf 90' lang='lat' dir='ltr'>de</span> <span class='ocrx_word' id='word_1_266' title='bbox 914 3689 969 3731; x_wconf 89' lang='lat' dir='ltr'>suo</span> <span class='ocrx_word' id='word_1_267' title='bbox 992 3691 1056 3732; x_wconf 87' lang='lat' dir='ltr'>esse</span> <span class='ocrx_word' id='word_1_268' title='bbox 1078 3689 1141 3731; x_wconf 91' lang='lat' dir='ltr'>non</span> <span class='ocrx_word' id='word_1_269' title='bbox 1163 3667 1256 3733; x_wconf 91' lang='lat' dir='ltr'>habet</span> <span class='ocrx_word' id='word_1_270' title='bbox 1273 3690 1330 3753; x_wconf 92' lang='lat' dir='ltr'>pro</span> 
     </span>
     <span class='ocr_line' id='line_1_31' title="bbox 229 3758 1331 3866; baseline 0.002 -23"><span class='ocrx_word' id='word_1_271' title='bbox 229 3758 347 3843; x_wconf 87' lang='lat' dir='ltr'>obiecto</span> <span class='ocrx_word' id='word_1_272' title='bbox 361 3776 477 3862; x_wconf 90' lang='lat' dir='ltr'>aliquid</span> <span class='ocrx_word' id='word_1_273' title='bbox 492 3784 577 3841; x_wconf 85' lang='lat' dir='ltr'>extra</span> <span class='ocrx_word' id='word_1_274' title='bbox 591 3775 773 3857; x_wconf 89' lang='lat' dir='ltr'>subiectum,</span> <span class='ocrx_word' id='word_1_275' title='bbox 788 3779 842 3843; x_wconf 88' lang='lat' dir='ltr'>sed</span> <span class='ocrx_word' id='word_1_276' title='bbox 862 3778 941 3843; x_wconf 94' lang='lat' dir='ltr'>illud</span> <span class='ocrx_word' id='word_1_277' title='bbox 955 3780 1067 3864; x_wconf 89' lang='lat' dir='ltr'>ipsum,</span> <span class='ocrx_word' id='word_1_278' title='bbox 1083 3803 1144 3866; x_wconf 93' lang='lat' dir='ltr'>quo</span> <span class='ocrx_word' id='word_1_279' title='bbox 1160 3780 1331 3845; x_wconf 91' lang='lat' dir='ltr'>subiectum</span> 
     </span>
     <span class='ocr_line' id='line_1_32' title="bbox 228 3887 1332 3977; baseline 0.001 -22"><span class='ocrx_word' id='word_1_280' title='bbox 228 3899 275 3955; x_wconf 90' lang='lat' dir='ltr'>est</span> <span class='ocrx_word' id='word_1_281' title='bbox 301 3889 402 3976; x_wconf 91' lang='lat' dir='ltr'>quoad</span> <span class='ocrx_word' id='word_1_282' title='bbox 432 3911 482 3954; x_wconf 88' lang='lat' dir='ltr'>se:</span> <span class='ocrx_word' id='word_1_283' title='bbox 505 3910 541 3953; x_wconf 90' lang='lat' dir='ltr'>ac</span> <span class='ocrx_word' id='word_1_284' title='bbox 564 3887 691 3974; x_wconf 90' lang='lat' dir='ltr'>proinde</span> <span class='ocrx_word' id='word_1_285' title='bbox 720 3889 893 3955; x_wconf 90' lang='lat' dir='ltr'>subiectum</span> <span class='ocrx_word' id='word_1_286' title='bbox 916 3891 1034 3956; x_wconf 90' lang='lat' dir='ltr'>nullam</span> <span class='ocrx_word' id='word_1_287' title='bbox 1060 3892 1178 3976; x_wconf 88' lang='lat' dir='ltr'>indiget</span> <span class='ocrx_word' id='word_1_288' title='bbox 1198 3892 1332 3977; x_wconf 90' lang='lat' dir='ltr'>recipere</span> 
     </span>
     <span class='ocr_line' id='line_1_33' title="bbox 229 3981 1332 4085; baseline 0.003 -19"><span class='ocrx_word' id='word_1_289' title='bbox 229 3981 446 4066; x_wconf 86' lang='lat' dir='ltr'>accidentalem</span> <span class='ocrx_word' id='word_1_290' title='bbox 460 4000 691 4085; x_wconf 90' lang='lat' dir='ltr'>impressionem</span> <span class='ocrx_word' id='word_1_291' title='bbox 706 4000 744 4065; x_wconf 91' lang='lat' dir='ltr'>ab</span> <span class='ocrx_word' id='word_1_292' title='bbox 767 4002 944 4082; x_wconf 86' lang='lat' dir='ltr'>extrinseco,</span> <span class='ocrx_word' id='word_1_293' title='bbox 959 4012 995 4067; x_wconf 92' lang='lat' dir='ltr'>nt</span> <span class='ocrx_word' id='word_1_294' title='bbox 1011 4003 1068 4068; x_wconf 90' lang='lat' dir='ltr'>sibi</span> <span class='ocrx_word' id='word_1_295' title='bbox 1085 4005 1224 4069; x_wconf 89' lang='lat' dir='ltr'>conscius</span> <span class='ocrx_word' id='word_1_296' title='bbox 1239 4005 1279 4069; x_wconf 92' lang='lat' dir='ltr'>sit</span> <span class='ocrx_word' id='word_1_297' title='bbox 1294 4005 1332 4069; x_wconf 93' lang='lat' dir='ltr'>de</span> 
     </span>
     <span class='ocr_line' id='line_1_34' title="bbox 229 4112 1332 4199; baseline 0.005 -22"><span class='ocrx_word' id='word_1_298' title='bbox 229 4137 285 4179; x_wconf 86' lang='lat' dir='ltr'>suo</span> <span class='ocrx_word' id='word_1_299' title='bbox 306 4135 382 4177; x_wconf 90' lang='lat' dir='ltr'>esse.</span> <span class='ocrx_word' id='word_1_300' title='bbox 427 4112 511 4195; x_wconf 81' lang='lat' dir='ltr'>Ergo</span> <span class='ocrx_word' id='word_1_301' title='bbox 536 4112 732 4197; x_wconf 88' lang='lat' dir='ltr'>principium,</span> <span class='ocrx_word' id='word_1_302' title='bbox 753 4114 837 4199; x_wconf 89' lang='lat' dir='ltr'>quod</span> <span class='ocrx_word' id='word_1_303' title='bbox 859 4115 953 4179; x_wconf 90' lang='lat' dir='ltr'>habet</span> <span class='ocrx_word' id='word_1_304' title='bbox 976 4116 1191 4181; x_wconf 89' lang='lat' dir='ltr'>conscientiam</span> <span class='ocrx_word' id='word_1_305' title='bbox 1216 4117 1253 4182; x_wconf 92' lang='lat' dir='ltr'>de</span> <span class='ocrx_word' id='word_1_306' title='bbox 1276 4140 1332 4182; x_wconf 90' lang='lat' dir='ltr'>suo</span> 
     </span>
     <span class='ocr_line' id='line_1_35' title="bbox 229 4223 1333 4318; baseline 0.005 -28"><span class='ocrx_word' id='word_1_307' title='bbox 229 4249 294 4318; x_wconf 86' lang='lat' dir='ltr'>esse</span> <span class='ocrx_word' id='word_1_308' title='bbox 316 4233 363 4289; x_wconf 91' lang='lat' dir='ltr'>est</span> <span class='ocrx_word' id='word_1_309' title='bbox 378 4232 464 4291; x_wconf 87' lang='lat' dir='ltr'>actus</span> <span class='ocrx_word' id='word_1_310' title='bbox 479 4223 595 4289; x_wconf 90' lang='lat' dir='ltr'>habens</span> <span class='ocrx_word' id='word_1_311' title='bbox 614 4224 648 4288; x_wconf 91' lang='lat' dir='ltr'>iu</span> <span class='ocrx_word' id='word_1_312' title='bbox 670 4247 703 4289; x_wconf 89' lang='lat' dir='ltr'>se</span> <span class='ocrx_word' id='word_1_313' title='bbox 716 4225 783 4310; x_wconf 90' lang='lat' dir='ltr'>ipso</span> <span class='ocrx_word' id='word_1_314' title='bbox 802 4235 832 4291; x_wconf 91' lang='lat' dir='ltr'>et</span> <span class='ocrx_word' id='word_1_315' title='bbox 846 4227 964 4293; x_wconf 87' lang='lat' dir='ltr'>ratione</span> <span class='ocrx_word' id='word_1_316' title='bbox 978 4228 1027 4293; x_wconf 88' lang='lat' dir='ltr'>sui</span> <span class='ocrx_word' id='word_1_317' title='bbox 1049 4252 1140 4293; x_wconf 90' lang='lat' dir='ltr'>suum</span> <span class='ocrx_word' id='word_1_318' title='bbox 1155 4230 1333 4295; x_wconf 90' lang='lat' dir='ltr'>terminum.</span> 
     </span>
     <span class='ocr_line' id='line_1_36' title="bbox 230 4335 1333 4421; baseline 0.003 -19"><span class='ocrx_word' id='word_1_319' title='bbox 230 4336 395 4402; x_wconf 79' lang='lat' dir='ltr'>Seductus</span> <span class='ocrx_word' id='word_1_320' title='bbox 417 4335 451 4399; x_wconf 90' lang='lat' dir='ltr'>iu</span> <span class='ocrx_word' id='word_1_321' title='bbox 475 4358 508 4400; x_wconf 93' lang='lat' dir='ltr'>se</span> <span class='ocrx_word' id='word_1_322' title='bbox 527 4335 595 4421; x_wconf 92' lang='lat' dir='ltr'>ipso</span> <span class='ocrx_word' id='word_1_323' title='bbox 614 4344 646 4401; x_wconf 92' lang='lat' dir='ltr'>et</span> <span class='ocrx_word' id='word_1_324' title='bbox 668 4336 786 4403; x_wconf 89' lang='lat' dir='ltr'>ratione</span> <span class='ocrx_word' id='word_1_325' title='bbox 806 4338 855 4403; x_wconf 87' lang='lat' dir='ltr'>sui</span> <span class='ocrx_word' id='word_1_326' title='bbox 879 4340 1062 4417; x_wconf 87' lang='lat' dir='ltr'>terminatus</span> <span class='ocrx_word' id='word_1_327' title='bbox 1082 4348 1129 4405; x_wconf 90' lang='lat' dir='ltr'>est</span> <span class='ocrx_word' id='word_1_328' title='bbox 1151 4349 1237 4407; x_wconf 89' lang='lat' dir='ltr'>actus</span> <span class='ocrx_word' id='word_1_329' title='bbox 1260 4340 1333 4405; x_wconf 81' lang='lat' dir='ltr'>sub-</span> 
     </span>
    </p>
   </div>
   <div class='ocr_carea' id='block_1_7' title="bbox 0 0 1619 4975">
    <p class='ocr_par' dir='ltr' id='par_1_9' title="bbox 0 0 1619 4975">
     <span class='ocr_line' id='line_1_37' title="bbox 0 0 1619 4975; baseline 0 0"><span class='ocrx_word' id='word_1_330' title='bbox 0 0 1619 4975; x_wconf 95' lang='lat' dir='ltr'> </span> 
     </span>
    </p>
   </div>
  </div>
 </body>
</html>
