3200 4975
212 380 284 424 car.
303 363 374 448 ιιι]
521 387 564 429 nn
581 386 785 430 sunsraurrn
799 386 1001 430 serarruuun
1274 364 1316 423 85

212 585 216 591 ·
254 550 307 611 66.
331 548 503 614 Occurrunt
517 552 568 615 hic
577 562 709 636 quatuor
718 552 931 617 difficultates:
958 556 990 616 1⁰
1002 551 1104 629 Quod,
1120 573 1216 635 quum
1231 559 1318 613 actus

210 660 403 744 intelligendi
417 663 456 725 sit
471 672 557 727 actua
568 666 750 743 immanens,
763 666 945 743 differentia,
956 664 1001 728 vel
1014 666 1092 727 ratio
1103 664 1316 740 distinctionis,

209 772 290 836 inter
305 797 402 837 uuum
417 786 519 839 actum
531 785 563 839 et
578 776 673 841 alium
689 777 780 842 debet
795 799 861 841 esse
872 776 995 861 aliquod
1008 776 1190 839 immanens.
1235 774 1319 857 Ergo

208 885 243 947 in
256 887 389 950 transitu
404 887 442 952 de
456 910 520 951 uno
534 899 605 952 actu
627 889 660 953 in
682 889 777 953 alium
799 888 915 973 ahquid
933 890 966 952 in
986 888 1054 974 ipso
1069 887 1228 951 intellectu
1242 886 1317 950 reci-

209 997 302 1078 pitur,
325 998 409 1081 quod
430 1000 471 1062 sit
491 1001 570 1064 ratio
591 1000 743 1084 praedicta
765 999 981 1064 distinotionis.
1034 1002 1078 1063 2⁰.
1104 998 1209 1075 Quum
1231 1008 1317 1061 actus

208 1108 401 1193 intelligendi
415 1112 578 1176 intrinsece
592 1111 781 1197 compleatur
794 1113 927 1176 termino
941 1110 1091 1176 obiectivo
1113 1132 1169 1195 per
1187 1111 1316 1195 speciem

208 1231 434 1304 repraesentato,
443 1225 573 1288 mutatio
583 1224 677 1288 huius
688 1224 812 1288 termini
827 1225 973 1307 importat
989 1222 1191 1287 mutationem
1207 1222 1316 1285 intrin-

210 1354 309 1396 secam
324 1334 358 1399 in
373 1335 439 1419 ipso
454 1344 534 1399 actu.
579 1338 623 1399 3⁰.
647 1334 748 1399 Causa
757 1336 889 1399 efficiens
902 1335 1103 1399 mutationem
1118 1334 1251 1411 termini,
1263 1355 1317 1396 reu

208 1451 299 1508 utens
314 1446 470 1529 speciebus
485 1455 577 1531 prout
592 1447 669 1526 vult,
685 1456 731 1511 cst
745 1447 887 1511 voluntas
902 1446 1059 1532 applicans
1074 1445 1266 1509 intellectum
1278 1443 1318 1508 ad

208 1555 461 1620 considerandum
492 1579 590 1621 unum
620 1559 723 1642 potius
752 1580 846 1642 qnam
875 1556 969 1621 aliud
1030 1556 1138 1640 Atqui.
1155 1555 1318 1639 applicatio

207 1663 384 1730 huiuamodi
398 1668 505 1752 nequit
519 1669 594 1747 fieri,
610 1670 669 1732 nisi
683 1669 856 1733 intellectus
875 1669 999 1752 recipiat
1014 1667 1143 1751 aliquem
1163 1676 1279 1731 motum
1299 1689 1316 1731 a

208 1776 374 1841 voluntate.
419 1779 514 1862 Ergo,
524 1781 584 1843 nisi
592 1789 729 1845 mutetur
741 1782 915 1857 intrinsece,
927 1780 1034 1864 nequit
1049 1779 1178 1842 transire
1192 1778 1230 1841 ab
1246 1788 1316 1841 actu

207 1887 240 1949 iu
266 1897 379 1953 actum.
431 1894 476 1953 4⁰.
500 1892 599 1954 Actus
621 1900 766 1955 creaturae
792 1913 912 1975 semper
935 1905 982 1953 est
1004 1888 1189 1973 potentialis,
1214 1889 1316 1953 idest

207 1997 335 2063 ulterius
350 1999 527 2064 actuabilist
550 2011 581 2064 et
597 2002 687 2065 sicin
702 2003 835 2065 transitu
851 2001 888 2065 de
899 2021 963 2063 uno
978 2008 1049 2064 actu
1064 1999 1103 2063 ad
1117 1999 1212 2063 alium
1223 1999 1314 2063 intel·

207 2107 306 2173 lectus
320 2110 447 2188 activus,
462 2111 534 2174 licet
549 2120 700 2191 adustus,
721 2112 905 2175 considerari
923 2110 1013 2175 debet
1028 2122 1064 2174 ut
1079 2111 1111 2173 in
1126 2112 1263 2195 potentia
1277 2111 1316 2175 ad

206 2218 294 2282 illum
309 2242 424 2285 novum
439 2229 552 2298 actum,
568 2220 607 2285 ad
618 2243 709 2305 quem
718 2223 847 2286 transitr
871 2222 950 2286 sicut
965 2244 1075 2305 corpus
1084 2221 1165 2306 quod
1175 2231 1314 2287 movetur

207 2340 293 2393 motu
316 2332 412 2412 locali,
429 2332 504 2396 dum
522 2341 594 2395 actu
613 2341 659 2396 est
675 2334 706 2396 in
722 2342 811 2397 motu
833 2333 991 2396 cuiusdam
1008 2332 1173 2396 velocitatis
1188 2342 1218 2395 et
1234 2333 1313 2397 dirc-

208 2442 327 2522 ctionis,
344 2452 390 2529 est
406 2444 438 2508 in
453 2445 592 2528 potentia
607 2444 646 2508 ad
657 2465 770 2507 novum
781 2444 947 2508 velocitatis
959 2443 1087 2527 gradum
1104 2453 1134 2506 et
1149 2442 1188 2507 ad
1202 2464 1313 2508 novam

207 2554 412 2618 directionem.
458 2555 541 2638 Ergo
552 2556 644 2619 etiam
660 2556 788 2618 transire
803 2555 840 2618 de
855 2569 926 2619 actu
940 2554 979 2618 ad
1001 2564 1104 2618 actum
1121 2564 1167 2618 est
1181 2556 1313 2639 aequiva-

205 2665 306 2728 lenter
319 2666 449 2728 transire
464 2665 502 2729 de
518 2665 654 2749 potentia
668 2665 708 2728 ad
717 2675 839 2743 uotum3
863 2666 971 2729 etideo
988 2675 1035 2728 est
1046 2666 1167 2749 proprie
1178 2667 1300 2730 moveri.

210 2813 215 2820 ·
249 2779 301 2840 67.
325 2776 516 2858 Responderi
531 2785 634 2839 tamen
656 2785 759 2860 potest
780 2776 821 2839 ad
840 2777 985 2860 primum,
1000 2775 1094 2859 quod,
1110 2776 1137 2838 si
1151 2786 1237 2840 actus
1252 2778 1311 2840 im·

206 2908 332 2950 manens
355 2896 526 2950 mutaretur
548 2888 716 2951 secundum
735 2889 883 2951 rationem
905 2888 1120 2964 immanentiae,
1142 2887 1312 2952 differentia

205 2999 285 3062 iuter
298 3009 401 3062 aetum
417 3008 448 3062 et
459 3007 562 3062 actum
577 2998 701 3062 deberet
716 3021 781 3062 esse
795 2998 919 3083 aliquod
935 2998 1115 3077 immanens,
1132 3021 1186 3062 seu
1201 2999 1310 3066 intrin-

204 3133 270 3173 sece
285 3119 450 3194 receptum.
497 3109 558 3173 Sed
579 3111 605 3172 si
627 3121 714 3173 actus
735 3111 916 3185 immanens,
941 3117 1059 3172 servata
1073 3109 1177 3172 eadem
1194 3110 1309 3173 ratione

202 3222 420 3300 immanentioe,
450 3222 504 3284 fiat
533 3229 655 3284 tantum
683 3219 820 3283 diversus
846 3220 964 3282 ratione
990 3219 1123 3297 termini,
1153 3219 1193 3282 ad
1217 3241 1309 3304 quem

203 3335 393 3410 terminatur,
426 3332 512 3396 nulla
545 3342 592 3396 est
631 3332 798 3396 necessitas
837 3329 967 3406 dicendi,
998 3329 1200 3396 differentiam
1229 3331 1309 3394 iuter

203 3453 306 3506 aetum
329 3454 361 3507 et
386 3453 488 3507 actum
516 3444 662 3506 constitui
688 3464 744 3526 per
765 3441 881 3524 aliquid
904 3441 1075 3505 immanens
1094 3440 1132 3504 de
1157 3462 1236 3505 novo
1258 3464 1306 3505 re-

202 3565 335 3637 ceptum.
382 3554 477 3630 Sicut,
496 3554 569 3617 dum
589 3574 699 3636 corpus
717 3551 854 3636 procedit
878 3559 965 3614 motu
987 3551 1141 3636 uniformi,
1166 3551 1308 3616 differen-

203 3664 245 3727 tia
273 3664 354 3727 inter
382 3672 484 3728 actum
516 3658 704 3727 ubicativum
730 3671 761 3724 et
786 3673 889 3724 actum
917 3661 1101 3725 ubicativum
1129 3673 1308 3746 sequentem

202 3797 265 3838 non
289 3774 380 3839 debet
403 3797 469 3838 esse
492 3775 617 3858 aliquod
642 3776 815 3837 immanens
841 3773 968 3856 corpori,
993 3771 1062 3836 licet
1091 3781 1177 3837 actus
1203 3796 1308 3858 proce·

201 3886 293 3950 dendi
307 3887 473 3949 immaueat
487 3886 520 3948 in
538 3907 681 3969 corpore:
704 3893 790 3947 actus
814 3883 928 3967 quippe
947 3882 1131 3967 procedendi
1152 3893 1198 3947 est
1220 3896 1306 3949 actua

200 3997 342 4061 mutandi
356 3996 569 4061 ubicationem.
617 3995 679 4060 Sed
693 3994 843 4058 eiusmodi
859 3993 1029 4058 differentia
1044 3995 1242 4059 constituitur
1251 4019 1306 4082 per

199 4108 377 4171 relationem
403 4109 600 4173 extrinsecam
625 4107 720 4170 unius
749 4105 933 4169 ubicationis
963 4105 1001 4169 ad
1030 4105 1129 4171 aliam¹
1151 4106 1305 4172 mediante

199 4219 305 4302 spatio.
351 4218 391 4281 In
415 4218 534 4281 actibus
560 4240 629 4280 vero
652 4216 844 4280 intellectivis
867 4216 1036 4280 differentia
1057 4215 1187 4280 habetur
1210 4219 1304 4282 medi-

199 4342 270 4392 ante
296 4327 543 4413 intelligibilitate
567 4351 680 4405 rerum,
708 4350 775 4411 quae
800 4329 927 4391 suntin
952 4328 1050 4410 specie
1069 4328 1225 4410 impressa,
1250 4352 1306 4413 per
