3200 4975
703 403 821 447 runnu.
1250 381 1315 445 tot

246 570 321 623 ane.
334 567 387 623 nr.
406 568 450 623 ru
461 567 612 639 quecea
1264 517 1315 568 ‘¹⁸'

282 662 428 730 Quantitas
441 668 484 718 est
503 663 533 718 id
549 663 698 718 secundnm
715 663 789 735 quod
808 679 851 718 res
868 666 959 735 potest
978 661 1077 717 habere
1095 661 1182 734 magis
1200 662 1245 717 vel

318 759 435 830 minus(
454 758 523 831 ,67)
583 798 1241 816 ......................................
1263 756 1317 811 370

282 854 430 920 Quantitas
440 854 608 924 intensionis,
620 854 794 923 extensionis,
807 852 993 909 multitudinis
1006 854 1045 927 (n.
1055 853 1105 926 68)
1111 894 1240 910 ........
1262 852 1316 907 371

284 949 430 1015 Quantitas
441 950 683 1022 praedicamentalis
695 953 738 1005 est
748 949 864 1005 dumeta
875 949 920 1005 vol
931 948 1060 1005 continua
1072 949 1111 1021 (n
1121 947 1170 1020 69)
1183 990 1189 1004 .
1200 989 1206 1003 .
1217 989 1223 1003 .
1236 989 1241 1003 .
1264 948 1318 1003 372

284 1043 379 1098 Motus
390 1047 419 1098 et
430 1048 537 1116 tempus
547 1060 602 1098 non
613 1043 784 1099 suntinhoc
794 1042 1005 1116 predicamento
1018 1042 1058 1115 (n
1071 1042 1120 1115 70)
1147 1081 1241 1098 ......
1264 1041 1318 1096 373

286 1138 438 1194 Essentiale
455 1139 664 1195 constitutivum
680 1137 843 1211 quantitatis
861 1142 903 1194 est
920 1137 1019 1193 habere
1030 1142 1120 1211 partes
1131 1138 1176 1193 vsl
1193 1137 1248 1192 lor·

320 1232 412 1301 males,
424 1233 469 1288 vel
480 1233 739 1305 virtuales,inquas
750 1232 837 1289 dividi
848 1231 934 1305 possit
946 1232 985 1305 (n.
998 1232 1047 1301 71)
1077 1271 1241 1288 ..........
1265 1231 1318 1285 374

285 1325 437 1382 Multitudo
454 1326 555 1400 accipit
573 1327 708 1381 unitatem
727 1345 744 1382 a
763 1325 962 1399 conspiratione
979 1325 1098 1399 partium
1116 1325 1146 1379 in
1163 1342 1250 1380 unum

321 1427 413 1476 totum
423 1422 481 1478 sive
492 1422 572 1491 reale,
584 1422 643 1477 sive
653 1421 772 1476 mentale
785 1421 826 1492 (n.
838 1421 888 1489 73)
905 1454 1245 1477 .....................
1285 1420 1319 1473 ie.

288 1515 425 1570 Numerus
435 1516 519 1571 habet
529 1516 663 1571 unitatem
674 1516 708 1571 ab
719 1534 775 1571 una
785 1515 933 1571 formaliter
944 1516 1141 1571 mensuratione
1151 1513 1190 1585 (n.
1202 1514 1250 1587 73)
1267 1514 1321 1569 375

289 1607 398 1680 Species
409 1626 582 1663 numerorum
589 1613 739 1681 sequnntur
749 1610 854 1682 species
864 1626 1058 1681 mensurarum,
1067 1608 1166 1681 quibus
1174 1625 1251 1662 men·

325 1704 503 1775 emantur(n.
518 1704 565 1775 74)
592 1741 1248 1761 ......................................
1270 1702 1323 1757 376

291 1798 429 1852 Numerus
440 1798 588 1854 nonhabet
600 1798 763 1871 speciemab
774 1799 872 1854 ultima
883 1798 989 1854 unitate
1002 1798 1041 1869 (n
1055 1797 1104 1870 75)
1119 1837 1248 1853 ........
1270 1797 1323 1852 377

291 1892 436 1961 Numerus,
448 1893 605 1962 multitudo,
615 1893 756 1965 pluralitas
766 1893 796 1947 in
808 1909 863 1965 quo
875 1892 1000 1947 differant
1012 1892 1051 1965 (n.
1064 1892 1113 1964 76)
1119 1931 1248 1947 ........
1271 1890 1326 1947 379

291 1987 443 2042 Multitudo
454 2005 510 2042 non
521 1986 694 2059 consequitur
704 1986 867 2043 divisionem
880 1986 919 2059 (n.
932 1987 980 2059 77)
1015 2028 1249 2043 ..............
1273 1986 1327 2041 380

294 2081 441 2147 Quantitas
449 2080 596 2137 voluminis
605 2080 712 2137 realiter
720 2081 1093 2155 distinguiturasubstantia:
1112 2082 1256 2154 sedquan·

328 2177 394 2231 titas
401 2194 496 2232 massae
503 2195 558 2231 non
566 2177 674 2233 realiter
682 2176 881 2249 ‹inungunna
889 2194 1006 2250 corpore,
1015 2177 1088 2249 quod
1096 2176 1257 2232 naturaliter

331 2271 393 2343 (seu
404 2270 456 2326 sibi
466 2272 604 2344 relictum)
617 2271 823 2327 sstsubstantia
835 2271 874 2344 (n.
886 2271 933 2343 78)
947 2311 1251 2327 ..................
1273 2271 1327 2325 381

295 2366 431 2438 Digressio
442 2368 591 2422 necessaria
602 2366 673 2423 circa
684 2367 886 2423 Eucharistiem
896 2368 935 2439 (n.
945 2367 1046 2439 79-85)
1053 2406 1252 2421 ............
1275 2366 1328 2419 382

296 2461 473 2518 Concluditur
483 2462 598 2535 questio
610 2462 644 2518 de
656 2462 808 2535 quantitate
822 2462 861 2536 (n.
874 2462 924 2535 86)
948 2501 1253 2518 ..................
1275 2460 1329 2515 395

296 2559 392 2614 Brevis
402 2559 590 2632 recapitulatio
601 2559 636 2614 de
648 2558 832 2614 accidentibus
845 2559 884 2630 (n.
895 2558 943 2629 87)
949 2595 1253 2612 ..................
1276 2556 1330 2610 336
