<?xml version="1.0" encoding="UTF-8"?>
<!DOCTYPE html PUBLIC "-//W3C//DTD XHTML 1.0 Transitional//EN"
    "http://www.w3.org/TR/xhtml1/DTD/xhtml1-transitional.dtd">
<html xmlns="http://www.w3.org/1999/xhtml" xml:lang="en" lang="en">
 <head>
  <title>
</title>
<meta http-equiv="Content-Type" content="text/html;charset=utf-8" />
  <meta name='ocr-system' content='tesseract 3.04.00' />
  <meta name='ocr-capabilities' content='ocr_page ocr_carea ocr_par ocr_line ocrx_word'/>
</head>
<body>
  <div class='ocr_page' id='page_1' title='image "./realisphilosoph02baymgoog_0380.png"; bbox 0 0 3200 4975; ppageno 0'>
   <div class='ocr_carea' id='block_1_1' title="bbox 272 363 1384 449">
    <p class='ocr_par' dir='ltr' id='par_1_1' title="bbox 272 363 1384 449">
     <span class='ocr_line' id='line_1_1' title="bbox 272 363 1384 449; baseline 0.002 -23"><span class='ocrx_word' id='word_1_1' title='bbox 272 363 338 428; x_wconf 88' lang='grc'><strong>366</strong></span> <span class='ocrx_word' id='word_1_2' title='bbox 663 383 706 426; x_wconf 84' lang='lat' dir='ltr'><strong>ns</strong></span> <span class='ocrx_word' id='word_1_3' title='bbox 721 381 976 429; x_wconf 83' lang='lat' dir='ltr'><strong>accrnrurraus.</strong></span> <span class='ocrx_word' id='word_1_4' title='bbox 1217 364 1304 449; x_wconf 77' lang='lat' dir='ltr'><strong>[car.</strong></span> <span class='ocrx_word' id='word_1_5' title='bbox 1323 382 1384 428; x_wconf 92' lang='lat'>111.</span> 
     </span>
    </p>
   </div>
   <div class='ocr_carea' id='block_1_2' title="bbox 267 549 1381 2310">
    <p class='ocr_par' dir='ltr' id='par_1_2' title="bbox 268 549 1381 1865">
     <span class='ocr_line' id='line_1_2' title="bbox 271 549 1381 635; baseline 0.004 -23"><span class='ocrx_word' id='word_1_6' title='bbox 271 556 335 613; x_wconf 87' lang='lat' dir='ltr'><strong>tate</strong></span> <span class='ocrx_word' id='word_1_7' title='bbox 355 549 542 617; x_wconf 67' lang='lat' dir='ltr'><strong>mortariola·</strong></span> <span class='ocrx_word' id='word_1_8' title='bbox 564 573 618 616; x_wconf 88' lang='lat' dir='ltr'><strong>seu</strong></span> <span class='ocrx_word' id='word_1_9' title='bbox 640 552 793 616; x_wconf 78' lang='lat' dir='ltr'><strong>essentiali</strong></span> <span class='ocrx_word' id='word_1_10' title='bbox 814 551 1002 630; x_wconf 89' lang='lat' dir='ltr'><strong>substantiae,</strong></span> <span class='ocrx_word' id='word_1_11' title='bbox 1024 551 1070 615; x_wconf 91' lang='lat' dir='ltr'><strong>vel</strong></span> <span class='ocrx_word' id='word_1_12' title='bbox 1086 559 1121 615; x_wconf 92' lang='lat' dir='ltr'><strong>ut</strong></span> <span class='ocrx_word' id='word_1_13' title='bbox 1136 559 1182 616; x_wconf 90' lang='lat' dir='ltr'><strong>est</strong></span> <span class='ocrx_word' id='word_1_14' title='bbox 1198 554 1284 635; x_wconf 85' lang='lat' dir='ltr'><strong>quale</strong></span> <span class='ocrx_word' id='word_1_15' title='bbox 1298 554 1381 635; x_wconf 83' lang='lat' dir='ltr'><strong>quid,</strong></span> 
     </span>
     <span class='ocr_line' id='line_1_3' title="bbox 270 661 1380 748; baseline 0.002 -24"><span class='ocrx_word' id='word_1_16' title='bbox 270 670 307 724; x_wconf 91' lang='lat' dir='ltr'><strong>ut</strong></span> <span class='ocrx_word' id='word_1_17' title='bbox 318 683 409 745; x_wconf 90' lang='lat' dir='ltr'><strong>supra</strong></span> <span class='ocrx_word' id='word_1_18' title='bbox 420 662 565 728; x_wconf 75' lang='lat' dir='ltr'><strong>diximus:</strong></span> <span class='ocrx_word' id='word_1_19' title='bbox 586 662 671 728; x_wconf 87' lang='lat' dir='ltr'><strong>etsie</strong></span> <span class='ocrx_word' id='word_1_20' title='bbox 682 662 845 748; x_wconf 88' lang='lat' dir='ltr'><strong>qualitates</strong></span> <span class='ocrx_word' id='word_1_21' title='bbox 857 671 930 727; x_wconf 84' lang='lat' dir='ltr'><strong>sunt</strong></span> <span class='ocrx_word' id='word_1_22' title='bbox 940 661 1153 726; x_wconf 88' lang='lat' dir='ltr'><strong>determinatio</strong></span> <span class='ocrx_word' id='word_1_23' title='bbox 1162 662 1202 727; x_wconf 92' lang='lat' dir='ltr'><strong>ad</strong></span> <span class='ocrx_word' id='word_1_24' title='bbox 1213 664 1380 747; x_wconf 85' lang='lat' dir='ltr'><strong>agendum,</strong></span> 
     </span>
     <span class='ocr_line' id='line_1_4' title="bbox 271 771 1381 858; baseline 0.002 -23"><span class='ocrx_word' id='word_1_25' title='bbox 271 781 303 836; x_wconf 92' lang='lat' dir='ltr'><strong>et</strong></span> <span class='ocrx_word' id='word_1_26' title='bbox 324 771 529 838; x_wconf 87' lang='lat' dir='ltr'><strong>indifferentia</strong></span> <span class='ocrx_word' id='word_1_27' title='bbox 549 772 587 837; x_wconf 91' lang='lat' dir='ltr'><strong>ad</strong></span> <span class='ocrx_word' id='word_1_28' title='bbox 611 774 800 858; x_wconf 90' lang='lat' dir='ltr'><strong>patiendum,</strong></span> <span class='ocrx_word' id='word_1_29' title='bbox 816 783 853 838; x_wconf 91' lang='lat' dir='ltr'><strong>ut</strong></span> <span class='ocrx_word' id='word_1_30' title='bbox 868 782 941 838; x_wconf 93' lang='lat' dir='ltr'><strong>sunt</strong></span> <span class='ocrx_word' id='word_1_31' title='bbox 956 774 989 838; x_wconf 93' lang='lat' dir='ltr'><strong>in</strong></span> <span class='ocrx_word' id='word_1_32' title='bbox 1003 774 1156 837; x_wconf 87' lang='lat' dir='ltr'><strong>elemento</strong></span> <span class='ocrx_word' id='word_1_33' title='bbox 1178 774 1322 853; x_wconf 86' lang='lat' dir='ltr'><strong>materiae,</strong></span> <span class='ocrx_word' id='word_1_34' title='bbox 1345 774 1381 838; x_wconf 91' lang='lat' dir='ltr'><strong>id</strong></span> 
     </span>
     <span class='ocr_line' id='line_1_5' title="bbox 270 882 1378 967; baseline 0.005 -22"><span class='ocrx_word' id='word_1_35' title='bbox 270 891 318 945; x_wconf 84' lang='lat' dir='ltr'><strong>est</strong></span> <span class='ocrx_word' id='word_1_36' title='bbox 332 882 398 967; x_wconf 86' lang='lat' dir='ltr'><strong>ipsa</strong></span> <span class='ocrx_word' id='word_1_37' title='bbox 412 883 509 948; x_wconf 84' lang='lat' dir='ltr'><strong>forma</strong></span> <span class='ocrx_word' id='word_1_38' title='bbox 523 892 560 947; x_wconf 90' lang='lat' dir='ltr'><strong>nt</strong></span> <span class='ocrx_word' id='word_1_39' title='bbox 575 883 704 948; x_wconf 89' lang='lat' dir='ltr'><strong>ulterius</strong></span> <span class='ocrx_word' id='word_1_40' title='bbox 719 884 880 963; x_wconf 86' lang='lat' dir='ltr'><strong>actuativa,</strong></span> <span class='ocrx_word' id='word_1_41' title='bbox 896 893 927 949; x_wconf 90' lang='lat' dir='ltr'><strong>et</strong></span> <span class='ocrx_word' id='word_1_42' title='bbox 946 884 1075 949; x_wconf 89' lang='lat' dir='ltr'><strong>materia</strong></span> <span class='ocrx_word' id='word_1_43' title='bbox 1096 893 1131 949; x_wconf 93' lang='lat' dir='ltr'><strong>ut</strong></span> <span class='ocrx_word' id='word_1_44' title='bbox 1145 884 1273 950; x_wconf 89' lang='lat' dir='ltr'><strong>ulterius</strong></span> <span class='ocrx_word' id='word_1_45' title='bbox 1289 894 1378 951; x_wconf 89' lang='lat' dir='ltr'><strong>actu-</strong></span> 
     </span>
     <span class='ocr_line' id='line_1_6' title="bbox 269 993 1379 1080; baseline 0.005 -23"><span class='ocrx_word' id='word_1_46' title='bbox 269 993 369 1058; x_wconf 88' lang='lat' dir='ltr'><strong>abilis.</strong></span> <span class='ocrx_word' id='word_1_47' title='bbox 412 994 454 1057; x_wconf 76' lang='lat' dir='ltr'><strong>lat</strong></span> <span class='ocrx_word' id='word_1_48' title='bbox 474 994 557 1058; x_wconf 90' lang='lat' dir='ltr'><strong>idem</strong></span> <span class='ocrx_word' id='word_1_49' title='bbox 575 994 739 1060; x_wconf 90' lang='lat' dir='ltr'><strong>dicendum</strong></span> <span class='ocrx_word' id='word_1_50' title='bbox 755 996 793 1060; x_wconf 90' lang='lat' dir='ltr'><strong>de</strong></span> <span class='ocrx_word' id='word_1_51' title='bbox 809 995 990 1061; x_wconf 80' lang='lat' dir='ltr'><strong>substantiis</strong></span> <span class='ocrx_word' id='word_1_52' title='bbox 1008 995 1227 1080; x_wconf 81' lang='lat' dir='ltr'><strong>spiritualibus,</strong></span> <span class='ocrx_word' id='word_1_53' title='bbox 1250 998 1379 1063; x_wconf 86' lang='lat' dir='ltr'><strong>mutatis</strong></span> 
     </span>
     <span class='ocr_line' id='line_1_7' title="bbox 270 1105 1379 1194; baseline 0.004 -24"><span class='ocrx_word' id='word_1_54' title='bbox 270 1105 456 1185; x_wconf 86' lang='lat' dir='ltr'><strong>nominibus,</strong></span> <span class='ocrx_word' id='word_1_55' title='bbox 476 1106 562 1171; x_wconf 79' lang='lat' dir='ltr'><strong>iuxta</strong></span> <span class='ocrx_word' id='word_1_56' title='bbox 582 1108 755 1192; x_wconf 86' lang='lat' dir='ltr'><strong>analogiam</strong></span> <span class='ocrx_word' id='word_1_57' title='bbox 770 1130 864 1194; x_wconf 89' lang='lat' dir='ltr'><strong>quam</strong></span> <span class='ocrx_word' id='word_1_58' title='bbox 886 1106 959 1172; x_wconf 89' lang='lat' dir='ltr'><strong>alibi</strong></span> <span class='ocrx_word' id='word_1_59' title='bbox 974 1108 1165 1173; x_wconf 86' lang='lat' dir='ltr'><strong>ostendimus</strong></span> <span class='ocrx_word' id='word_1_60' title='bbox 1180 1108 1281 1193; x_wconf 85' lang='lat' dir='ltr'><strong>vigere</strong></span> <span class='ocrx_word' id='word_1_61' title='bbox 1296 1109 1379 1174; x_wconf 90' lang='lat' dir='ltr'><strong>inter</strong></span> 
     </span>
     <span class='ocr_line' id='line_1_8' title="bbox 269 1217 1377 1305; baseline 0.003 -24"><span class='ocrx_word' id='word_1_62' title='bbox 269 1217 411 1301; x_wconf 90' lang='lat' dir='ltr'><strong>spiritum</strong></span> <span class='ocrx_word' id='word_1_63' title='bbox 434 1228 466 1283; x_wconf 92' lang='lat' dir='ltr'><strong>et</strong></span> <span class='ocrx_word' id='word_1_64' title='bbox 490 1218 665 1285; x_wconf 75' lang='lat' dir='ltr'><strong>materiam:</strong></span> <span class='ocrx_word' id='word_1_65' title='bbox 689 1223 724 1285; x_wconf 82' lang='lat'><strong>2⁰</strong></span> <span class='ocrx_word' id='word_1_66' title='bbox 741 1241 797 1305; x_wconf 89' lang='lat' dir='ltr'><strong>pro</strong></span> <span class='ocrx_word' id='word_1_67' title='bbox 816 1219 964 1305; x_wconf 75' lang='lat' dir='ltr'><strong>qualitate</strong></span> <span class='ocrx_word' id='word_1_68' title='bbox 989 1222 1120 1285; x_wconf 84' lang='lat' dir='ltr'><strong>naturali</strong></span> <span class='ocrx_word' id='word_1_69' title='bbox 1143 1244 1198 1285; x_wconf 91' lang='lat' dir='ltr'><strong>seu</strong></span> <span class='ocrx_word' id='word_1_70' title='bbox 1223 1220 1377 1285; x_wconf 89' lang='lat' dir='ltr'><strong>essentiali</strong></span> 
     </span>
     <span class='ocr_line' id='line_1_9' title="bbox 268 1330 1377 1417; baseline 0.002 -24"><span class='ocrx_word' id='word_1_71' title='bbox 268 1337 386 1394; x_wconf 83' lang='lat' dir='ltr'><strong>naturae</strong></span> <span class='ocrx_word' id='word_1_72' title='bbox 400 1330 583 1415; x_wconf 77' lang='lat' dir='ltr'><strong>composita,</strong></span> <span class='ocrx_word' id='word_1_73' title='bbox 600 1340 635 1397; x_wconf 92' lang='lat' dir='ltr'><strong>ut</strong></span> <span class='ocrx_word' id='word_1_74' title='bbox 650 1332 690 1395; x_wconf 94' lang='lat' dir='ltr'><strong>sit</strong></span> <span class='ocrx_word' id='word_1_75' title='bbox 704 1330 775 1396; x_wconf 89' lang='lat' dir='ltr'><strong>talis</strong></span> <span class='ocrx_word' id='word_1_76' title='bbox 789 1339 902 1396; x_wconf 90' lang='lat' dir='ltr'><strong>natura</strong></span> <span class='ocrx_word' id='word_1_77' title='bbox 917 1330 1075 1416; x_wconf 89' lang='lat' dir='ltr'><strong>specifica:</strong></span> <span class='ocrx_word' id='word_1_78' title='bbox 1099 1340 1129 1396; x_wconf 91' lang='lat' dir='ltr'><strong>et</strong></span> <span class='ocrx_word' id='word_1_79' title='bbox 1149 1331 1192 1396; x_wconf 86' lang='lat' dir='ltr'><strong>sic</strong></span> <span class='ocrx_word' id='word_1_80' title='bbox 1213 1332 1377 1417; x_wconf 86' lang='lat' dir='ltr'><strong>qualitates</strong></span> 
     </span>
     <span class='ocr_line' id='line_1_10' title="bbox 269 1442 1376 1529; baseline 0.002 -24"><span class='ocrx_word' id='word_1_81' title='bbox 269 1449 342 1505; x_wconf 91' lang='lat' dir='ltr'><strong>sunt</strong></span> <span class='ocrx_word' id='word_1_82' title='bbox 362 1442 639 1522; x_wconf 86' lang='lat' dir='ltr'><strong>determinationes,</strong></span> <span class='ocrx_word' id='word_1_83' title='bbox 664 1443 777 1528; x_wconf 90' lang='lat' dir='ltr'><strong>quibus</strong></span> <span class='ocrx_word' id='word_1_84' title='bbox 803 1442 943 1527; x_wconf 83' lang='lat' dir='ltr'><strong>quaedam</strong></span> <span class='ocrx_word' id='word_1_85' title='bbox 968 1452 1079 1507; x_wconf 90' lang='lat' dir='ltr'><strong>natura</strong></span> <span class='ocrx_word' id='word_1_86' title='bbox 1102 1444 1240 1529; x_wconf 84' lang='lat' dir='ltr'><strong>specifice</strong></span> <span class='ocrx_word' id='word_1_87' title='bbox 1262 1444 1376 1508; x_wconf 84' lang='lat' dir='ltr'><strong>consti-</strong></span> 
     </span>
     <span class='ocr_line' id='line_1_11' title="bbox 268 1555 1374 1642; baseline 0.001 -24"><span class='ocrx_word' id='word_1_88' title='bbox 268 1555 385 1619; x_wconf 88' lang='lat' dir='ltr'><strong>tuitur:</strong></span> <span class='ocrx_word' id='word_1_89' title='bbox 408 1559 444 1620; x_wconf 89' lang='lat'><strong>3⁰</strong></span> <span class='ocrx_word' id='word_1_90' title='bbox 458 1577 514 1642; x_wconf 93' lang='lat' dir='ltr'><strong>pro</strong></span> <span class='ocrx_word' id='word_1_91' title='bbox 529 1555 675 1642; x_wconf 85' lang='lat' dir='ltr'><strong>qualitate</strong></span> <span class='ocrx_word' id='word_1_92' title='bbox 689 1556 864 1621; x_wconf 76' lang='lat' dir='ltr'><strong>occidentali</strong></span> <span class='ocrx_word' id='word_1_93' title='bbox 877 1564 999 1621; x_wconf 81' lang='lat' dir='ltr'><strong>naturae</strong></span> <span class='ocrx_word' id='word_1_94' title='bbox 1021 1556 1180 1640; x_wconf 87' lang='lat' dir='ltr'><strong>specificae,</strong></span> <span class='ocrx_word' id='word_1_95' title='bbox 1204 1556 1258 1621; x_wconf 88' lang='lat' dir='ltr'><strong>sed</strong></span> <span class='ocrx_word' id='word_1_96' title='bbox 1279 1580 1374 1621; x_wconf 80' lang='lat' dir='ltr'><strong>esseo-</strong></span> 
     </span>
     <span class='ocr_line' id='line_1_12' title="bbox 269 1665 1374 1752; baseline 0.001 -21"><span class='ocrx_word' id='word_1_97' title='bbox 269 1668 337 1731; x_wconf 81' lang='lat' dir='ltr'><strong>tiali</strong></span> <span class='ocrx_word' id='word_1_98' title='bbox 350 1667 422 1732; x_wconf 92' lang='lat' dir='ltr'><strong>buic</strong></span> <span class='ocrx_word' id='word_1_99' title='bbox 436 1690 565 1733; x_wconf 91' lang='lat' dir='ltr'><strong>numero</strong></span> <span class='ocrx_word' id='word_1_100' title='bbox 579 1676 716 1733; x_wconf 88' lang='lat' dir='ltr'><strong>naturae:</strong></span> <span class='ocrx_word' id='word_1_101' title='bbox 739 1676 770 1733; x_wconf 90' lang='lat' dir='ltr'><strong>et</strong></span> <span class='ocrx_word' id='word_1_102' title='bbox 785 1668 829 1731; x_wconf 91' lang='lat' dir='ltr'><strong>sic</strong></span> <span class='ocrx_word' id='word_1_103' title='bbox 844 1665 1010 1752; x_wconf 90' lang='lat' dir='ltr'><strong>qualitates</strong></span> <span class='ocrx_word' id='word_1_104' title='bbox 1021 1677 1095 1732; x_wconf 88' lang='lat' dir='ltr'><strong>sunt</strong></span> <span class='ocrx_word' id='word_1_105' title='bbox 1107 1668 1374 1733; x_wconf 88' lang='lat' dir='ltr'><strong>determinationes</strong></span> 
     </span>
     <span class='ocr_line' id='line_1_13' title="bbox 269 1779 1039 1865; baseline 0 -22"><span class='ocrx_word' id='word_1_106' title='bbox 269 1780 387 1861; x_wconf 43' lang='lat' dir='ltr'><strong>cadem,</strong></span> <span class='ocrx_word' id='word_1_107' title='bbox 397 1789 434 1845; x_wconf 94' lang='lat' dir='ltr'><strong>ut</strong></span> <span class='ocrx_word' id='word_1_108' title='bbox 447 1795 589 1845; x_wconf 88' lang='lat' dir='ltr'><strong>naturam</strong></span> <span class='ocrx_word' id='word_1_109' title='bbox 605 1781 791 1865; x_wconf 85' lang='lat' dir='ltr'><strong>singularem</strong></span> <span class='ocrx_word' id='word_1_110' title='bbox 807 1779 1039 1845; x_wconf 88' lang='lat' dir='ltr'><strong>constituentes.</strong></span> 
     </span>
    </p>

    <p class='ocr_par' dir='ltr' id='par_1_3' title="bbox 267 1891 1373 2310">
     <span class='ocr_line' id='line_1_14' title="bbox 312 1891 1373 1978; baseline 0.001 -24"><span class='ocrx_word' id='word_1_111' title='bbox 312 1891 408 1955; x_wconf 91' lang='lat' dir='ltr'><strong>Nulla</strong></span> <span class='ocrx_word' id='word_1_112' title='bbox 422 1902 525 1956; x_wconf 91' lang='lat' dir='ltr'><strong>autem</strong></span> <span class='ocrx_word' id='word_1_113' title='bbox 540 1907 587 1957; x_wconf 88' lang='lat' dir='ltr'><strong>est</strong></span> <span class='ocrx_word' id='word_1_114' title='bbox 602 1892 733 1978; x_wconf 84' lang='lat' dir='ltr'><strong>qualitas</strong></span> <span class='ocrx_word' id='word_1_115' title='bbox 748 1892 782 1955; x_wconf 91' lang='lat' dir='ltr'><strong>in</strong></span> <span class='ocrx_word' id='word_1_116' title='bbox 800 1892 969 1976; x_wconf 92' lang='lat' dir='ltr'><strong>composito</strong></span> <span class='ocrx_word' id='word_1_117' title='bbox 983 1912 1060 1977; x_wconf 92' lang='lat' dir='ltr'><strong>pure</strong></span> <span class='ocrx_word' id='word_1_118' title='bbox 1072 1892 1231 1971; x_wconf 90' lang='lat' dir='ltr'><strong>materiali,</strong></span> <span class='ocrx_word' id='word_1_119' title='bbox 1247 1914 1318 1977; x_wconf 85' lang='lat' dir='ltr'><strong>quae</strong></span> <span class='ocrx_word' id='word_1_120' title='bbox 1333 1892 1373 1956; x_wconf 90' lang='lat' dir='ltr'><strong>sit</strong></span> 
     </span>
     <span class='ocr_line' id='line_1_15' title="bbox 268 2000 1373 2087; baseline 0 -22"><span class='ocrx_word' id='word_1_121' title='bbox 268 2000 407 2065; x_wconf 89' lang='lat' dir='ltr'><strong>accidens</strong></span> <span class='ocrx_word' id='word_1_122' title='bbox 421 2011 534 2066; x_wconf 76' lang='lat' dir='ltr'><strong>notare</strong></span> <span class='ocrx_word' id='word_1_123' title='bbox 547 2004 723 2087; x_wconf 62' lang='lat' dir='ltr'><strong>supulcris:</strong></span> <span class='ocrx_word' id='word_1_124' title='bbox 747 2002 831 2087; x_wconf 91' lang='lat' dir='ltr'><strong>quod</strong></span> <span class='ocrx_word' id='word_1_125' title='bbox 845 2002 923 2067; x_wconf 90' lang='lat' dir='ltr'><strong>benc</strong></span> <span class='ocrx_word' id='word_1_126' title='bbox 941 2002 1113 2067; x_wconf 90' lang='lat' dir='ltr'><strong>notandum</strong></span> <span class='ocrx_word' id='word_1_127' title='bbox 1136 2010 1193 2081; x_wconf 89' lang='lat' dir='ltr'><strong>est,</strong></span> <span class='ocrx_word' id='word_1_128' title='bbox 1217 2002 1255 2066; x_wconf 94' lang='lat' dir='ltr'><strong>ob</strong></span> <span class='ocrx_word' id='word_1_129' title='bbox 1277 2002 1373 2067; x_wconf 86' lang='lat' dir='ltr'><strong>facili-</strong></span> 
     </span>
     <span class='ocr_line' id='line_1_16' title="bbox 267 2112 1373 2197; baseline 0.003 -23"><span class='ocrx_word' id='word_1_130' title='bbox 267 2119 363 2175; x_wconf 87' lang='lat' dir='ltr'><strong>tatem</strong></span> <span class='ocrx_word' id='word_1_131' title='bbox 379 2112 499 2175; x_wconf 90' lang='lat' dir='ltr'><strong>errandi</strong></span> <span class='ocrx_word' id='word_1_132' title='bbox 508 2138 517 2190; x_wconf 83' lang='lat'>3</span> <span class='ocrx_word' id='word_1_133' title='bbox 540 2113 690 2197; x_wconf 91' lang='lat' dir='ltr'><strong>quidquid</strong></span> <span class='ocrx_word' id='word_1_134' title='bbox 701 2115 783 2177; x_wconf 91' lang='lat' dir='ltr'><strong>enim</strong></span> <span class='ocrx_word' id='word_1_135' title='bbox 793 2113 839 2177; x_wconf 90' lang='lat' dir='ltr'><strong>illi</strong></span> <span class='ocrx_word' id='word_1_136' title='bbox 854 2113 995 2179; x_wconf 89' lang='lat' dir='ltr'><strong>advenire</strong></span> <span class='ocrx_word' id='word_1_137' title='bbox 1004 2114 1131 2193; x_wconf 91' lang='lat' dir='ltr'><strong>dicatur,</strong></span> <span class='ocrx_word' id='word_1_138' title='bbox 1147 2114 1225 2180; x_wconf 92' lang='lat' dir='ltr'><strong>illud</strong></span> <span class='ocrx_word' id='word_1_139' title='bbox 1237 2114 1373 2178; x_wconf 89' lang='lat' dir='ltr'><strong>destruet</strong></span> 
     </span>
     <span class='ocr_line' id='line_1_17' title="bbox 269 2206 1372 2310; baseline 0.005 -26"><span class='ocrx_word' id='word_1_140' title='bbox 269 2243 358 2285; x_wconf 90' lang='lat' dir='ltr'><strong>suum</strong></span> <span class='ocrx_word' id='word_1_141' title='bbox 375 2222 558 2303; x_wconf 88' lang='lat' dir='ltr'><strong>subiectum,</strong></span> <span class='ocrx_word' id='word_1_142' title='bbox 568 2224 641 2308; x_wconf 91' lang='lat' dir='ltr'><strong>quia</strong></span> <span class='ocrx_word' id='word_1_143' title='bbox 649 2223 782 2288; x_wconf 91' lang='lat' dir='ltr'><strong>mutabit</strong></span> <span class='ocrx_word' id='word_1_144' title='bbox 797 2224 895 2310; x_wconf 87' lang='lat' dir='ltr'><strong>ipsam</strong></span> <span class='ocrx_word' id='word_1_145' title='bbox 907 2206 1056 2289; x_wconf 86' lang='lat' dir='ltr'><strong>rationem</strong></span> <span class='ocrx_word' id='word_1_146' title='bbox 1066 2233 1186 2290; x_wconf 87' lang='lat' dir='ltr'><strong>naturae</strong></span> <span class='ocrx_word' id='word_1_147' title='bbox 1198 2224 1372 2309; x_wconf 84' lang='lat' dir='ltr'><strong>singularis,</strong></span> 
     </span>
    </p>
   </div>
   <div class='ocr_carea' id='block_1_3' title="bbox 169 2331 1373 2420">
    <p class='ocr_par' dir='ltr' id='par_1_4' title="bbox 169 2331 1373 2420">
     <span class='ocr_line' id='line_1_18' title="bbox 169 2331 1373 2420; baseline 0.003 -25"><span class='ocrx_word' id='word_1_148' title='bbox 169 2378 173 2384; x_wconf 79' lang='lat'>-</span> <span class='ocrx_word' id='word_1_149' title='bbox 267 2341 299 2396; x_wconf 91' lang='lat' dir='ltr'><strong>et</strong></span> <span class='ocrx_word' id='word_1_150' title='bbox 309 2331 400 2397; x_wconf 80' lang='lat' dir='ltr'><strong>faciet</strong></span> <span class='ocrx_word' id='word_1_151' title='bbox 410 2355 519 2397; x_wconf 89' lang='lat' dir='ltr'><strong>novam</strong></span> <span class='ocrx_word' id='word_1_152' title='bbox 528 2343 669 2399; x_wconf 91' lang='lat' dir='ltr'><strong>naturam</strong></span> <span class='ocrx_word' id='word_1_153' title='bbox 680 2335 886 2419; x_wconf 68' lang='lat' dir='ltr'><strong>singularem</strong></span> <span class='ocrx_word' id='word_1_154' title='bbox 906 2335 989 2399; x_wconf 90' lang='lat' dir='ltr'><strong>uude</strong></span> <span class='ocrx_word' id='word_1_155' title='bbox 998 2357 1062 2399; x_wconf 93' lang='lat' dir='ltr'><strong>non</strong></span> <span class='ocrx_word' id='word_1_156' title='bbox 1072 2335 1130 2399; x_wconf 87' lang='lat' dir='ltr'><strong>crit</strong></span> <span class='ocrx_word' id='word_1_157' title='bbox 1141 2335 1281 2400; x_wconf 87' lang='lat' dir='ltr'><strong>accidens</strong></span> <span class='ocrx_word' id='word_1_158' title='bbox 1290 2336 1373 2420; x_wconf 90' lang='lat' dir='ltr'><strong>prio-</strong></span> 
     </span>
    </p>
   </div>
   <div class='ocr_carea' id='block_1_4' title="bbox 260 2442 1373 2734">
    <p class='ocr_par' dir='ltr' id='par_1_5' title="bbox 260 2442 1373 2734">
     <span class='ocr_line' id='line_1_19' title="bbox 267 2442 1361 2533; baseline 0.006 -27"><span class='ocrx_word' id='word_1_159' title='bbox 267 2442 319 2522; x_wconf 90' lang='lat' dir='ltr'><strong>ris,</strong></span> <span class='ocrx_word' id='word_1_160' title='bbox 334 2442 383 2508; x_wconf 92' lang='lat' dir='ltr'><strong>cui</strong></span> <span class='ocrx_word' id='word_1_161' title='bbox 399 2444 511 2509; x_wconf 90' lang='lat' dir='ltr'><strong>dicitur</strong></span> <span class='ocrx_word' id='word_1_162' title='bbox 525 2445 675 2525; x_wconf 89' lang='lat' dir='ltr'><strong>advenire,</strong></span> <span class='ocrx_word' id='word_1_163' title='bbox 691 2445 745 2510; x_wconf 91' lang='lat' dir='ltr'><strong>sed</strong></span> <span class='ocrx_word' id='word_1_164' title='bbox 759 2445 993 2512; x_wconf 89' lang='lat' dir='ltr'><strong>constitutivum</strong></span> <span class='ocrx_word' id='word_1_165' title='bbox 1005 2447 1165 2513; x_wconf 82' lang='lat' dir='ltr'><strong>essentiale</strong></span> <span class='ocrx_word' id='word_1_166' title='bbox 1176 2448 1361 2533; x_wconf 90' lang='lat' dir='ltr'><strong>posterioris.</strong></span> 
     </span>
     <span class='ocr_line' id='line_1_20' title="bbox 310 2556 1373 2645; baseline 0.003 -25"><span class='ocrx_word' id='word_1_167' title='bbox 310 2556 363 2621; x_wconf 84' lang='lat'><strong>65.</strong></span> <span class='ocrx_word' id='word_1_168' title='bbox 387 2557 544 2634; x_wconf 78' lang='lat' dir='ltr'><strong>Quaemtur</strong></span> <span class='ocrx_word' id='word_1_169' title='bbox 558 2560 679 2645; x_wconf 91' lang='lat' dir='ltr'><strong>quinto,</strong></span> <span class='ocrx_word' id='word_1_170' title='bbox 701 2561 733 2622; x_wconf 85' lang='grc' dir='ltr'><strong>ιιι</strong></span> <span class='ocrx_word' id='word_1_171' title='bbox 748 2581 805 2643; x_wconf 83' lang='lat' dir='ltr'><strong>qno</strong></span> <span class='ocrx_word' id='word_1_172' title='bbox 822 2581 908 2623; x_wconf 81' lang='lat' dir='ltr'><strong>seusu</strong></span> <span class='ocrx_word' id='word_1_173' title='bbox 927 2557 1058 2644; x_wconf 71' lang='lat' dir='ltr'><strong>qualitas</strong></span> <span class='ocrx_word' id='word_1_174' title='bbox 1074 2569 1208 2644; x_wconf 81' lang='lat' dir='ltr'><strong>ponatur</strong></span> <span class='ocrx_word' id='word_1_175' title='bbox 1223 2564 1254 2624; x_wconf 86' lang='lat' dir='ltr'><strong>in</strong></span> <span class='ocrx_word' id='word_1_176' title='bbox 1262 2562 1373 2644; x_wconf 78' lang='lat' dir='ltr'><strong>pradi-</strong></span> 
     </span>
     <span class='ocr_line' id='line_1_21' title="bbox 260 2679 405 2734; baseline 0.007 -2"><span class='ocrx_word' id='word_1_177' title='bbox 260 2679 405 2734; x_wconf 77' lang='lat' dir='ltr'><strong>-cumentm</strong></span> 
     </span>
    </p>
   </div>
   <div class='ocr_carea' id='block_1_5' title="bbox 262 2780 1374 4430">
    <p class='ocr_par' dir='ltr' id='par_1_6' title="bbox 262 2780 1374 3963">
     <span class='ocr_line' id='line_1_22' title="bbox 309 2780 1374 2866; baseline 0.002 -21"><span class='ocrx_word' id='word_1_178' title='bbox 309 2782 501 2866; x_wconf 82' lang='lat' dir='ltr'><strong>Respondeo,</strong></span> <span class='ocrx_word' id='word_1_179' title='bbox 524 2781 702 2866; x_wconf 87' lang='lat' dir='ltr'><strong>qualitatem</strong></span> <span class='ocrx_word' id='word_1_180' title='bbox 724 2781 798 2866; x_wconf 91' lang='lat' dir='ltr'><strong>poni</strong></span> <span class='ocrx_word' id='word_1_181' title='bbox 820 2780 854 2844; x_wconf 92' lang='lat' dir='ltr'><strong>in</strong></span> <span class='ocrx_word' id='word_1_182' title='bbox 876 2781 1111 2866; x_wconf 73' lang='lat' dir='ltr'><strong>predicamento</strong></span> <span class='ocrx_word' id='word_1_183' title='bbox 1137 2792 1171 2847; x_wconf 85' lang='lat' dir='ltr'><strong>ut</strong></span> <span class='ocrx_word' id='word_1_184' title='bbox 1193 2793 1238 2848; x_wconf 80' lang='lat' dir='ltr'><strong>est</strong></span> <span class='ocrx_word' id='word_1_185' title='bbox 1259 2784 1374 2866; x_wconf 80' lang='lat' dir='ltr'><strong>aliquid</strong></span> 
     </span>
     <span class='ocr_line' id='line_1_23' title="bbox 264 2893 1370 2980; baseline 0.003 -24"><span class='ocrx_word' id='word_1_186' title='bbox 264 2901 380 2957; x_wconf 64' lang='lat' dir='ltr'><strong>naturae</strong></span> <span class='ocrx_word' id='word_1_187' title='bbox 393 2894 533 2980; x_wconf 66' lang='lat' dir='ltr'><strong>specifica</strong></span> <span class='ocrx_word' id='word_1_188' title='bbox 557 2894 743 2972; x_wconf 74' lang='lat' dir='ltr'><strong>mcideatole,</strong></span> <span class='ocrx_word' id='word_1_189' title='bbox 763 2893 849 2957; x_wconf 85' lang='lat' dir='ltr'><strong>iuxta</strong></span> <span class='ocrx_word' id='word_1_190' title='bbox 869 2915 993 2957; x_wconf 89' lang='lat' dir='ltr'><strong>sensum</strong></span> <span class='ocrx_word' id='word_1_191' title='bbox 1019 2895 1111 2958; x_wconf 88' lang='lat' dir='ltr'><strong>tertio</strong></span> <span class='ocrx_word' id='word_1_192' title='bbox 1135 2894 1201 2958; x_wconf 91' lang='lat' dir='ltr'><strong>loco</strong></span> <span class='ocrx_word' id='word_1_193' title='bbox 1223 2895 1370 2980; x_wconf 88' lang='lat' dir='ltr'><strong>positum.</strong></span> 
     </span>
     <span class='ocr_line' id='line_1_24' title="bbox 266 3005 1371 3090; baseline 0.002 -22"><span class='ocrx_word' id='word_1_194' title='bbox 266 3005 348 3068; x_wconf 90' lang='lat' dir='ltr'><strong>Nam</strong></span> <span class='ocrx_word' id='word_1_195' title='bbox 372 3005 404 3068; x_wconf 93' lang='lat' dir='ltr'><strong>in</strong></span> <span class='ocrx_word' id='word_1_196' title='bbox 434 3006 534 3090; x_wconf 91' lang='lat' dir='ltr'><strong>primo</strong></span> <span class='ocrx_word' id='word_1_197' title='bbox 563 3029 654 3071; x_wconf 90' lang='lat' dir='ltr'><strong>sensu</strong></span> <span class='ocrx_word' id='word_1_198' title='bbox 684 3005 839 3069; x_wconf 89' lang='lat' dir='ltr'><strong>evidenter</strong></span> <span class='ocrx_word' id='word_1_199' title='bbox 868 3027 932 3069; x_wconf 90' lang='lat' dir='ltr'><strong>non</strong></span> <span class='ocrx_word' id='word_1_200' title='bbox 960 3006 1107 3090; x_wconf 89' lang='lat' dir='ltr'><strong>competit</strong></span> <span class='ocrx_word' id='word_1_201' title='bbox 1136 3006 1303 3072; x_wconf 86' lang='lat' dir='ltr'><strong>accidenti:</strong></span> <span class='ocrx_word' id='word_1_202' title='bbox 1338 3008 1371 3070; x_wconf 89' lang='lat' dir='ltr'><strong>iu</strong></span> 
     </span>
     <span class='ocr_line' id='line_1_25' title="bbox 265 3117 1370 3203; baseline 0.001 -22"><span class='ocrx_word' id='word_1_203' title='bbox 265 3117 398 3181; x_wconf 88' lang='lat' dir='ltr'><strong>secundo</strong></span> <span class='ocrx_word' id='word_1_204' title='bbox 420 3118 562 3203; x_wconf 85' lang='lat' dir='ltr'><strong>exprimit</strong></span> <span class='ocrx_word' id='word_1_205' title='bbox 583 3117 706 3202; x_wconf 92' lang='lat' dir='ltr'><strong>quidem</strong></span> <span class='ocrx_word' id='word_1_206' title='bbox 729 3117 869 3181; x_wconf 90' lang='lat' dir='ltr'><strong>accidens</strong></span> <span class='ocrx_word' id='word_1_207' title='bbox 892 3117 1084 3202; x_wconf 84' lang='lat' dir='ltr'><strong>singulorum</strong></span> <span class='ocrx_word' id='word_1_208' title='bbox 1109 3118 1370 3202; x_wconf 84' lang='lat' dir='ltr'><strong>componentium,</strong></span> 
     </span>
     <span class='ocr_line' id='line_1_26' title="bbox 264 3228 1370 3315; baseline 0.001 -22"><span class='ocrx_word' id='word_1_209' title='bbox 264 3229 318 3293; x_wconf 88' lang='lat' dir='ltr'><strong>sed</strong></span> <span class='ocrx_word' id='word_1_210' title='bbox 339 3252 401 3293; x_wconf 94' lang='lat' dir='ltr'><strong>non</strong></span> <span class='ocrx_word' id='word_1_211' title='bbox 425 3228 584 3293; x_wconf 90' lang='lat' dir='ltr'><strong>constituit</strong></span> <span class='ocrx_word' id='word_1_212' title='bbox 605 3229 821 3314; x_wconf 83' lang='lat' dir='ltr'><strong>componentia</strong></span> <span class='ocrx_word' id='word_1_213' title='bbox 842 3229 927 3308; x_wconf 82' lang='lat' dir='ltr'><strong>talio,</strong></span> <span class='ocrx_word' id='word_1_214' title='bbox 951 3229 1004 3293; x_wconf 90' lang='lat' dir='ltr'><strong>sed</strong></span> <span class='ocrx_word' id='word_1_215' title='bbox 1026 3238 1147 3293; x_wconf 89' lang='lat' dir='ltr'><strong>tantum</strong></span> <span class='ocrx_word' id='word_1_216' title='bbox 1169 3231 1228 3294; x_wconf 86' lang='lat' dir='ltr'><strong>talc</strong></span> <span class='ocrx_word' id='word_1_217' title='bbox 1247 3252 1370 3315; x_wconf 90' lang='lat' dir='ltr'><strong>compo-</strong></span> 
     </span>
     <span class='ocr_line' id='line_1_27' title="bbox 264 3339 1370 3425; baseline 0.002 -21"><span class='ocrx_word' id='word_1_218' title='bbox 264 3342 376 3405; x_wconf 90' lang='lat' dir='ltr'><strong>situm:</strong></span> <span class='ocrx_word' id='word_1_219' title='bbox 399 3342 459 3404; x_wconf 91' lang='lat' dir='ltr'><strong>iam</strong></span> <span class='ocrx_word' id='word_1_220' title='bbox 482 3363 552 3406; x_wconf 88' lang='lat' dir='ltr'><strong>vero</strong></span> <span class='ocrx_word' id='word_1_221' title='bbox 575 3341 627 3404; x_wconf 88' lang='lat' dir='ltr'><strong>tali</strong></span> <span class='ocrx_word' id='word_1_222' title='bbox 649 3341 818 3424; x_wconf 89' lang='lat' dir='ltr'><strong>composito</strong></span> <span class='ocrx_word' id='word_1_223' title='bbox 840 3339 979 3425; x_wconf 88' lang='lat' dir='ltr'><strong>specifico</strong></span> <span class='ocrx_word' id='word_1_224' title='bbox 1001 3364 1065 3405; x_wconf 92' lang='lat' dir='ltr'><strong>non</strong></span> <span class='ocrx_word' id='word_1_225' title='bbox 1086 3341 1197 3406; x_wconf 89' lang='lat' dir='ltr'><strong>accidit</strong></span> <span class='ocrx_word' id='word_1_226' title='bbox 1219 3363 1285 3405; x_wconf 87' lang='lat' dir='ltr'><strong>esse</strong></span> <span class='ocrx_word' id='word_1_227' title='bbox 1309 3341 1370 3406; x_wconf 91' lang='lat' dir='ltr'><strong>tale</strong></span> 
     </span>
     <span class='ocr_line' id='line_1_28' title="bbox 266 3452 1369 3538; baseline 0 -22"><span class='ocrx_word' id='word_1_228' title='bbox 266 3452 421 3536; x_wconf 88' lang='lat' dir='ltr'><strong>specifice:</strong></span> <span class='ocrx_word' id='word_1_229' title='bbox 456 3461 486 3517; x_wconf 91' lang='lat' dir='ltr'><strong>et</strong></span> <span class='ocrx_word' id='word_1_230' title='bbox 509 3452 552 3517; x_wconf 92' lang='lat' dir='ltr'><strong>sic</strong></span> <span class='ocrx_word' id='word_1_231' title='bbox 575 3475 639 3516; x_wconf 89' lang='lat' dir='ltr'><strong>non</strong></span> <span class='ocrx_word' id='word_1_232' title='bbox 661 3452 845 3537; x_wconf 86' lang='lat' dir='ltr'><strong>praedicatur</strong></span> <span class='ocrx_word' id='word_1_233' title='bbox 867 3452 906 3516; x_wconf 93' lang='lat' dir='ltr'><strong>de</strong></span> <span class='ocrx_word' id='word_1_234' title='bbox 927 3475 963 3516; x_wconf 94' lang='lat' dir='ltr'><strong>eo</strong></span> <span class='ocrx_word' id='word_1_235' title='bbox 988 3453 1028 3517; x_wconf 93' lang='lat' dir='ltr'><strong>ad</strong></span> <span class='ocrx_word' id='word_1_236' title='bbox 1051 3453 1176 3517; x_wconf 90' lang='lat' dir='ltr'><strong>modum</strong></span> <span class='ocrx_word' id='word_1_237' title='bbox 1201 3453 1369 3538; x_wconf 90' lang='lat' dir='ltr'><strong>qualitatis,</strong></span> 
     </span>
     <span class='ocr_line' id='line_1_29' title="bbox 265 3561 1368 3648; baseline 0.001 -22"><span class='ocrx_word' id='word_1_238' title='bbox 265 3563 319 3626; x_wconf 88' lang='lat' dir='ltr'><strong>sed</strong></span> <span class='ocrx_word' id='word_1_239' title='bbox 333 3561 372 3626; x_wconf 89' lang='lat' dir='ltr'><strong>ad</strong></span> <span class='ocrx_word' id='word_1_240' title='bbox 386 3561 513 3626; x_wconf 89' lang='lat' dir='ltr'><strong>modum</strong></span> <span class='ocrx_word' id='word_1_241' title='bbox 536 3563 726 3626; x_wconf 89' lang='lat' dir='ltr'><strong>constitutivi</strong></span> <span class='ocrx_word' id='word_1_242' title='bbox 748 3562 928 3627; x_wconf 89' lang='lat' dir='ltr'><strong>essentialis.</strong></span> <span class='ocrx_word' id='word_1_243' title='bbox 975 3563 1125 3626; x_wconf 87' lang='lat' dir='ltr'><strong>Remanet</strong></span> <span class='ocrx_word' id='word_1_244' title='bbox 1147 3585 1220 3646; x_wconf 84' lang='lat' dir='ltr'><strong>ergo</strong></span> <span class='ocrx_word' id='word_1_245' title='bbox 1238 3572 1274 3626; x_wconf 94' lang='lat' dir='ltr'><strong>ut</strong></span> <span class='ocrx_word' id='word_1_246' title='bbox 1293 3586 1368 3648; x_wconf 92' lang='lat' dir='ltr'><strong>qua-</strong></span> 
     </span>
     <span class='ocr_line' id='line_1_30' title="bbox 263 3673 1368 3767; baseline 0 -29"><span class='ocrx_word' id='word_1_247' title='bbox 263 3674 334 3738; x_wconf 89' lang='lat' dir='ltr'><strong>litas</strong></span> <span class='ocrx_word' id='word_1_248' title='bbox 346 3673 538 3738; x_wconf 89' lang='lat' dir='ltr'><strong>accidentalis</strong></span> <span class='ocrx_word' id='word_1_249' title='bbox 550 3674 668 3738; x_wconf 92' lang='lat' dir='ltr'><strong>dicatur</strong></span> <span class='ocrx_word' id='word_1_250' title='bbox 679 3674 893 3767; x_wconf 88' lang='lat' dir='ltr'><strong>determinatio</strong></span> <span class='ocrx_word' id='word_1_251' title='bbox 907 3673 960 3738; x_wconf 88' lang='lat' dir='ltr'><strong>illa</strong></span> <span class='ocrx_word' id='word_1_252' title='bbox 975 3673 1084 3754; x_wconf 90' lang='lat' dir='ltr'><strong>solum,</strong></span> <span class='ocrx_word' id='word_1_253' title='bbox 1100 3695 1168 3758; x_wconf 89' lang='lat' dir='ltr'><strong>quac</strong></span> <span class='ocrx_word' id='word_1_254' title='bbox 1183 3674 1214 3738; x_wconf 91' lang='lat' dir='ltr'><strong>iu</strong></span> <span class='ocrx_word' id='word_1_255' title='bbox 1231 3674 1286 3738; x_wconf 90' lang='lat' dir='ltr'><strong>tali</strong></span> <span class='ocrx_word' id='word_1_256' title='bbox 1301 3697 1368 3760; x_wconf 82' lang='lat' dir='ltr'><strong>spe·</strong></span> 
     </span>
     <span class='ocr_line' id='line_1_31' title="bbox 262 3781 1368 3871; baseline 0 -21"><span class='ocrx_word' id='word_1_257' title='bbox 262 3787 347 3851; x_wconf 90' lang='lat' dir='ltr'><strong>cifica</strong></span> <span class='ocrx_word' id='word_1_258' title='bbox 360 3794 472 3850; x_wconf 90' lang='lat' dir='ltr'><strong>natura</strong></span> <span class='ocrx_word' id='word_1_259' title='bbox 486 3793 586 3871; x_wconf 91' lang='lat' dir='ltr'><strong>potest</strong></span> <span class='ocrx_word' id='word_1_260' title='bbox 600 3796 711 3850; x_wconf 88' lang='lat' dir='ltr'><strong>csseet</strong></span> <span class='ocrx_word' id='word_1_261' title='bbox 726 3809 789 3850; x_wconf 92' lang='lat' dir='ltr'><strong>non</strong></span> <span class='ocrx_word' id='word_1_262' title='bbox 804 3807 880 3866; x_wconf 88' lang='lat' dir='ltr'><strong>esse,</strong></span> <span class='ocrx_word' id='word_1_263' title='bbox 902 3785 984 3850; x_wconf 88' lang='lat' dir='ltr'><strong>salva</strong></span> <span class='ocrx_word' id='word_1_264' title='bbox 1005 3794 1125 3864; x_wconf 88' lang='lat' dir='ltr'><strong>natura,</strong></span> <span class='ocrx_word' id='word_1_265' title='bbox 1145 3781 1238 3871; x_wconf 85' lang='lat' dir='ltr'><strong>prout</strong></span> <span class='ocrx_word' id='word_1_266' title='bbox 1258 3808 1368 3871; x_wconf 91' lang='lat' dir='ltr'><strong>nempe</strong></span> 
     </span>
     <span class='ocr_line' id='line_1_32' title="bbox 263 3896 735 3963; baseline 0 -3"><span class='ocrx_word' id='word_1_267' title='bbox 263 3898 297 3962; x_wconf 92' lang='lat' dir='ltr'><strong>in</strong></span> <span class='ocrx_word' id='word_1_268' title='bbox 312 3900 402 3963; x_wconf 86' lang='lat' dir='ltr'><strong>te&#39;rtio</strong></span> <span class='ocrx_word' id='word_1_269' title='bbox 417 3897 469 3961; x_wconf 92' lang='lat' dir='ltr'><strong>illo</strong></span> <span class='ocrx_word' id='word_1_270' title='bbox 485 3920 578 3962; x_wconf 91' lang='lat' dir='ltr'><strong>sensu</strong></span> <span class='ocrx_word' id='word_1_271' title='bbox 593 3896 735 3961; x_wconf 80' lang='lat' dir='ltr'><strong>sumitur.</strong></span> 
     </span>
    </p>

    <p class='ocr_par' dir='ltr' id='par_1_7' title="bbox 262 4007 1367 4430">
     <span class='ocr_line' id='line_1_33' title="bbox 308 4007 1367 4096; baseline 0.002 -24"><span class='ocrx_word' id='word_1_272' title='bbox 308 4007 371 4083; x_wconf 79' lang='lat' dir='ltr'><strong>Qui</strong></span> <span class='ocrx_word' id='word_1_273' title='bbox 390 4008 586 4073; x_wconf 83' lang='lat' dir='ltr'><strong>Aristotelem</strong></span> <span class='ocrx_word' id='word_1_274' title='bbox 609 4008 731 4092; x_wconf 90' lang='lat' dir='ltr'><strong>sequuti</strong></span> <span class='ocrx_word' id='word_1_275' title='bbox 752 4016 827 4072; x_wconf 91' lang='lat' dir='ltr'><strong>sunt</strong></span> <span class='ocrx_word' id='word_1_276' title='bbox 848 4008 881 4072; x_wconf 92' lang='lat' dir='ltr'><strong>in</strong></span> <span class='ocrx_word' id='word_1_277' title='bbox 895 4007 986 4073; x_wconf 89' lang='lat' dir='ltr'><strong>rebus</strong></span> <span class='ocrx_word' id='word_1_278' title='bbox 1001 4008 1145 4096; x_wconf 76' lang='lat' dir='ltr'><strong>physicis,</strong></span> <span class='ocrx_word' id='word_1_279' title='bbox 1162 4009 1200 4074; x_wconf 91' lang='lat' dir='ltr'><strong>de</strong></span> <span class='ocrx_word' id='word_1_280' title='bbox 1215 4009 1281 4095; x_wconf 87' lang='lat' dir='ltr'><strong>ipsa</strong></span> <span class='ocrx_word' id='word_1_281' title='bbox 1296 4010 1367 4074; x_wconf 90' lang='lat' dir='ltr'><strong>sub·</strong></span> 
     </span>
     <span class='ocr_line' id='line_1_34' title="bbox 264 4119 1367 4206; baseline 0.005 -24"><span class='ocrx_word' id='word_1_282' title='bbox 264 4121 377 4184; x_wconf 88' lang='lat' dir='ltr'><strong>stantia</strong></span> <span class='ocrx_word' id='word_1_283' title='bbox 401 4120 607 4204; x_wconf 87' lang='lat' dir='ltr'><strong>praedicabant</strong></span> <span class='ocrx_word' id='word_1_284' title='bbox 630 4119 809 4206; x_wconf 90' lang='lat' dir='ltr'><strong>qualitatem</strong></span> <span class='ocrx_word' id='word_1_285' title='bbox 838 4119 1065 4186; x_wconf 87' lang='lat' dir='ltr'><strong>accidentalem.</strong></span> <span class='ocrx_word' id='word_1_286' title='bbox 1112 4122 1195 4187; x_wconf 89' lang='lat' dir='ltr'><strong>Nam</strong></span> <span class='ocrx_word' id='word_1_287' title='bbox 1224 4122 1367 4186; x_wconf 87' lang='lat' dir='ltr'><strong>substan·</strong></span> 
     </span>
     <span class='ocr_line' id='line_1_35' title="bbox 262 4231 1367 4328; baseline 0 -30"><span class='ocrx_word' id='word_1_288' title='bbox 262 4231 338 4298; x_wconf 85' lang='lat' dir='ltr'><strong>tiam</strong></span> <span class='ocrx_word' id='word_1_289' title='bbox 352 4241 382 4296; x_wconf 93' lang='lat' dir='ltr'><strong>et</strong></span> <span class='ocrx_word' id='word_1_290' title='bbox 397 4236 539 4296; x_wconf 87' lang='lat' dir='ltr'><strong>naturam</strong></span> <span class='ocrx_word' id='word_1_291' title='bbox 554 4232 798 4312; x_wconf 88' lang='lat' dir='ltr'><strong>substantialem,</strong></span> <span class='ocrx_word' id='word_1_292' title='bbox 811 4232 936 4297; x_wconf 15' lang='lat' dir='ltr'><strong>utralibi</strong></span> <span class='ocrx_word' id='word_1_293' title='bbox 951 4232 1093 4314; x_wconf 86' lang='lat' dir='ltr'><strong>diximus,</strong></span> <span class='ocrx_word' id='word_1_294' title='bbox 1105 4256 1185 4319; x_wconf 86' lang='lat' dir='ltr'><strong>saepe</strong></span> <span class='ocrx_word' id='word_1_295' title='bbox 1200 4234 1367 4328; x_wconf 81' lang='lat' dir='ltr'><strong>confunde·</strong></span> 
     </span>
     <span class='ocr_line' id='line_1_36' title="bbox 262 4343 1367 4430; baseline 0 -22"><span class='ocrx_word' id='word_1_296' title='bbox 262 4344 347 4423; x_wconf 87' lang='lat' dir='ltr'><strong>bant,</strong></span> <span class='ocrx_word' id='word_1_297' title='bbox 363 4365 459 4427; x_wconf 88' lang='lat' dir='ltr'><strong>quum</strong></span> <span class='ocrx_word' id='word_1_298' title='bbox 475 4353 617 4426; x_wconf 89' lang='lat' dir='ltr'><strong>putarent</strong></span> <span class='ocrx_word' id='word_1_299' title='bbox 627 4365 742 4427; x_wconf 85' lang='lat' dir='ltr'><strong>aquam</strong></span> <span class='ocrx_word' id='word_1_300' title='bbox 759 4353 789 4406; x_wconf 90' lang='lat' dir='ltr'><strong>et</strong></span> <span class='ocrx_word' id='word_1_301' title='bbox 804 4343 909 4427; x_wconf 88' lang='lat' dir='ltr'><strong>ignem</strong></span> <span class='ocrx_word' id='word_1_302' title='bbox 924 4353 954 4409; x_wconf 90' lang='lat' dir='ltr'><strong>et</strong></span> <span class='ocrx_word' id='word_1_303' title='bbox 970 4345 1029 4410; x_wconf 88' lang='lat' dir='ltr'><strong>alia</strong></span> <span class='ocrx_word' id='word_1_304' title='bbox 1043 4345 1193 4410; x_wconf 89' lang='lat' dir='ltr'><strong>eiusmodi</strong></span> <span class='ocrx_word' id='word_1_305' title='bbox 1213 4367 1268 4430; x_wconf 88' lang='lat' dir='ltr'><strong>per</strong></span> <span class='ocrx_word' id='word_1_306' title='bbox 1289 4345 1367 4409; x_wconf 92' lang='lat' dir='ltr'><strong>illud</strong></span> 
     </span>
    </p>
   </div>
   <div class='ocr_carea' id='block_1_6' title="bbox 0 0 1604 4975">
    <p class='ocr_par' dir='ltr' id='par_1_8' title="bbox 0 0 1604 4975">
     <span class='ocr_line' id='line_1_37' title="bbox 0 0 1604 4975; baseline 0 3"><span class='ocrx_word' id='word_1_307' title='bbox 0 0 1604 4975; x_wconf 95' lang='lat' dir='ltr'><strong> </strong></span> 
     </span>
    </p>
   </div>
  </div>
 </body>
</html>
