3200 4975
220 384 289 428 err.
307 366 379 449 rm]
529 388 572 429 on
590 389 790 432 suosrarrrm
806 389 1005 433 srrarrornr.
1280 366 1323 427 99

218 553 292 617 sitas
314 576 385 617 vero
409 554 590 639 exprimitur
617 556 800 639 participiali
829 556 975 619 etardum.
1037 554 1120 618 Hinc
1144 553 1170 617 si
1192 554 1319 617 unicum

217 675 450 749 cognosceretur
479 667 616 731 medium
647 668 686 730 ad
719 668 813 731 finem
842 667 1116 751 proportionatum,
1145 664 1245 749 posita
1266 684 1321 726 ne-

217 778 357 845 cessitate
376 778 457 857 finis,
484 800 547 841 non
570 778 695 842 daretur
717 780 796 843 circa
818 777 898 843 illud
921 778 1064 855 libertas3
1087 796 1124 839 eo
1147 775 1214 860 ipso
1237 774 1319 839 enim

217 889 300 974 quod
328 898 409 954 esset
434 890 569 969 unicum,
599 902 678 955 esset
707 891 854 969 utendum,
882 911 943 952 non
973 888 1091 951 utibile:
1126 896 1156 949 et
1186 886 1228 949 sic
1257 906 1320 948 non

217 1009 296 1064 esset
315 1002 377 1065 iam
397 1000 549 1066 obiectum
573 1011 659 1065 actua
674 1000 770 1064 liberi.
816 1000 934 1064 Idcirco
949 999 988 1063 ad
1003 1008 1106 1063 actum
1120 998 1250 1062 liberum
1272 1019 1320 1060 re-

216 1112 357 1197 quiritur,
387 1122 424 1177 ut
452 1111 606 1177 obiectum
634 1125 721 1177 actus
745 1135 817 1176 ⁴non
851 1111 1097 1197 apprehendatur
1127 1120 1163 1173 ut
1191 1109 1317 1174 unicum

215 1224 351 1288 medium
375 1224 415 1288 ad
439 1225 542 1303 finem,
569 1224 624 1288 sed
649 1234 685 1288 ut
708 1224 955 1309 apprehendatur
981 1233 1137 1307 tamquam
1161 1243 1257 1284 uuum
1282 1243 1318 1283 ex

215 1334 324 1398 mediis
339 1333 476 1398 utilibus.
522 1335 556 1399 Si
570 1336 652 1399 enim
670 1336 948 1421 apprehenderetur
968 1344 1003 1399 ut
1024 1334 1149 1399 unicum
1171 1332 1317 1409 medium,

215 1468 251 1509 eo
272 1447 339 1531 ipso
353 1446 504 1527 voluntas,
527 1470 595 1533 quae
616 1470 679 1511 non
701 1458 748 1513 cst
769 1448 864 1513 lihera
886 1449 925 1512 ad
947 1448 1048 1525 finem,
1068 1446 1130 1510 visa
1152 1444 1319 1509 necessaria

214 1559 400 1623 connexione
421 1558 504 1623 illius
526 1559 618 1623 medii
639 1582 711 1623 cum
732 1560 804 1638 fine,
826 1560 995 1623 necessario
1018 1580 1054 1622 ex
1076 1579 1177 1620 amore
1194 1556 1263 1619 finis
1278 1555 1317 1618 ad

214 1670 293 1734 illud
313 1670 450 1735 medium
464 1671 628 1735 volendum
650 1672 754 1735 statim
777 1671 962 1756 procederet.
1008 1671 1042 1734 Si
1059 1692 1129 1733 vero
1149 1668 1316 1753 apprehen·

216 1782 307 1846 datur
320 1782 438 1867 aliquid
451 1791 488 1845 ut
503 1782 638 1847 medium
653 1806 717 1846 non
732 1784 859 1847 unicum
873 1783 912 1847 ad
927 1784 1028 1861 finem,
1050 1780 1245 1845 manifestum
1261 1790 1316 1855 est,

214 1894 298 1977 quod
319 1915 405 1957 amor
425 1895 611 1958 necessarius
637 1895 708 1957 finis
731 1916 793 1959 non
818 1893 955 1978 impellet
975 1893 1162 1958 voluntatem
1180 1892 1218 1955 ad
1239 1891 1317 1955 illud

214 2003 414 2069 determinate
443 2005 627 2089 eligendum,
651 2028 722 2069 cum
747 2006 921 2070 exehrsione
949 2006 1096 2084 aliorum;
1120 2026 1205 2069 secus
1234 2004 1317 2068 enim

214 2116 383 2200 impelleret
396 2116 489 2181 etiam
503 2118 690 2182 voluntatem
706 2117 747 2181 ad
759 2118 900 2202 eligenda
922 2116 1045 2200 singula
1059 2116 1118 2180 alia
1132 2116 1232 2179 media
1246 2138 1317 2179 cum

214 2228 386 2292 exclusione
405 2228 545 2308 aliorum,
569 2228 652 2313 quod
674 2238 722 2292 est
744 2229 1023 2293 contradictorium.
1068 2229 1109 2292 Et
1130 2229 1183 2307 sic,
1209 2228 1317 2312 positis

214 2340 355 2424 pluribus
369 2340 478 2405 mediis
492 2340 649 2419 adfinem,
666 2340 806 2405 voluntas
828 2363 891 2405 nou
914 2340 1134 2405 determinatur
1155 2339 1194 2402 ab
1215 2338 1317 2423 aliquo

213 2451 353 2517 illorum:
377 2452 432 2516 sed
445 2461 550 2516 manet
565 2474 635 2517 cum
654 2459 804 2538 potestate
823 2451 1043 2532 considerandi,
1065 2450 1269 2530 consultandi,
1286 2460 1316 2514 et

214 2563 348 2648 eligendi
362 2565 445 2650 qnod
460 2577 530 2648 post
545 2565 801 2628 consultationem
817 2565 875 2628 sihi
890 2565 989 2628 visum
1004 2564 1105 2628 fuerit.

258 2680 308 2742 75.
336 2675 491 2753 Quaeritur
520 2676 692 2754 undecimo,
722 2700 761 2740 aa
788 2678 959 2741 archotamia
986 2677 1136 2759 spirituali
1165 2678 1315 2738 conveniet

214 2789 318 2851 tabae
332 2788 455 2852 libmm
468 2790 633 2852 arbitrium.

257 2899 438 2984 Respondeo
467 2900 655 2978 affirmative,
677 2909 709 2963 et
731 2909 851 2963 constat
874 2923 910 2962 ex
932 2900 1021 2963 dictis
1050 2921 1178 2963 numero
1206 2921 1316 2984 prece

214 3009 322 3076 dente:
345 3011 399 3074 sed
428 3019 572 3095 praeterea
601 3011 771 3074 declaratur
796 3019 827 3075 et
853 3012 1060 3075 confirmatur.
1106 3012 1187 3074 Nam
1216 2999 1316 3096 primo

160 3142 162 3146 ’
212 3121 353 3186 convenit
376 3121 461 3184 omni
484 3120 615 3205 spiritui,
640 3131 747 3205 utpote
772 3122 899 3186 habenti
914 3124 975 3186 vim
998 3123 1223 3201 intellectivam,
1246 3147 1314 3209 quae

212 3242 260 3296 est
282 3233 463 3297 naturaliter
492 3233 678 3317 inquisitiva,
708 3255 796 3316 posse
826 3235 1014 3299 considerare
1038 3259 1085 3298 res
1110 3236 1166 3299 rub
1191 3235 1316 3299 diversis

212 3345 516 3424 considerationibus,
536 3356 567 3408 et
590 3367 645 3428 per
666 3345 723 3408 hoc
747 3346 825 3409 ferre
849 3347 965 3410 diversa
988 3347 1099 3411 iudicia
1124 3347 1256 3430 practica
1278 3348 1315 3411 de

211 3457 387 3521 earumdem
417 3456 558 3521 utilitate.
605 3457 680 3520 Haec
700 3467 801 3520 autem
825 3459 935 3522 iudicia
957 3481 1019 3522 non
1042 3469 1115 3522 sunt
1137 3459 1314 3537 necessaria,

212 3568 266 3632 sed
285 3568 398 3646 libera,
421 3591 492 3632 nam
515 3568 601 3632 nulla
622 3578 668 3633 est
690 3570 776 3647 ratio,
800 3593 855 3634 cur
881 3581 989 3634 natura
1016 3571 1181 3654 spiritualis
1207 3571 1313 3634 debeat

211 3681 316 3764 potins
341 3680 529 3745 considerare
552 3703 617 3744 rem
644 3682 701 3744 suh
727 3704 791 3747 uno
816 3691 964 3766 respectu,
989 3705 1081 3767 quam
1102 3683 1158 3746 sub
1179 3683 1314 3767 quolibet

211 3792 280 3871 alio,
303 3801 335 3855 et
361 3791 561 3856 determinare
590 3815 681 3856 suum
705 3803 807 3857 actum
838 3815 891 3877 per
919 3791 1013 3856 unam
1043 3795 1313 3859 considerationem

211 3904 315 3986 potius
338 3925 431 3988 quam
453 3925 508 3988 per
533 3903 701 3988 quamlibet
729 3902 831 3970 aliam.
875 3905 924 3972 Ex
947 3927 1008 3988 quo
1034 3906 1172 3990 sequitur
1197 3906 1313 3970 nullam

211 4037 277 4079 esse
305 4015 338 4077 in
367 4015 539 4080 substantia
566 4015 717 4100 spirituali
745 4017 955 4080 necessitatem
984 4017 1206 4082 determinandi
1234 4018 1313 4083 hanc

211 4128 429 4211 potiusquam
455 4126 537 4190 illam
565 4149 691 4191 suorum
721 4136 846 4192 actuum
876 4128 1050 4206 materiam
1074 4152 1167 4214 quare
1189 4130 1314 4194 libertas

211 4238 291 4302 circa
304 4239 461 4302 materiam
482 4238 634 4303 volitionis
660 4239 757 4303 oritur
776 4262 813 4303 cx
827 4241 893 4324 ipsa
908 4241 936 4302 vi
956 4241 1148 4320 intellectiva,
1169 4250 1205 4304 ut
1220 4243 1310 4304 etiam

212 4349 300 4412 docet
313 4349 496 4429 &Thomas
512 4373 543 4434 p.
562 4354 590 4413 l.
607 4373 637 4434 q.
654 4353 705 4413 83.
723 4375 747 4414 a.
768 4355 796 4414 l.

1083 4467 1142 4526 112
