3200 4975
267 323 332 389 250
714 346 757 390 nu
775 346 924 389 nemun.
1212 324 1298 407 [car.
1315 344 1375 387 111.

311 512 364 575 97.
388 506 544 587 Quaeritur
559 520 701 591 aestuare
715 513 820 576 tabae
831 512 924 575 ideam
939 510 1063 574 alcuius
1077 511 1153 574 eatis
1167 532 1186 573 a
1200 533 1231 575 ae
1240 510 1373 573 distirwti

268 620 309 685 sit
324 624 477 689 essentiale
491 626 594 689 animo
609 626 749 688 bumana.

266 762 372 818 natatu
395 766 471 836 quasi
489 772 587 835 aotam,
609 767 655 821 aad
668 766 827 837 proponitur
848 784 879 820 ea
901 764 961 819 alies
984 765 1175 836 inmorandum.
1213 764 1274 819 Non
1295 763 1379 834 iyitur·

268 851 358 905 animo
369 852 401 905 de
412 853 495 923 aspra
506 855 633 923 copnordt
643 854 708 925 quid
717 858 761 922 est,
765 870 817 923 per
825 853 943 924 sapsam.
977 851 1048 906 Tum
1060 851 1203 924 explicatis
1214 850 1378 923 quibusdam

268 934 295 989 S·
310 938 454 1009 Augustini
466 938 562 1001 verbis.
575 939 727 995 concludit:
747 939 791 993 Sic
803 939 891 1009 ἐρίων,
904 941 1042 993 sectarium
1050 940 1216 995 iussionem
1224 937 1377 1008 Auffisstim',

269 1040 340 1076 mem
351 1029 440 1077 nostro
447 1042 498 1095 per
508 1024 619 1095 sapsam
631 1025 701 1079 uouit
712 1025 831 1096 mmm,
845 1024 873 1078 io
886 1032 1011 1095 quantum
1023 1027 1055 1079 de
1066 1044 1092 1079 aa
1105 1024 1231 1095 eoqnoecit
1242 1025 1312 1093 qaod
1321 1028 1377 1097 εστ]

268 1126 299 1161 ex
311 1108 439 1165 eocenim
452 1110 507 1182 ipso
524 1112 717 1183 quodpercipit
734 1130 761 1165 se
778 1129 862 1181 oque,
876 1112 989 1183 percepit
1005 1131 1031 1166 ae
1043 1131 1110 1166 esee:
1129 1111 1379 1182 afieammperse

267 1194 360 1265 speum,
373 1196 499 1268 uadaper
514 1216 540 1252 aa
555 1198 639 1269 ipsam
657 1198 784 1267 coquom
802 1199 871 1268 quod
887 1203 930 1251 est.
968 1198 1038 1263 Qua
1056 1198 1155 1252 ultima
1166 1197 1248 1251 verba
1264 1214 1319 1251 non
1335 1195 1378 1249 ita

267 1280 423 1355 accipienda
434 1289 506 1353 sunt,
518 1283 595 1357 qnasi
607 1290 728 1357 tempore
740 1289 789 1339 sut
804 1290 901 1339 ustura
920 1284 994 1357 prius
1010 1285 1054 1355 sit,
1068 1284 1187 1339 animam
1199 1284 1334 1356 percipere
1346 1300 1377 1335 se

266 1374 400 1440 agentem,
419 1386 501 1443 quam
517 1370 652 1445 percipere
665 1388 694 1425 se
706 1374 856 1439 essentem
876 1371 927 1425 hoc
946 1371 1019 1425 enim
1037 1376 1107 1425 esset
1124 1378 1218 1426 contra
1235 1370 1376 1436 rationem,

267 1470 351 1525 quum
370 1474 425 1511 non
443 1457 543 1513 existat
559 1457 589 1512 in
606 1463 739 1530 quantum
762 1457 828 1529 agit,
848 1458 895 1511 sed
913 1463 976 1529 agat
993 1457 1023 1511 in
1040 1464 1172 1529 quantum
1190 1462 1232 1511 est
1248 1456 1279 1510 in
1296 1460 1376 1522 actu;

266 1540 337 1595 unde
349 1559 506 1615 cognoscere
517 1562 546 1600 se
563 1544 763 1599 accidentaliter
780 1548 907 1617 agentem
924 1561 979 1598 non
996 1544 1079 1598 habet
1089 1543 1222 1598 rationem
1234 1542 1316 1597 medii
1328 1558 1377 1613 per

266 1628 338 1699 quod
347 1630 485 1703 perveniat
497 1632 532 1687 ad
544 1632 758 1703 cognoscendum
770 1649 799 1685 se
812 1648 879 1687 esse:
894 1631 941 1686 sed
948 1631 989 1686 ita
998 1630 1156 1704 accipienda
1162 1635 1234 1699 sunt,
1245 1635 1277 1684 ut
1288 1628 1375 1699 signi-

264 1712 355 1784 ficent,
368 1715 494 1784 animam,
507 1732 568 1787 qnae
581 1715 694 1789 percipit
710 1734 739 1769 se
757 1733 844 1789 agere,
863 1732 880 1771 a
896 1715 1000 1771 fortiori
1017 1716 1153 1789 percipere
1171 1733 1200 1769 se
1218 1732 1290 1781 esse3
1308 1712 1375 1784 quia

265 1816 323 1856 esse
334 1800 364 1857 in
380 1820 409 1857 se
425 1810 488 1859 actu
498 1804 710 1859 substantialiter
720 1803 795 1877 prius
807 1810 904 1857 natura
915 1808 956 1857 est
968 1802 1154 1875 inpraesentia
1170 1803 1279 1871 animes,
1291 1819 1374 1872 quam

264 1886 334 1941 illud
357 1905 414 1943 esse
438 1895 501 1945 actu
524 1895 649 1963 agentem
672 1889 889 1957 accidentaliter3
913 1907 963 1943 nec
986 1894 1076 1961 potest
1100 1890 1191 1943 anime
1215 1905 1373 1958 cognoscere

249 1972 398 2054 ,utonem
410 1991 467 2030 esse
479 1992 564 2045 suam,
578 1976 644 2048 quin
655 1977 730 2049 prius
743 1983 886 2048 eognoscat
898 1994 926 2031 se
939 1994 1004 2030 esse.

299 2060 450 2117 Oonflrmat
461 2069 551 2117 autem
564 2061 591 2118 S.
607 2062 726 2117 Thomas
744 2081 821 2118 suam
838 2061 1039 2117 conclusionem
1056 2080 1105 2135 per
1121 2060 1283 2134 profundam
1300 2060 1371 2114 hanc

263 2146 419 2203 Aristotelis
437 2148 583 2205 rationem:
602 2150 749 2204 Intellectus
761 2149 893 2222 possibilie
910 2150 1031 2219 iutellipit
1047 2168 1073 2203 ee
1089 2149 1155 2203 siuet
1167 2150 1236 2203 atio:
1254 2148 1373 2217 intellipit

262 2233 331 2289 enim
343 2253 369 2289 se
375 2253 427 2307 per
438 2234 548 2306 specim
559 2236 752 2306 mutabilem,
766 2239 860 2307 quafit
878 2242 937 2291 actu
955 2236 983 2289 io
999 2254 1092 2306 peiere
1109 2236 1326 2305 iutelltpebele'um:
1343 2234 1372 2286 in

261 2338 287 2375 re
298 2320 368 2375 enim
379 2321 552 2376 conuiieratus
563 2328 600 2376 est
610 2323 693 2377 sotum
705 2321 858 2394 inpotentia
871 2324 907 2377 ad
921 2341 972 2377 esee
991 2322 1154 2393 iutelliqibeta.
1191 2322 1268 2375 aruo
1285 2327 1371 2375 autem

261 2407 420 2478 manetur
430 2408 568 2463 secundm
581 2410 651 2479 quod
665 2415 702 2463 ast
719 2410 748 2463 ia
760 2410 886 2480 potentio,
905 2410 951 2463 aad
966 2411 1105 2463 samesium
1123 2410 1193 2479 qaod
1207 2415 1244 2461 est
1255 2408 1284 2461 io
1295 2414 1372 2463 aea.-

260 2495 328 2549 umle
339 2495 487 2552 anama
498 2501 633 2568 separata,
647 2514 758 2568 quaerum
770 2495 919 2551 mbetaotice
930 2501 990 2550 suot
1002 2496 1103 2566 aliquid
1112 2502 1172 2549 actu
1184 2514 1228 2548 ens
1239 2495 1268 2548 iu
1278 2511 1371 2564 patere

261 2581 466 2654 iutellfflitium,
485 2583 516 2638 de
532 2600 559 2638 se
576 2583 723 2653 iateltiyuot
740 2583 805 2654 quid
820 2588 880 2636 suut
893 2601 944 2652 per
961 2601 1021 2636 suas
1038 2583 1211 2641 ubstantiae:
1229 2581 1370 2635 intaleetus

260 2685 320 2722 vero
326 2669 455 2740 potante
466 2675 552 2725 nodo
564 2689 614 2742 per
625 2670 734 2742 speciem
746 2669 938 2739 intettsfflbilem,
950 2687 1002 2740 per
1014 2671 1135 2740 quamsit
1147 2674 1206 2722 auu
1218 2667 1368 2736 iuteltiyaes·

260 2753 321 2810 Hoc
344 2762 533 2828 argumentum
556 2756 622 2812 satis
645 2755 817 2827 intelligetur
839 2755 980 2809 recolendo
1005 2771 1066 2826 quae
1084 2753 1203 2808 diximus
1221 2753 1251 2808 in
1268 2770 1368 2826 praece-

260 2841 340 2898 dente
357 2849 473 2900 tractatu
490 2845 524 2899 de
542 2850 606 2899 actu
623 2847 651 2898 et
668 2831 784 2940 teupino
802 2842 958 2896 intellectus
975 2841 1155 2896 substantiali.
1193 2839 1247 2894 Sed
1265 2840 1369 2894 videtur

259 2927 331 3000 quod
342 2929 426 2984 stiam
437 2929 596 2986 substantias
613 2936 743 3003 separatae
753 2946 811 2983 non
824 2929 879 2983 sint
897 2934 956 2982 ueta
968 2945 1012 2982 erse
1023 2928 1051 2981 iu
1061 2945 1154 2998 ponere
1172 2927 1369 2996 inteltipetitiom

258 3017 396 3070 secundum
408 3017 478 3088 qaod
487 3018 551 3088 qaid
560 3023 604 3085 ast,
617 3017 664 3071 sed
676 3001 783 3071 tantum
799 3017 828 3069 io
844 3033 936 3086 penora
954 3015 1128 3068 amabilium
1146 3015 1285 3068 secuudum
1302 3013 1370 3084 quod

258 3101 408 3173 simpliciter
424 3109 491 3158 mut.
528 3103 601 3158 Nam
618 3121 704 3175 quum
721 3082 807 3157 icitur
823 3102 896 3175 quod
913 3101 979 3174 quid
997 3107 1046 3172 est,
1064 3101 1146 3155 scitur
1162 3119 1203 3155 rea
1218 3107 1248 3155 at
1260 3102 1292 3154 ab
1310 3101 1368 3154 alles

259 3189 395 3245 destincte·
413 3191 481 3245 emde
492 3196 517 3244 et
528 3189 650 3261 definitio,
664 3178 819 3268 quaef'eiquot
831 3188 894 3259 quid
909 3193 946 3241 eet
963 3205 1011 3256 ras,
1030 3186 1164 3256 delinquet
1182 3187 1318 3256 defiodum
1335 3187 1367 3239 ab

258 3276 374 3331 omnebus
386 3277 451 3347 aliie,
469 3283 502 3331 ut
516 3277 595 3331 docet
610 3275 712 3330 ibidem
729 3275 757 3330 S.
777 3274 909 3343 Thomas3
929 3280 957 3330 et
974 3280 1058 3347 patet,
1076 3273 1141 3346 quia
1158 3273 1309 3345 intelligere
1327 3279 1368 3328 est
1447 3307 1449 3310 -

258 3363 335 3435 quasi
346 3363 417 3418 inter
427 3364 523 3435 legere.
559 3363 606 3417 Ad
618 3363 669 3417 hoc
682 3368 773 3418 autem
789 3362 934 3433 requiritur
951 3361 1067 3415 intuitus
1084 3360 1195 3432 quidam
1207 3360 1366 3432 analyticus,

258 3467 311 3521 quo
330 3448 485 3521 intelligens
507 3449 646 3504 intueatur
667 3467 695 3503 se
708 3440 797 3521 ipsum
819 3448 869 3502 sub
893 3447 1005 3502 diversis
1029 3446 1230 3519 praecisionibus
1253 3452 1281 3500 et
1304 3465 1367 3501 cum

258 3536 364 3590 diversa
379 3535 509 3590 relatione
522 3535 556 3590 ad
568 3536 629 3591 alia.
665 3534 737 3604 Non⁴
746 3541 835 3607 potest
853 3542 945 3590 eutem
963 3533 1073 3606 spiritus
1090 3534 1191 3587 intueri
1209 3551 1285 3587 suam
1303 3533 1366 3588 sub-

257 3620 385 3677 stantiam
406 3619 553 3694 praecisive,
572 3621 637 3694 quia
653 3613 776 3690 intuetur
793 3639 850 3676 esse
869 3639 925 3675 suae
944 3620 1101 3676 substantiae
1119 3638 1167 3692 per
1183 3620 1270 3692 ipsam
1288 3637 1365 3674 suam

258 3708 445 3779 substantiam,
458 3725 518 3781 quse
531 3708 582 3762 sibi
594 3702 702 3783 semper
710 3699 778 3771 ac‘tu
790 3709 930 3780 adaequate
948 3725 1066 3779 praesens
1084 3711 1126 3760 est
1133 3727 1140 3775 3
1160 3712 1188 3760 et
1200 3706 1239 3760 sic
1251 3707 1327 3761 videt
1338 3724 1367 3762 se

257 3816 362 3872 semper
382 3798 536 3869 adaequate3
556 3814 618 3867 ergo
639 3784 779 3869 nunquim
799 3801 889 3869 potest
910 3813 989 3848 suum
1011 3813 1069 3848 esse
1089 3794 1119 3848 in
1139 3812 1167 3848 se
1189 3795 1246 3867 ipso
1267 3812 1315 3866 per
1336 3812 1364 3849 se

257 3887 405 3958 analyzare.
628 3896 630 3899 ·
649 3888 651 3894 “
678 3949 680 3954 ¹
706 3885 709 3895 '
747 3890 750 3895 '

291 3974 384 4044 Atque
396 3973 456 4026 haec
468 3978 510 4026 est
521 3971 590 4026 ratio
603 3959 711 4044 propter
727 3987 808 4042 quem
827 3968 909 4023 ctiam
927 3968 1009 4021 homo
1025 3967 1119 4037 nequit
1131 3967 1274 4038 cnalyzare
1286 3985 1364 4021 suum
1462 4025 1465 4028 ,

255 4059 393 4131 proprium
417 4059 483 4131 Epo,
505 4058 570 4114 lieet
588 4075 616 4112 se
633 4045 712 4130 plene
730 4056 876 4123 intueatur,
902 4055 985 4108 immo
1003 4053 1068 4126 quie
1085 4071 1166 4107 suum
1183 4053 1242 4123 Epo
1261 4071 1366 4126 semper

255 4145 334 4217 plene
351 4145 480 4199 intuetur.
516 4142 591 4198 Hinc
609 4144 693 4198 etium
708 4161 763 4196 non
781 4142 911 4197 habemus
929 4141 1003 4195 ideas
1021 4140 1104 4194 claros
1122 4140 1156 4194 de
1168 4139 1266 4194 nostris
1277 4139 1364 4194 facul-

254 4232 358 4287 tatibus
369 4232 422 4285 nisi
433 4249 482 4303 per
492 4231 733 4286 considerationem
745 4235 863 4298 actuum,
875 4228 973 4300 quibus
985 4234 1149 4282 exercentur.
1186 4227 1279 4292 Quum
1291 4227 1363 4281 enim

255 4325 331 4375 actus
348 4319 405 4374 aeci
424 4317 527 4371 entales
546 4316 692 4372 adveniant
715 4314 872 4384 successive,
891 4313 1034 4386 separatim
1053 4320 1258 4386 cognoscuntur,
1278 4319 1306 4368 et
1323 4313 1362 4367 s'ic
