3200 4975
232 423 304 466 car.
324 405 395 489 111.]
682 427 727 470 on
742 428 890 472 nouum.
1274 412 1338 477 277

231 602 332 654 movet
355 591 543 655 intellectum
559 614 622 655 non
645 615 710 656 esse
726 594 905 673 universale,
923 594 976 660 sed
994 594 1157 679 singulare,
1174 601 1208 660 ut
1231 596 1256 661 si
1275 620 1338 661 una

222 689 332 766 ¹anima
352 703 441 766 aliam
457 703 557 768 videat
567 731 576 781 ;
599 705 809 769 universalitas
824 728 895 770 vero
917 729 1087 792 numquam
1103 717 1149 771 est
1169 708 1337 773 formaliter

229 813 262 876 in
272 813 390 878 obiecto
402 825 553 894 movente,
564 816 617 879 sed
624 816 660 879 in
672 816 792 880 obiecto
804 824 839 881 ut
850 839 904 901 per
915 817 1104 902 praecisiones
1115 818 1336 883 intellectuales

228 935 385 1009 concepto.
429 925 472 988 m
494 935 638 1010 praeterea
660 928 762 990 anima
777 927 889 1012 poterit
912 928 1045 1011 cogitare
1060 928 1098 993 de
1120 928 1227 1013 seipsa,
1243 939 1274 993 et
1297 929 1334 995 de

229 1036 373 1100 omnibus
395 1059 526 1122 quorum
541 1037 633 1101 habet
657 1038 797 1122 speciem.
844 1038 946 1103 Tertio
969 1039 1061 1103 etiam
1075 1039 1178 1103 futura
1201 1041 1334 1123 cogitare

228 1149 350 1231 poterit,
365 1149 444 1212 sicut
461 1151 615 1233 praeterita
629 1173 663 1213 ac
678 1150 849 1235 praesentia,
865 1173 961 1235 quum
983 1150 1124 1215 futuritio
1139 1173 1201 1215 non
1218 1152 1334 1217 sitnisi

227 1272 382 1343 respectus
405 1260 529 1344 quidam
552 1261 596 1324 rei
610 1283 679 1346 quae
702 1261 855 1345 cogitatur
877 1271 1041 1346 antequam
1065 1262 1113 1325 sit.
1161 1262 1253 1327 Unde
1267 1270 1332 1327 tam

226 1372 397 1456 concipitur
413 1397 470 1457 per
491 1374 585 1437 ideam
607 1374 691 1458 quod
714 1374 854 1437 futurum
876 1382 932 1452 est,
951 1396 1043 1458 quam
1066 1374 1150 1459 quod
1171 1384 1242 1438 actu
1263 1385 1331 1441 est:

225 1483 279 1546 sed
295 1483 353 1546 hoc
367 1484 532 1568 attingitur
543 1484 634 1548 simul
650 1485 819 1549 secundum
835 1486 914 1569 quod
926 1494 970 1549 est
985 1507 1039 1549 seu
1054 1485 1165 1563 existit,
1176 1484 1254 1549 illud
1267 1508 1331 1551 non

226 1595 310 1658 item.
355 1596 401 1658 le
424 1618 460 1659 eo
486 1604 589 1660 autem
611 1596 695 1681 quod
717 1596 857 1661 futurum
880 1598 952 1681 quia
976 1618 1039 1659 non
1062 1605 1118 1675 est,
1134 1619 1197 1661 non
1220 1608 1330 1678 movet,

226 1705 364 1790 sequitur
382 1707 491 1784 solum,
507 1707 640 1771 animam
660 1731 723 1772 nou
744 1710 852 1771 intueri
872 1707 1047 1772 immediate
1066 1708 1170 1772 futura
1190 1708 1252 1772 iam
1270 1711 1331 1773 exi·

225 1820 338 1881 stentia
359 1819 392 1881 in
413 1818 529 1903 seipsis,
550 1819 628 1883 sicut
648 1820 787 1883 intuetur
810 1820 989 1905 praesentia:
1013 1820 1152 1884 intuetur
1172 1829 1275 1885 tamen
1297 1845 1333 1887 ea

226 1939 261 1993 ut
277 1930 415 2015 quaedam
431 1930 647 2015 intelligibilia,
663 1932 695 1993 in
711 1931 810 1994 causis
826 1954 843 1994 a
858 1931 972 2016 quibus
987 1932 1134 2015 pendent.

225 2080 229 2086 ,
270 2041 363 2117 Quod
385 2063 477 2125 supra
498 2040 571 2121 dixi,
588 2064 709 2105 manere
732 2042 764 2104 in
787 2042 890 2106 anima
912 2042 1089 2105 memoriam
1115 2042 1331 2108 intellectivam

226 2162 358 2231 tantum,
376 2152 427 2217 dat
442 2152 543 2217 locum
563 2153 733 2237 quaestioni,
749 2162 855 2216 utrum
873 2152 976 2217 enims
990 2153 1147 2237 perditura
1162 2154 1202 2217 sit
1216 2177 1331 2219 memo-

224 2265 300 2327 riam
310 2287 433 2327 suarum
444 2266 597 2328 actionum
609 2264 775 2349 incorpore
785 2264 993 2343 exercitatum,
1006 2265 1182 2343 amicorum,
1189 2266 1330 2345 civitatis,

225 2385 256 2438 et
271 2376 366 2460 ipsius
387 2376 521 2461 corporis
535 2377 567 2439 in
583 2399 644 2461 quo
659 2376 729 2455 fuit,
744 2400 783 2439 an
806 2376 909 2459 potius
925 2375 1026 2460 aliqua
1042 2376 1149 2439 saltem
1170 2398 1206 2439 ex
1219 2376 1268 2439 bis
1286 2401 1330 2440 re-

225 2489 340 2552 cordari
364 2490 472 2574 possit.
519 2489 601 2552 Mihi
626 2488 748 2553 videtur
772 2487 1031 2574 respondendum,
1059 2489 1192 2552 animam
1215 2511 1331 2553 servare

225 2601 400 2663 memoriam
412 2600 649 2679 intellectualem
664 2599 805 2663 derebus
820 2601 911 2663 etiam
927 2599 1132 2678 sensibilibus,
1145 2622 1221 2684 quas
1236 2600 1329 2665 homo
1417 2607 1418 2610 ’

224 2735 278 2795 per
301 2711 489 2776 intellectum
510 2713 670 2796 cognovit:
693 2721 724 2775 et
746 2710 816 2775 ideo
838 2734 900 2775 non
922 2711 984 2775 dixi
1005 2710 1092 2796 perdi
1109 2715 1274 2776 memoriam
1296 2714 1331 2776 dc

224 2824 414 2902 suasibilibus,
438 2822 492 2886 sed
516 2823 602 2906 perdi
627 2825 794 2886 mosonium
819 2823 999 2886 sensibilem:
1023 2822 1124 2885 idest
1147 2845 1210 2886 non
1237 2822 1329 2888 deleri

225 2934 340 3018 species
361 2934 570 3018 intelligibiles
596 2957 613 2997 a
640 2933 835 3014 sensibilibus
857 2933 948 2997 rebus
974 2935 1146 3019 impressas,
1169 2934 1223 3019 sed
1244 2935 1331 3019 perdi

225 3045 456 3128 possibilitatem
472 3045 646 3129 attingendi
668 3045 823 3108 sensibilia
838 3067 892 3130 per
907 3055 1008 3109 actum
1026 3046 1080 3130 qui
1096 3045 1136 3109 sit
1156 3047 1328 3111 sensitivus.

224 3157 266 3220 Et
288 3156 363 3221 ratio
379 3166 437 3236 est,
452 3158 524 3241 quia
546 3157 660 3240 species
684 3156 891 3239 intelligibiles
914 3155 1037 3220 arebus
1053 3156 1248 3222 sensibilibus
1270 3158 1328 3221 im·

224 3291 334 3352 pressae
357 3290 420 3331 non
443 3267 579 3332 referunt
608 3267 787 3346 universale,
813 3266 869 3330 sed
898 3267 1052 3351 singulare
1082 3267 1327 3350 determinatum,

223 3403 318 3465 quum
335 3401 397 3443 non
409 3379 542 3443 referant
556 3378 615 3442 nisi
624 3379 785 3442 entitatem
800 3377 911 3442 obiecti
924 3380 1081 3443 moventis.
1127 3380 1210 3464 Ergo
1226 3381 1328 3445 anima

222 3498 359 3574 separata
383 3488 551 3553 revocando
575 3489 631 3552 has
655 3489 770 3572 species
798 3489 979 3572 recogitabit
1009 3489 1046 3553 de
1076 3490 1202 3554 obiectis
1228 3491 1326 3555 deter-

222 3601 346 3666 minatis
371 3612 402 3666 et
429 3602 644 3686 singularibus,
669 3610 762 3685 prout
791 3601 882 3680 volet,
907 3610 942 3664 ut
972 3601 1009 3664 de
1038 3602 1145 3682 amice,
1170 3603 1271 3683 domo,
1295 3614 1326 3668 et

221 3713 381 3778 similibus.
425 3714 493 3778 Erit
515 3723 617 3776 autem
641 3711 811 3776 differentia
832 3711 866 3774 in
887 3712 978 3775 modo
1000 3712 1173 3797 cogitandi3
1196 3738 1267 3779 nam
1290 3715 1323 3779 in

222 3836 304 3890 statu
326 3824 449 3889 unionis
474 3825 628 3908 cogitabat
653 3823 691 3887 de
712 3823 810 3886 amico
840 3845 894 3906 per
924 3823 1163 3908 complexionem
1194 3824 1325 3907 phanta-

185 3918 187 3921 .
221 3947 354 4002 smatum
368 3936 651 4022 repraesentantium
666 3943 825 4014 staturam,
838 3934 968 4013 vultum,
979 3957 1082 3998 vocem
1098 3945 1129 3998 et
1144 3935 1202 3998 alia
1216 3935 1326 4000 buius·

222 4049 314 4130 modi,
330 4059 361 4113 et
382 4071 438 4134 per
452 4047 689 4133 complexionem
706 4047 877 4132 specierum
898 4045 1139 4129 intelligibilium
1161 4069 1325 4130 repraesen.

222 4163 353 4225 tantium
375 4159 480 4224 eadem
504 4159 617 4236 omnia,
637 4167 668 4221 et
691 4157 749 4220 alia
768 4157 872 4236 etiam,
896 4155 1064 4219 secundum
1089 4155 1325 4222 determinatum

222 4271 351 4356 gradum
360 4271 497 4335 entitatis
506 4268 706 4352 intelligibilis
718 4293 725 4331 :
748 4268 781 4330 in
793 4275 877 4330 statu
886 4289 955 4330 vero
966 4266 1163 4349 separationis
1173 4289 1191 4328 a
1200 4289 1324 4352 corpore

221 4383 334 4467 cogitat
354 4383 391 4446 de
406 4381 503 4446 amico
518 4402 572 4464 per
587 4379 682 4443 solam
707 4378 819 4442 dictam
835 4377 1073 4462 complexionem
1095 4377 1261 4462 specierum
1277 4381 1325 4442 in-
