3200 4975
265 361 330 425 alo
663 377 706 421 ne
722 377 978 423 accrnnurlnus.
1226 355 1313 439 [cae.
1329 374 1367 416 ιι.

260 542 303 620 ,ἀι
324 542 498 609 substantia
523 540 674 627 spirituali
695 564 727 607 n.
748 543 802 621 30,
825 542 961 620 nonsit,
985 540 1091 606 saltem
1114 541 1146 605 in
1169 537 1369 623 simplicibus,

265 653 325 719 uiri
343 653 515 719 substantia
534 652 725 719 considerata
746 661 783 717 ut
799 652 872 717 dicit
890 651 1029 717 ordinem
1052 650 1091 717 ad
1113 649 1262 736 quosdam
1284 656 1370 713 actus

267 764 480 831 accidentales.

310 874 541 941 Adverteudum
558 884 661 939 tamen
677 883 734 954 est,
749 874 834 961 quod
849 874 875 938 si
890 874 982 939 alicui
1002 881 1120 939 naturae
1135 871 1277 937 existenti
1291 870 1324 935 in
1340 892 1372 933 se

267 986 452 1051 adimeretur
466 984 646 1071 simpliciter
659 988 737 1051 ratio
752 986 865 1051 carendi
880 988 912 1049 ἐπ
925 1008 966 1064 se,
977 984 1116 1049 faciendo
1127 983 1265 1048 videlicet
1279 980 1372 1046 talem

267 1105 409 1163 naturam
435 1097 600 1162 sustentari
624 1096 663 1161 ab
687 1097 789 1182 aliquo
812 1096 872 1162 alio
896 1096 993 1182 (quod
1016 1093 1287 1181 supernaturaliter
1307 1092 1372 1156 fieri

267 1217 380 1294 potest,
396 1217 431 1273 ut
446 1207 527 1273 inlra
543 1208 703 1293 dicemus),
724 1210 836 1293 periret
855 1209 933 1274 ratio
947 1208 1017 1274 talia
1038 1207 1226 1285 substantiae,
1242 1205 1372 1271 sednon

269 1320 347 1385 ratio
372 1319 442 1385 talis
466 1330 600 1385 naturae:
625 1328 736 1385 natura
760 1342 832 1386 vero
857 1319 1035 1385 huiusmodi
1057 1328 1177 1385 constat
1200 1318 1237 1383 iis
1263 1339 1330 1403 quae
1356 1339 1374 1379 a

268 1432 420 1519 theologis
443 1433 524 1499 dicta
545 1442 619 1497 sunt
640 1435 802 1497 reddentia
823 1435 973 1511 obaulutr;
996 1442 1090 1519 atque
1110 1433 1143 1497 in
1165 1432 1236 1497 talis
1257 1440 1375 1495 naturae

268 1545 444 1632 operatione
468 1553 522 1610 aut
544 1542 684 1630 passione
712 1545 868 1620 evidenter
889 1567 953 1610 non
978 1543 1140 1631 participat
1167 1542 1268 1627 aliqua
1297 1541 1374 1605 ratio

270 1657 467 1723 substautias:
491 1656 574 1721 unde
589 1656 621 1720 in
643 1657 700 1721 hoc
715 1678 787 1721 casu
807 1656 1031 1741 supernaturali
1050 1654 1128 1719 ratio
1152 1652 1329 1719 substantiae
1344 1660 1375 1717 et

269 1768 349 1835 ratio
363 1776 481 1833 naturae
495 1778 569 1833 sunt
585 1769 715 1833 maxime
730 1767 964 1853 distinguenda.
1012 1766 1072 1831 Sed
1088 1766 1125 1831 de
1140 1766 1198 1829 hoc
1212 1764 1348 1829 inferius.

313 1882 413 1945 Dices.
428 1879 518 1945 Actio
527 1888 573 1943 est
584 1890 670 1944 actus
680 1880 833 1945 secundus
842 1878 1112 1964 potentiaeactivae:
1128 1876 1214 1962 atqui
1222 1875 1376 1941 evidenter

271 1990 421 2056 transitus
442 1989 481 2055 ab
503 1998 573 2055 actu
588 1991 689 2075 primo
711 1991 752 2056 ed
773 1992 942 2057 secundum
958 2012 1021 2055 non
1041 1999 1087 2057 est
1102 1999 1189 2055 actus
1204 1988 1355 2053 secundus
1364 2014 1374 2065 ;

272 2122 346 2185 ergo
360 2100 440 2165 actio
454 2121 516 2165 nou
532 2110 579 2165 est
593 2103 744 2167 transitus
759 2103 797 2168 ab
812 2112 884 2168 actu
897 2103 997 2189 primo
1012 2101 1051 2166 ad
1066 2100 1247 2167 secundum.

316 2210 500 2295 Respondeo
528 2214 597 2277 diat.
622 2216 671 2277 M.
694 2215 773 2279 actio
795 2216 828 2279 in
850 2215 931 2284 facto
952 2236 1017 2279 esse
1040 2223 1086 2279 est
1108 2222 1195 2279 actus
1224 2210 1377 2277 secundus

272 2324 418 2409 potentiae
432 2324 537 2389 activa
551 2348 631 2389 roae.
642 2327 704 2405 M,
719 2327 799 2391 ectio
813 2327 846 2390 in
860 2326 928 2391 fieri
941 2348 1007 2410 nep.
1019 2326 1066 2389 M.
1083 2347 1161 2389 conc.
1177 2326 1248 2389 min.
1264 2332 1295 2387 et
1310 2345 1378 2387 corr·

273 2437 391 2502 trudist.
407 2458 485 2502 conr.
506 2436 546 2503 ad
568 2460 692 2502 sensum
715 2437 848 2504 maioris.
894 2438 998 2514 Quum
1022 2434 1108 2502 nulla
1130 2434 1209 2500 actio
1230 2433 1378 2500 habeatur

271 2551 304 2615 iu
324 2550 405 2614 laeto
426 2572 501 2629 esse,
524 2549 585 2614 uisi
607 2551 777 2616 secundum
799 2550 883 2636 quod
904 2550 1050 2636 recipitur
1066 2550 1100 2614 in
1114 2549 1216 2634 aliquo
1231 2547 1378 2625 subiecto,

271 2660 361 2740 actio,
377 2669 412 2724 ut
427 2669 474 2724 est
488 2660 526 2725 ab
542 2669 652 2744 agente
672 2662 860 2747 simpliciter,
880 2685 943 2728 non
959 2670 1060 2746 potest
1075 2683 1141 2726 esse
1155 2660 1234 2724 actio
1249 2660 1282 2724 in
1297 2659 1378 2724 lacto

271 2795 347 2850 esse,
362 2780 399 2835 ut
418 2771 543 2835 evidens
564 2782 622 2835 est.
665 2773 750 2857 Ergo
772 2773 851 2838 actio
873 2782 909 2836 ut
930 2781 976 2838 est
999 2773 1037 2837 ab
1059 2781 1169 2856 agente
1190 2780 1238 2835 est
1260 2770 1291 2834 in
1314 2769 1379 2835 fieri

271 2892 405 2964 tantum,
416 2892 446 2948 et
462 2884 534 2949 licet
549 2894 692 2949 connotet
706 2886 910 2970 receptionem
927 2885 974 2950 sui
988 2885 1022 2949 in
1037 2885 1180 2969 patiente,
1195 2905 1259 2948 non
1275 2892 1378 2948 tamen

272 2995 409 3060 continet
431 2995 602 3060 seeundum
624 3018 656 3060 se
676 2995 756 3060 hanc
778 2997 983 3081 receptionem
1007 2996 1083 3078 (haec
1105 2995 1188 3059 enim
1206 3003 1252 3059 est
1266 2993 1378 3080 passio,

273 3129 341 3192 quae
356 3106 469 3170 actioni
484 3106 663 3190 opponitur)
680 3116 711 3173 et
728 3117 776 3172 est
795 3109 913 3172 ratione
935 3116 966 3172 et
988 3116 1098 3171 natura
1118 3107 1203 3192 prior
1224 3107 1309 3170 omui
1331 3106 1379 3170 sui

272 3217 461 3302 receptione;
485 3240 557 3281 nam
570 3217 639 3281 ideo
654 3219 799 3303 recipitur
814 3219 848 3282 in
862 3241 961 3305 passo,
977 3218 1048 3303 quia
1062 3217 1199 3303 procedit
1215 3217 1253 3282 ab
1269 3224 1379 3302 agente

273 3328 306 3392 iu
329 3327 424 3403 illud;
446 3350 510 3392 uon
531 3350 601 3392 vero
623 3328 691 3392 ideo
713 3329 851 3414 procedit
873 3328 911 3393 ab
934 3338 1054 3413 agente,
1081 3328 1153 3413 quia
1178 3327 1325 3413 recipitur
1345 3327 1378 3392 iu

274 3462 374 3524 passo.
419 3439 524 3514 Quum
546 3462 620 3524 ergo
642 3440 721 3504 actio
741 3440 861 3504 dicatur
881 3440 919 3504 ab
935 3452 1055 3523 agente,
1071 3462 1132 3504 non
1148 3462 1166 3502 a
1180 3461 1280 3523 passo,
1295 3447 1380 3524 patet

274 3552 423 3616 actionem
446 3552 652 3635 accipiendam
674 3575 740 3616 esse
761 3575 826 3616 non
848 3575 903 3636 pro
926 3563 997 3616 actu
1018 3550 1161 3630 secundo,
1177 3551 1231 3615 sed
1245 3573 1301 3635 pro
1308 3551 1381 3636 fleri

274 3672 358 3728 actua
371 3664 505 3727 eemmdi:
529 3663 652 3728 sienim
667 3665 853 3748 acciperetur
872 3685 928 3748 pro
950 3672 1022 3728 actu
1044 3662 1187 3741 secundo,
1210 3662 1379 3727 contineret

274 3776 373 3860 ipsam
395 3797 515 3860 quoque
536 3775 719 3859 passionem.
764 3776 827 3840 Res
849 3784 953 3840 autem
974 3773 1091 3858 patebit
1113 3773 1214 3838 adhuc
1231 3775 1329 3857 magis
1344 3796 1381 3838 ex

274 3887 433 3972 opposito:
456 3909 528 3953 nam
543 3887 657 3972 aliquid
674 3887 787 3953 dicitur
794 3890 865 3972 pati
884 3886 1009 3972 quando
1029 3885 1136 3970 recipit
1150 3884 1332 3970 passionem,
1348 3884 1380 3948 id

274 4009 320 4064 est
341 4001 372 4062 r'u
383 3998 457 4080 fieres
476 4000 642 4082 parrionis:
665 3999 788 4084 quando
812 4006 915 4064 autem
941 3998 1042 4084 passio
1068 4006 1114 4062 est
1140 3997 1173 4062 in
1199 3997 1279 4061 facto
1304 4020 1380 4075 esse,

274 4133 301 4174 v.
325 4132 372 4193 gr.
395 4111 518 4195 quaudo
548 4110 684 4194 sigillum
706 4110 740 4174 in
762 4133 830 4176 cera
852 4119 899 4174 est
921 4111 1115 4194 impressum,
1139 4108 1199 4173 iam
1223 4107 1309 4172 nulla
1334 4116 1380 4172 est

273 4221 383 4305 passio,
399 4221 452 4284 sed
467 4230 587 4286 tantum
603 4222 743 4305 qualitas,
759 4232 795 4286 ut
816 4245 923 4286 omnes
946 4220 1154 4286 consentiunt.
1199 4219 1283 4304 Ergo
1298 4218 1379 4283 idem

273 4330 436 4401 dicendum
448 4341 494 4395 est
505 4333 543 4396 de
555 4356 658 4414 opere:
682 4333 798 4419 aliquid
814 4313 923 4418 nempe
939 4333 1012 4417 agit,
1025 4332 1149 4416 quando
1166 4331 1279 4396 emittit
1295 4330 1332 4394 de
1348 4353 1380 4394 se
