3200 4975
283 352 348 416 396
683 376 726 419 nr
741 375 994 421 sccrnnurmus.
1230 358 1315 442 [car.
1332 378 1393 421 ιιι.

282 536 398 603 tionem
422 546 544 605 tantum
564 539 606 604 ad
622 548 764 605 naturam
791 542 972 626 specificam,
993 563 1056 605 non
1076 540 1115 605 ad
1135 541 1330 625 singularem,
1347 542 1393 605 ita

282 647 373 713 etiam
390 649 546 734 quantitas
561 673 668 716 massas
678 660 725 717 cst
736 652 876 717 accidens
887 676 942 737 per
956 653 1211 737 comparationem
1225 652 1265 716 ad
1279 675 1391 737 corpus

283 767 320 824 ut
331 760 510 845 simpliciter
523 762 639 827 habens
650 785 792 843 mnsam,
804 786 867 828 non
879 772 980 828 autem
993 772 1029 829 ut
1040 763 1156 828 habeus
1167 786 1292 828 musam
1303 766 1389 829 iana.

283 870 366 935 Nam
387 871 500 936 habere
518 872 697 957 simpliciter
719 897 851 939 massam
876 875 1019 939 convenit
1042 874 1186 939 omnibus
1212 875 1389 959 corporibus

280 982 350 1047 idco
371 983 444 1067 quia
463 993 537 1049 sunt
555 984 588 1048 in
608 985 707 1070 specie
730 987 907 1071 compositi,
929 987 1084 1072 quantitas
1105 1008 1176 1051 vero
1195 987 1255 1051 isca
1269 986 1314 1051 vel
1335 988 1388 1050 illc

283 1116 390 1158 massae
404 1103 451 1159 cst
465 1095 660 1161 accidentalis
675 1098 857 1184 composito.

325 1206 379 1268 87.
407 1205 483 1271 Haee
511 1206 550 1271 de
578 1208 750 1293 quantitate
779 1208 941 1273 sufficiant.
995 1208 1042 1273 Ex
1071 1218 1137 1273 toto
1166 1208 1224 1273 hoc
1253 1218 1387 1274 tractatu

282 1314 428 1381 resultat:

326 1431 369 1491 1⁰.
392 1428 477 1492 Inter
497 1432 594 1494 onmia
616 1432 776 1495 accidentia
797 1431 890 1497 salam
905 1434 1074 1516 pusionem
1095 1434 1187 1516 recipi
1208 1434 1240 1496 in
1261 1434 1387 1497 mebiecto

275 1539 407 1622 physice,
422 1548 452 1603 et
466 1540 633 1626 modificare
641 1543 766 1626 physice
773 1544 948 1627 patientem.

324 1668 369 1730 2⁰.
392 1667 547 1732 Actionem
560 1691 619 1732 non
632 1692 693 1733 esse
707 1672 739 1732 in
752 1679 866 1753 aperte,
883 1672 937 1735 sed
952 1673 989 1735 ab
1009 1680 1124 1756 epente,
1140 1681 1169 1736 et
1184 1695 1242 1763 non
1260 1674 1319 1737 dici
1340 1675 1386 1735 in-

280 1779 444 1855 trimcccm,
459 1780 518 1843 nisi
531 1782 602 1863 quia
617 1788 661 1844 est
674 1782 711 1844 ab
726 1782 895 1845 intrinseca.

289 1900 295 1909 ’
324 1891 369 1954 3⁰.
393 1889 457 1953 Ubi
471 1898 501 1955 et
515 1891 637 1975 quando
651 1893 843 1957 cemdentalic
864 1916 923 1957 non
943 1916 1107 1958 maerores
1127 1896 1277 1959 realitates
1299 1897 1383 1972 entis,

279 1999 332 2063 sed
343 2023 433 2063 nouas
447 2002 690 2067 dersominationes
706 2005 799 2068 reales
818 2007 990 2069 intrinsecas
1012 2007 1049 2069 ab
1069 2008 1183 2070 actione
1204 2015 1233 2071 et
1246 2008 1385 2090 passione

279 2110 355 2173 reali
368 2112 541 2175 mcidentati
548 2114 711 2197 projectas.

323 2225 368 2285 4⁰.
391 2222 574 2287 Relationem
586 2226 694 2288 realem
715 2228 820 2290 tabere
838 2229 996 2292 subiectum
1010 2228 1045 2291 de
1060 2250 1116 2312 quo
1125 2228 1311 2311 predicetur,
1327 2250 1385 2291 non

280 2341 376 2396 autem
389 2336 548 2397 subiectam
562 2338 609 2399 eui
623 2338 782 2400 iniereat:
806 2345 835 2400 et
849 2360 908 2400 non
922 2360 982 2401 esse
996 2360 1099 2401 annam
1114 2339 1265 2401 entitatem
1279 2340 1383 2422 plausi·
1456 2420 1461 2427 Ι

279 2466 352 2525 cam,
366 2445 420 2509 sed
430 2447 524 2530 ι’]ιιαιη
537 2450 688 2512 entitatem
701 2450 749 2512 sui
754 2448 944 2532 fiendamenti
948 2449 1123 2531 formaliter
1136 2450 1254 2533 sumpti.

323 2558 367 2622 5⁰.
392 2558 686 2631 Qualitatemrealem
701 2559 906 2622 eamdentalem
913 2561 1073 2642 predicari
1086 2561 1120 2623 de
1134 2568 1242 2623 natura
1251 2559 1385 2643 spem'flcc

278 2669 333 2744 rei,
348 2690 408 2731 non
427 2678 524 2733 cutem
538 2671 573 2734 de
587 2679 695 2734 natura
708 2670 863 2753 sinpulmi,
878 2673 910 2732 iu
922 2693 980 2753 qua
994 2692 1053 2733 non
1067 2672 1171 2733 eristit
1192 2678 1226 2732 ut
1243 2671 1384 2749 caudens,

278 2778 331 2841 sed
341 2787 375 2842 ut
389 2783 617 2844 emutitutieum.
655 2779 746 2844 Unde
756 2779 928 2844 subiectum
940 2782 1115 2846 tutarentur
1126 2782 1191 2845 eius
1202 2790 1249 2845 est
1259 2784 1383 2846 materia

280 2890 450 2974 compositi,
477 2890 649 2954 subiectum
674 2913 744 2955 vero
762 2892 992 2974 predicationis,
1017 2914 1071 2955 seu
1093 2890 1311 2971 attributionis,
1338 2899 1384 2955 est

279 3009 387 3064 natura
402 3002 536 3086 specifica
551 3002 688 3066 eiusdem
703 3002 874 3087 compositi.

323 3113 358 3174 6ο
383 3113 585 3185 Quantitotem
599 3115 783 3178 dimensivam
797 3137 855 3177 non
870 3135 931 3177 esse
945 3114 1003 3176 nisi
1017 3113 1196 3197 compieuum
1210 3113 1384 3177 relationum

272 3231 451 3306 punctorum
466 3225 661 3288 materialium
678 3227 710 3287 in
728 3227 835 3308 spatio,
844 3247 902 3308 per
917 3247 990 3307 quas
1009 3225 1217 3288 determinatur
1235 3226 1385 3306 quantitas

278 3337 369 3419 spatii
391 3336 596 3419 percurribitis
624 3338 702 3399 inter
731 3337 868 3400 terminos
896 3335 999 3399 reales.
1056 3335 1257 3408 Quantitatem
1286 3344 1383 3399 autem

278 3468 388 3525 massa,
402 3449 479 3510 sicut
493 3447 602 3512 dietum
616 3455 660 3510 est
674 3449 763 3510 etiam
782 3447 817 3510 de
832 3446 984 3528 qualitate,
1002 3468 1060 3508 non
1074 3446 1232 3528 praedicari
1254 3447 1384 3509 camden·

279 3556 379 3620 taliter
388 3557 423 3620 dc
433 3579 553 3640 corpore
566 3559 720 3640 sinpuluri,
729 3559 782 3621 sed
790 3565 904 3621 tautum
919 3557 954 3620 ale
968 3565 1131 3639 carperent
1145 3566 1189 3621 est
1202 3557 1257 3620 sud
1270 3559 1385 3620 ratione

277 3667 412 3751 speufiec
438 3671 588 3752 compositi
610 3669 781 3732 materialis.
828 3667 972 3732 sednon
991 3676 1093 3751 potest
1113 3666 1172 3731 diei
1188 3667 1272 3751 quod
1286 3690 1382 3752 quan·

276 3779 349 3843 titas
364 3781 428 3845 haec
446 3781 593 3844 inhaereat
619 3779 710 3844 alicui
736 3779 884 3858 subiecto,
904 3788 940 3843 ut
963 3778 1094 3843 diximus
1110 3779 1147 3842 de
1162 3779 1328 3862 qualitate:
1351 3786 1382 3842 ct

276 3891 353 3955 ratio
376 3891 562 3976 disparitatis
584 3899 640 3971 est,
664 3890 736 3975 quia
758 3891 886 3974 qualitas
908 3899 951 3955 est
969 3892 1081 3974 prosim
1101 3891 1250 3974 sementis,
1282 3890 1381 3953 forma

276 4009 379 4064 autem
408 4001 521 4066 dicitnr
549 4001 695 4065 inhaerere
724 4002 875 4066 materiae:
899 4010 1005 4065 eontra
1027 4003 1179 4085 quantitas
1203 4009 1247 4065 est
1266 4001 1379 4084 madias

276 4113 447 4191 materialis,
468 4122 499 4177 et
522 4113 648 4177 materia
669 4135 732 4177 non
755 4111 848 4176 habet
871 4111 1052 4191 subiectum,
1075 4112 1129 4176 scd
1151 4120 1197 4176 est
1220 4113 1287 4196 ipsa
1309 4111 1381 4174 sub·

277 4221 390 4286 iactum
402 4222 541 4288 aliorum.
572 4224 664 4289 Unde
675 4224 830 4309 quantitas
845 4247 950 4288 massae
965 4223 1086 4288 nullum
1101 4224 1193 4288 habet
1209 4224 1380 4288 subiectum

278 4333 484 4413 inhaerentiae;
514 4336 567 4400 scd
602 4345 723 4400 tantum
761 4336 932 4400 subiectum
970 4338 1181 4416 attributionis,
1219 4336 1301 4420 qnod
1336 4343 1382 4398 est
