3200 4975
217 358 287 401 cnr.
307 336 376 420 nn]
611 358 654 402 1111
670 358 926 403 scornnurrsus
1260 338 1322 399 351

214 522 308 586 unius
323 543 387 585 non
403 529 449 585 est
465 544 531 585 esse
549 520 723 587 absolutum
739 523 885 602 alterius3
907 524 1076 589 formalitas
1090 524 1172 589 enim
1188 545 1250 588 non
1266 522 1323 587 erit

214 657 343 698 numero
365 634 481 712 eadem,
497 634 523 697 si
538 656 667 698 numero
690 635 835 700 distincte
849 637 912 700 sint
934 660 978 714 ea,
994 660 1125 722 qnorum
1148 646 1195 701 est
1210 636 1322 700 forma·

214 748 294 812 litas‘.
341 747 446 810 Potest
469 755 571 810 tamen
587 747 669 811 idem
691 770 820 812 numero
835 770 889 812 ens
905 748 1080 813 absolutum
1097 749 1173 814 duas
1188 747 1323 812 formali-

216 867 295 922 tates
321 857 433 922 habere
457 856 640 923 relationum
665 858 850 939 fundatiras,
878 868 913 924 ut
939 882 1035 944 quum
1063 882 1124 925 uua
1149 858 1324 944 explosione

216 978 343 1033 venator
365 968 475 1045 occidit
497 969 652 1033 hominem
676 980 706 1034 ct
723 971 859 1055 leporem
870 995 880 1049 3
903 970 975 1056 quia
991 994 1056 1035 esse
1078 970 1252 1034 absolutum
1273 992 1323 1032 ex-

216 1080 363 1165 plosionis
388 1080 465 1144 duos
487 1103 616 1145 numero
636 1081 797 1146 distinctos
819 1082 967 1147 terminos
990 1082 1123 1166 respicit,
1144 1090 1175 1145 et
1201 1079 1323 1165 utrique

216 1192 269 1256 dat
284 1214 349 1255 esse
364 1191 535 1257 relativum.
580 1192 610 1255 A
624 1192 742 1257 fortiori
756 1202 843 1277 pater
867 1194 920 1277 qui
935 1193 1027 1257 habet
1042 1193 1119 1257 duos
1140 1192 1217 1256 filios
1233 1191 1324 1255 habet

217 1303 293 1367 duas
308 1325 437 1367 numero
452 1303 663 1388 paternitates,
675 1327 771 1389 quum
787 1304 849 1368 duo
865 1306 926 1369 sint
941 1304 1007 1368 eius
1022 1313 1108 1369 actus
1124 1302 1301 1387 generativi.

259 1416 351 1479 Dices
380 1436 451 1478 cum
483 1415 647 1479 Goudinio.
707 1416 858 1480 Accidens
893 1415 1027 1479 desumit
1057 1438 1144 1479 suam
1173 1415 1323 1478 unitatem

215 1525 401 1590 numericam
416 1525 600 1591 asubiectoz
624 1527 677 1590 sed
693 1527 798 1590 relatio
810 1536 856 1591 est
872 1526 1010 1591 accidens
1023 1552 1032 1604 3
1056 1548 1130 1610 ergo
1145 1526 1322 1604 asubieeto,

219 1648 249 1701 et
265 1660 327 1700 non
342 1662 360 1702 a
375 1638 576 1703 fundamento
591 1639 700 1724 accipit
714 1640 865 1703 unitatem
880 1639 1078 1704 numericam.

261 1749 443 1833 Respondes
459 1752 529 1815 (list.
542 1752 591 1815 M.
607 1752 756 1830 accidens,
769 1752 853 1836 quod
868 1750 960 1815 habet
971 1774 1037 1815 esse
1052 1753 1084 1814 in
1094 1751 1222 1814 abiecto
1232 1758 1324 1814 trans.

217 1861 274 1940 M,
290 1861 373 1944 quod
397 1861 488 1925 habet
510 1884 571 1925 esse
591 1863 634 1925 nd
653 1871 776 1926 tantum
798 1886 829 1926 n.
845 1864 895 1926 M.
911 1872 942 1926 et
964 1863 1097 1926 contrad.
1113 1864 1182 1925 min.
1199 1884 1230 1926 n.
1245 1885 1323 1926 coras.

221 1972 315 2036 Putat
336 1972 521 2052 Goudinius,
539 1973 717 2038 relationem
740 1997 806 2038 esse
826 1974 1020 2038 entitatulam
1041 1973 1152 2037 realem
1174 1982 1325 2057 receptam

221 2082 254 2144 in
270 2081 416 2160 subiecto,
432 2083 516 2166 quod
531 2106 623 2168 supra
637 2086 825 2168 negavimus,
842 2085 913 2170 quia
935 2095 1022 2148 secus
1037 2084 1247 2147 destrueretur
1261 2084 1326 2168 ipsa

221 2194 376 2258 relationis
392 2195 537 2259 definitio.
582 2196 666 2260 Illud
686 2187 799 2275 autem,
816 2197 898 2281 quod
914 2196 1006 2280 vulgo
1027 2196 1139 2260 dicitur
1154 2195 1325 2260 subiectum

220 2305 384 2386 relationis,
401 2329 462 2369 non
483 2316 530 2371 est
550 2307 583 2372 id
604 2310 635 2371 in
655 2331 712 2392 quo
731 2310 882 2392 recepitur,
898 2307 951 2370 sed
973 2306 1003 2370 id
1027 2307 1062 2371 de
1077 2329 1134 2390 qno
1148 2308 1327 2391 predicatur

218 2416 344 2500 relatio:
378 2426 409 2481 et
438 2441 543 2483 verum
574 2418 746 2484 subiectum
775 2418 858 2483 illius
890 2417 1094 2497 formalitatis,
1124 2441 1185 2504 qua
1214 2421 1326 2483 entitas

219 2528 374 2593 relationis
396 2531 581 2609 continetur,
596 2541 643 2594 est
669 2531 781 2595 entitas
804 2531 944 2596 absoluta
965 2531 1170 2595 fundamenti.
1217 2533 1267 2596 Sic
1293 2533 1325 2596 in

218 2640 364 2704 relatione
378 2642 581 2724 paternitatis,
593 2650 681 2706 actus
695 2642 859 2707 materialia
873 2652 920 2706 est
935 2643 967 2706 id
982 2664 1044 2726 quo
1058 2652 1145 2727 pater
1159 2642 1326 2708 formaliter

220 2760 267 2814 est
282 2753 496 2834 generativus3
520 2753 558 2816 de
572 2753 696 2817 homine
710 2753 792 2816 enim
808 2775 871 2818 non
886 2754 1067 2838 praedicatur
1082 2755 1165 2839 quod
1180 2755 1219 2818 sit
1235 2777 1326 2838 gene·

220 2861 346 2941 rativus,
360 2862 421 2925 nisi
435 2863 553 2926 ratione
571 2864 641 2926 talis
655 2877 742 2928 aetus
751 2891 761 2942 3
783 2864 867 2929 unde
885 2865 1053 2929 formalitas
1074 2865 1264 2949 paternitatis
1279 2875 1325 2929 est

220 2971 355 3055 proxime
370 2973 403 3036 in
418 2981 489 3037 actu
509 2975 693 3058 generatim,
710 2975 740 3039 id
756 2985 803 3038 est
825 2975 857 3038 in
872 2975 940 3060 ipso
955 2976 1104 3041 materiali
1124 2975 1326 3041 fundamento

220 3083 387 3148 relationis.
433 3084 525 3161 Quod
539 3095 641 3149 autem
657 3085 707 3150 hic
718 3097 806 3151 actus
822 3088 860 3150 sit
877 3109 958 3151 unus
973 3095 1069 3168 actus,
1084 3087 1157 3171 quia
1171 3100 1217 3152 est
1232 3089 1326 3153 unius

221 3194 363 3275 hominis,
380 3204 433 3259 aut
449 3197 488 3261 ob
503 3197 593 3261 aliam
612 3198 770 3277 rationem,
786 3198 865 3262 nihil
879 3199 970 3262 refert
979 3225 988 3277 3
1012 3198 1227 3284 undecumque
1242 3201 1324 3264 enim

220 3307 260 3370 sit
290 3330 382 3386 unus,
412 3318 458 3371 est
483 3331 582 3373 unus:
614 3319 646 3373 et
675 3310 733 3374 hoc
765 3310 877 3374 sufficit
912 3311 951 3374 ad
980 3311 1130 3376 unitatem
1160 3311 1326 3376 relationis.

218 3419 384 3482 Transmisi
411 3428 515 3484 tamen
540 3429 660 3505 partem
683 3421 817 3502 maioris,
841 3423 912 3506 quia
941 3422 1036 3487 trahit
1061 3423 1101 3487 ad
1126 3425 1324 3508 quaestionem

218 3533 389 3614 generalem
405 3532 443 3596 de
457 3532 607 3618 principio
621 3533 883 3614 individuationis,
895 3557 963 3619 quae
978 3557 1041 3599 non
1057 3545 1103 3600 est
1118 3536 1210 3602 huius
1225 3538 1294 3602 loci.

262 3647 314 3706 55.
339 3643 495 3719 Quaeritur
522 3644 661 3729 septimo,
684 3668 723 3708 nn
748 3646 789 3708 od
810 3647 969 3726 ludendam
992 3648 1161 3711 relationem
1180 3651 1325 3732 predico-

220 3756 373 3818 mentnlem
388 3758 524 3840 eniputnr
538 3757 664 3820 actualis
678 3759 835 3821 enistentiu
851 3761 978 3822 termini.
1344 3833 1346 3836 ¹

263 3866 445 3950 Respondeo
468 3868 609 3952 negative
638 3890 693 3952 pro
718 3868 919 3933 relationibus
945 3869 1126 3949 intrinsecis,
1150 3871 1327 3936 affirmative

218 4000 274 4062 pro
297 3978 482 4043 extrinsecis.
526 3980 568 4042 Et
590 3980 691 4064 quoad
706 3981 837 4064 primam
860 3991 978 4066 partem
1002 3987 1035 4046 1⁰
1050 3992 1170 4047 constat
1190 4007 1225 4048 ex
1247 4007 1324 4069 prae-

219 4089 319 4168 dictis,
343 4098 419 4154 tunc
443 4089 548 4153 haberi
573 4099 644 4155 actu
670 4092 858 4172 relationem,
884 4115 979 4177 quum
1005 4094 1135 4159 habetur
1164 4105 1236 4159 actu
1260 4097 1325 4160 eius

221 4201 458 4265 fundamentum
473 4201 506 4263 in
521 4202 637 4265 ratione
653 4201 829 4266 fundantis:
853 4204 939 4288 atqui
954 4204 993 4268 ad
1012 4204 1070 4270 hoc
1085 4228 1147 4270 non
1163 4209 1328 4292 requiritur

221 4312 347 4376 actualis
372 4313 533 4377 existentia
558 4314 700 4392 termini3
731 4336 815 4396 ergo.
861 4314 967 4378 Minor
991 4316 1157 4400 probatur:
1187 4341 1258 4383 nam
1289 4321 1327 4384 ad
