<?xml version="1.0" encoding="UTF-8"?>
<!DOCTYPE html PUBLIC "-//W3C//DTD XHTML 1.0 Transitional//EN"
    "http://www.w3.org/TR/xhtml1/DTD/xhtml1-transitional.dtd">
<html xmlns="http://www.w3.org/1999/xhtml" xml:lang="en" lang="en">
 <head>
  <title>
</title>
<meta http-equiv="Content-Type" content="text/html;charset=utf-8" />
  <meta name='ocr-system' content='tesseract 3.04.00' />
  <meta name='ocr-capabilities' content='ocr_page ocr_carea ocr_par ocr_line ocrx_word'/>
</head>
<body>
  <div class='ocr_page' id='page_1' title='image "./realisphilosoph02baymgoog_0023.png"; bbox 0 0 3200 4975; ppageno 0'>
   <div class='ocr_carea' id='block_1_1' title="bbox 225 362 1327 445">
    <p class='ocr_par' dir='ltr' id='par_1_1' title="bbox 225 362 1327 445">
     <span class='ocr_line' id='line_1_1' title="bbox 225 362 1327 445; baseline 0.004 -21"><span class='ocrx_word' id='word_1_1' title='bbox 225 381 296 424; x_wconf 76' lang='lat' dir='ltr'>car.</span> <span class='ocrx_word' id='word_1_2' title='bbox 314 362 352 445; x_wconf 91' lang='lat'>1.]</span> <span class='ocrx_word' id='word_1_3' title='bbox 542 384 583 425; x_wconf 85' lang='lat' dir='ltr'>nn</span> <span class='ocrx_word' id='word_1_4' title='bbox 601 384 807 427; x_wconf 72' lang='lat' dir='ltr'>scnsrarvrra</span> <span class='ocrx_word' id='word_1_5' title='bbox 824 384 1028 427; x_wconf 76' lang='lat' dir='ltr'>srmrraam.</span> <span class='ocrx_word' id='word_1_6' title='bbox 1306 368 1327 428; x_wconf 84' lang='lat'>9</span> 
     </span>
    </p>
   </div>
   <div class='ocr_carea' id='block_1_2' title="bbox 223 546 1326 1078">
    <p class='ocr_par' dir='ltr' id='par_1_2' title="bbox 223 546 1326 1078">
     <span class='ocr_line' id='line_1_2' title="bbox 224 546 1326 634; baseline 0.002 -25"><span class='ocrx_word' id='word_1_7' title='bbox 224 555 254 609; x_wconf 93' lang='lat' dir='ltr'>et</span> <span class='ocrx_word' id='word_1_8' title='bbox 270 546 334 610; x_wconf 90' lang='lat' dir='ltr'>sine</span> <span class='ocrx_word' id='word_1_9' title='bbox 350 569 411 632; x_wconf 92' lang='lat' dir='ltr'>quo</span> <span class='ocrx_word' id='word_1_10' title='bbox 426 547 504 611; x_wconf 89' lang='lat' dir='ltr'>nihil</span> <span class='ocrx_word' id='word_1_11' title='bbox 519 547 592 612; x_wconf 92' lang='lat' dir='ltr'>boni</span> <span class='ocrx_word' id='word_1_12' title='bbox 606 548 706 613; x_wconf 90' lang='lat' dir='ltr'>babet.</span> <span class='ocrx_word' id='word_1_13' title='bbox 753 550 837 633; x_wconf 82' lang='lat' dir='ltr'>Ilrga</span> <span class='ocrx_word' id='word_1_14' title='bbox 853 551 970 634; x_wconf 88' lang='lat' dir='ltr'>primus</span> <span class='ocrx_word' id='word_1_15' title='bbox 985 559 1071 613; x_wconf 91' lang='lat' dir='ltr'>actus</span> <span class='ocrx_word' id='word_1_16' title='bbox 1086 549 1197 611; x_wconf 91' lang='lat' dir='ltr'>amaris</span> <span class='ocrx_word' id='word_1_17' title='bbox 1211 558 1257 612; x_wconf 89' lang='lat' dir='ltr'>est</span> <span class='ocrx_word' id='word_1_18' title='bbox 1273 550 1326 633; x_wconf 92' lang='lat' dir='ltr'>qai</span> 
     </span>
     <span class='ocr_line' id='line_1_3' title="bbox 223 660 1325 746; baseline 0.004 -25"><span class='ocrx_word' id='word_1_19' title='bbox 223 660 406 722; x_wconf 87' lang='lat' dir='ltr'>terminatur</span> <span class='ocrx_word' id='word_1_20' title='bbox 427 662 594 724; x_wconf 78' lang='lat' dir='ltr'>necessaria</span> <span class='ocrx_word' id='word_1_21' title='bbox 614 661 652 723; x_wconf 87' lang='lat' dir='ltr'>ad</span> <span class='ocrx_word' id='word_1_22' title='bbox 669 684 757 725; x_wconf 91' lang='lat' dir='ltr'>suum</span> <span class='ocrx_word' id='word_1_23' title='bbox 774 662 932 746; x_wconf 89' lang='lat' dir='ltr'>proprium</span> <span class='ocrx_word' id='word_1_24' title='bbox 948 683 1023 739; x_wconf 87' lang='lat' dir='ltr'>esse,</span> <span class='ocrx_word' id='word_1_25' title='bbox 1039 660 1207 744; x_wconf 89' lang='lat' dir='ltr'>etquidem</span> <span class='ocrx_word' id='word_1_26' title='bbox 1223 682 1325 725; x_wconf 86' lang='lat' dir='ltr'>necea·</span> 
     </span>
     <span class='ocr_line' id='line_1_4' title="bbox 224 768 1325 856; baseline 0.004 -25"><span class='ocrx_word' id='word_1_27' title='bbox 224 768 314 832; x_wconf 89' lang='lat' dir='ltr'>sitate</span> <span class='ocrx_word' id='word_1_28' title='bbox 335 770 498 835; x_wconf 71' lang='lat' dir='ltr'><strong>essentiali.</strong></span> <span class='ocrx_word' id='word_1_29' title='bbox 543 770 584 834; x_wconf 81' lang='lat' dir='ltr'>Et</span> <span class='ocrx_word' id='word_1_30' title='bbox 608 773 708 835; x_wconf 91' lang='lat' dir='ltr'>minor</span> <span class='ocrx_word' id='word_1_31' title='bbox 728 781 833 856; x_wconf 81' lang='lat' dir='ltr'>patet3</span> <span class='ocrx_word' id='word_1_32' title='bbox 864 795 934 835; x_wconf 90' lang='lat' dir='ltr'>nam</span> <span class='ocrx_word' id='word_1_33' title='bbox 957 771 1132 835; x_wconf 89' lang='lat' dir='ltr'>intellectas</span> <span class='ocrx_word' id='word_1_34' title='bbox 1157 773 1325 835; x_wconf 88' lang='lat' dir='ltr'>necessario</span> 
     </span>
     <span class='ocr_line' id='line_1_5' title="bbox 224 882 1325 967; baseline 0.004 -24"><span class='ocrx_word' id='word_1_35' title='bbox 224 890 305 943; x_wconf 88' lang='lat' dir='ltr'>amat</span> <span class='ocrx_word' id='word_1_36' title='bbox 328 904 419 944; x_wconf 91' lang='lat' dir='ltr'>suum</span> <span class='ocrx_word' id='word_1_37' title='bbox 441 882 621 967; x_wconf 89' lang='lat' dir='ltr'>intelligere,</span> <span class='ocrx_word' id='word_1_38' title='bbox 637 883 721 967; x_wconf 92' lang='lat' dir='ltr'>quod</span> <span class='ocrx_word' id='word_1_39' title='bbox 743 882 787 946; x_wconf 92' lang='lat' dir='ltr'>illi</span> <span class='ocrx_word' id='word_1_40' title='bbox 810 893 856 946; x_wconf 89' lang='lat' dir='ltr'>est</span> <span class='ocrx_word' id='word_1_41' title='bbox 879 882 1056 960; x_wconf 84' lang='lat' dir='ltr'>essentiale;</span> <span class='ocrx_word' id='word_1_42' title='bbox 1079 893 1110 946; x_wconf 93' lang='lat' dir='ltr'>et</span> <span class='ocrx_word' id='word_1_43' title='bbox 1130 884 1173 947; x_wconf 90' lang='lat' dir='ltr'>sic</span> <span class='ocrx_word' id='word_1_44' title='bbox 1191 883 1325 967; x_wconf 88' lang='lat' dir='ltr'>primum</span> 
     </span>
     <span class='ocr_line' id='line_1_6' title="bbox 223 991 1326 1078; baseline 0.004 -24"><span class='ocrx_word' id='word_1_45' title='bbox 223 991 416 1075; x_wconf 81' lang='lat' dir='ltr'>intelligibile</span> <span class='ocrx_word' id='word_1_46' title='bbox 431 993 619 1057; x_wconf 89' lang='lat' dir='ltr'>intellectum</span> <span class='ocrx_word' id='word_1_47' title='bbox 635 1002 681 1057; x_wconf 89' lang='lat' dir='ltr'>cst</span> <span class='ocrx_word' id='word_1_48' title='bbox 696 994 830 1076; x_wconf 90' lang='lat' dir='ltr'>primum</span> <span class='ocrx_word' id='word_1_49' title='bbox 846 993 974 1057; x_wconf 83' lang='lat' dir='ltr'>amabile</span> <span class='ocrx_word' id='word_1_50' title='bbox 988 994 1028 1056; x_wconf 90' lang='lat' dir='ltr'>ad</span> <span class='ocrx_word' id='word_1_51' title='bbox 1043 994 1126 1078; x_wconf 90' lang='lat' dir='ltr'>quad</span> <span class='ocrx_word' id='word_1_52' title='bbox 1143 994 1326 1059; x_wconf 90' lang='lat' dir='ltr'>terminatur</span> 
     </span>
    </p>
   </div>
   <div class='ocr_carea' id='block_1_3' title="bbox 222 1096 1325 1190">
    <p class='ocr_par' dir='ltr' id='par_1_3' title="bbox 222 1096 1325 1190">
     <span class='ocr_line' id='line_1_7' title="bbox 222 1096 1325 1190; baseline 0.004 -24"><span class='ocrx_word' id='word_1_53' title='bbox 222 1127 307 1167; x_wconf 90' lang='lat' dir='ltr'>amor</span> <span class='ocrx_word' id='word_1_54' title='bbox 321 1104 531 1188; x_wconf 88' lang='lat' dir='ltr'>intelligentis.</span> <span class='ocrx_word' id='word_1_55' title='bbox 578 1106 658 1169; x_wconf 90' lang='lat' dir='ltr'>Nam</span> <span class='ocrx_word' id='word_1_56' title='bbox 674 1106 809 1190; x_wconf 89' lang='lat' dir='ltr'>primum</span> <span class='ocrx_word' id='word_1_57' title='bbox 824 1096 1018 1188; x_wconf 84' lang='lat' dir='ltr'>intelligibile</span> <span class='ocrx_word' id='word_1_58' title='bbox 1032 1104 1221 1170; x_wconf 91' lang='lat' dir='ltr'>intellectum</span> <span class='ocrx_word' id='word_1_59' title='bbox 1234 1108 1325 1171; x_wconf 89' lang='lat' dir='ltr'>estid</span> 
     </span>
    </p>
   </div>
   <div class='ocr_carea' id='block_1_4' title="bbox 149 1217 1324 4424">
    <p class='ocr_par' dir='ltr' id='par_1_4' title="bbox 223 1217 1024 1301">
     <span class='ocr_line' id='line_1_8' title="bbox 223 1217 1024 1301; baseline 0 -21"><span class='ocrx_word' id='word_1_60' title='bbox 223 1239 283 1300; x_wconf 91' lang='lat' dir='ltr'>qua</span> <span class='ocrx_word' id='word_1_61' title='bbox 299 1218 496 1281; x_wconf 83' lang='lat' dir='ltr'>constituitur</span> <span class='ocrx_word' id='word_1_62' title='bbox 511 1219 644 1301; x_wconf 88' lang='lat' dir='ltr'>primum</span> <span class='ocrx_word' id='word_1_63' title='bbox 660 1217 830 1301; x_wconf 88' lang='lat' dir='ltr'>intelligere</span> <span class='ocrx_word' id='word_1_64' title='bbox 844 1217 1024 1281; x_wconf 84' lang='lat' dir='ltr'>intellectus.</span> 
     </span>
    </p>

    <p class='ocr_par' dir='ltr' id='par_1_5' title="bbox 222 1329 1324 1617">
     <span class='ocr_line' id='line_1_9' title="bbox 266 1329 1324 1414; baseline 0.003 -22"><span class='ocrx_word' id='word_1_65' title='bbox 266 1332 296 1392; x_wconf 84' lang='lat'>8.</span> <span class='ocrx_word' id='word_1_66' title='bbox 321 1329 477 1405; x_wconf 74' lang='lat' dir='ltr'>Quaeritur</span> <span class='ocrx_word' id='word_1_67' title='bbox 498 1331 616 1414; x_wconf 89' lang='lat' dir='ltr'>quinto,</span> <span class='ocrx_word' id='word_1_68' title='bbox 639 1339 737 1393; x_wconf 86' lang='lat' dir='ltr'>atrum</span> <span class='ocrx_word' id='word_1_69' title='bbox 760 1340 853 1409; x_wconf 84' lang='lat' dir='ltr'>aetas,</span> <span class='ocrx_word' id='word_1_70' title='bbox 872 1352 929 1413; x_wconf 84' lang='lat' dir='ltr'>qao</span> <span class='ocrx_word' id='word_1_71' title='bbox 953 1330 1116 1413; x_wconf 64' lang='lat' dir='ltr'>intelligens</span> <span class='ocrx_word' id='word_1_72' title='bbox 1137 1339 1217 1393; x_wconf 88' lang='lat' dir='ltr'>amat</span> <span class='ocrx_word' id='word_1_73' title='bbox 1238 1352 1324 1395; x_wconf 81' lang='lat' dir='ltr'>auam</span> 
     </span>
     <span class='ocr_line' id='line_1_10' title="bbox 222 1442 1323 1525; baseline 0.004 -22"><span class='ocrx_word' id='word_1_74' title='bbox 222 1462 282 1503; x_wconf 87' lang='lat' dir='ltr'>esse</span> <span class='ocrx_word' id='word_1_75' title='bbox 306 1442 364 1504; x_wconf 83' lang='lat' dir='ltr'>eibi</span> <span class='ocrx_word' id='word_1_76' title='bbox 386 1444 543 1525; x_wconf 77' lang='lat' dir='ltr'>eopaitam,</span> <span class='ocrx_word' id='word_1_77' title='bbox 564 1444 605 1506; x_wconf 84' lang='lat' dir='ltr'>sit</span> <span class='ocrx_word' id='word_1_78' title='bbox 630 1444 848 1506; x_wconf 67' lang='lat' dir='ltr'>caetitatiaam</span> <span class='ocrx_word' id='word_1_79' title='bbox 870 1442 1022 1505; x_wconf 78' lang='lat' dir='ltr'>essentiale</span> <span class='ocrx_word' id='word_1_80' title='bbox 1044 1442 1213 1505; x_wconf 69' lang='lat' dir='ltr'>abstantia</span> <span class='ocrx_word' id='word_1_81' title='bbox 1238 1444 1323 1507; x_wconf 84' lang='lat' dir='ltr'>intel-</span> 
     </span>
     <span class='ocr_line' id='line_1_11' title="bbox 223 1553 340 1617; baseline 0.017 -2"><span class='ocrx_word' id='word_1_82' title='bbox 223 1553 340 1617; x_wconf 79' lang='lat' dir='ltr'>lectiae.</span> 
     </span>
    </p>

    <p class='ocr_par' dir='ltr' id='par_1_6' title="bbox 149 1662 1323 3308">
     <span class='ocr_line' id='line_1_12' title="bbox 267 1662 1323 1749; baseline 0.004 -22"><span class='ocrx_word' id='word_1_83' title='bbox 267 1662 449 1749; x_wconf 89' lang='lat' dir='ltr'>Respondeo</span> <span class='ocrx_word' id='word_1_84' title='bbox 469 1666 655 1729; x_wconf 88' lang='lat' dir='ltr'>affirmative.</span> <span class='ocrx_word' id='word_1_85' title='bbox 700 1666 741 1728; x_wconf 87' lang='lat' dir='ltr'>Ilt</span> <span class='ocrx_word' id='word_1_86' title='bbox 761 1664 907 1749; x_wconf 90' lang='lat' dir='ltr'>probatur</span> <span class='ocrx_word' id='word_1_87' title='bbox 928 1664 1025 1729; x_wconf 85' lang='lat' dir='ltr'>facile.</span> <span class='ocrx_word' id='word_1_88' title='bbox 1071 1666 1152 1729; x_wconf 91' lang='lat' dir='ltr'>Nam</span> <span class='ocrx_word' id='word_1_89' title='bbox 1173 1665 1223 1729; x_wconf 92' lang='lat' dir='ltr'>ille</span> <span class='ocrx_word' id='word_1_90' title='bbox 1238 1676 1323 1731; x_wconf 88' lang='lat' dir='ltr'>aetus</span> 
     </span>
     <span class='ocr_line' id='line_1_13' title="bbox 221 1776 1323 1866; baseline 0.003 -28"><span class='ocrx_word' id='word_1_91' title='bbox 221 1776 340 1839; x_wconf 81' lang='lat' dir='ltr'>realiter</span> <span class='ocrx_word' id='word_1_92' title='bbox 356 1777 560 1842; x_wconf 89' lang='lat' dir='ltr'>identificatur</span> <span class='ocrx_word' id='word_1_93' title='bbox 575 1799 645 1841; x_wconf 90' lang='lat' dir='ltr'>aum</span> <span class='ocrx_word' id='word_1_94' title='bbox 661 1778 727 1861; x_wconf 89' lang='lat' dir='ltr'>ipsa</span> <span class='ocrx_word' id='word_1_95' title='bbox 742 1786 813 1866; x_wconf 80' lang='lat' dir='ltr'>actp</span> <span class='ocrx_word' id='word_1_96' title='bbox 828 1777 1011 1841; x_wconf 81' lang='lat' dir='ltr'>intellectiva</span> <span class='ocrx_word' id='word_1_97' title='bbox 1022 1777 1185 1856; x_wconf 85' lang='lat' dir='ltr'>essentiali,</span> <span class='ocrx_word' id='word_1_98' title='bbox 1198 1779 1323 1841; x_wconf 85' lang='lat' dir='ltr'>neaniai</span> 
     </span>
     <span class='ocr_line' id='line_1_14' title="bbox 220 1886 1321 1972; baseline 0.004 -24"><span class='ocrx_word' id='word_1_99' title='bbox 220 1886 389 1951; x_wconf 88' lang='lat' dir='ltr'>virtualiter</span> <span class='ocrx_word' id='word_1_100' title='bbox 408 1888 446 1952; x_wconf 90' lang='lat' dir='ltr'>ab</span> <span class='ocrx_word' id='word_1_101' title='bbox 466 1911 502 1952; x_wconf 92' lang='lat' dir='ltr'>eo</span> <span class='ocrx_word' id='word_1_102' title='bbox 525 1888 736 1972; x_wconf 82' lang='lat' dir='ltr'>distinguitur.</span> <span class='ocrx_word' id='word_1_103' title='bbox 782 1888 865 1950; x_wconf 89' lang='lat' dir='ltr'>Nam</span> <span class='ocrx_word' id='word_1_104' title='bbox 880 1897 965 1952; x_wconf 88' lang='lat' dir='ltr'>actus</span> <span class='ocrx_word' id='word_1_105' title='bbox 980 1887 1112 1967; x_wconf 90' lang='lat' dir='ltr'>amandi,</span> <span class='ocrx_word' id='word_1_106' title='bbox 1128 1897 1159 1951; x_wconf 91' lang='lat' dir='ltr'>et</span> <span class='ocrx_word' id='word_1_107' title='bbox 1174 1897 1260 1951; x_wconf 89' lang='lat' dir='ltr'>aetus</span> <span class='ocrx_word' id='word_1_108' title='bbox 1276 1889 1321 1953; x_wconf 91' lang='lat' dir='ltr'>in·</span> 
     </span>
     <span class='ocr_line' id='line_1_15' title="bbox 222 1997 1322 2083; baseline 0.002 -23"><span class='ocrx_word' id='word_1_109' title='bbox 222 1997 389 2081; x_wconf 86' lang='lat' dir='ltr'>telligendi,</span> <span class='ocrx_word' id='word_1_110' title='bbox 406 2021 502 2082; x_wconf 92' lang='lat' dir='ltr'>quum</span> <span class='ocrx_word' id='word_1_111' title='bbox 518 1998 683 2083; x_wconf 85' lang='lat' dir='ltr'>procedant</span> <span class='ocrx_word' id='word_1_112' title='bbox 699 1997 736 2061; x_wconf 88' lang='lat' dir='ltr'>ab</span> <span class='ocrx_word' id='word_1_113' title='bbox 752 1997 858 2061; x_wconf 93' lang='lat' dir='ltr'>eadem</span> <span class='ocrx_word' id='word_1_114' title='bbox 874 1998 1022 2082; x_wconf 91' lang='lat' dir='ltr'>principio</span> <span class='ocrx_word' id='word_1_115' title='bbox 1040 1999 1125 2080; x_wconf 87' lang='lat' dir='ltr'>(sunt</span> <span class='ocrx_word' id='word_1_116' title='bbox 1140 1999 1223 2061; x_wconf 90' lang='lat' dir='ltr'>enim</span> <span class='ocrx_word' id='word_1_117' title='bbox 1243 1998 1322 2062; x_wconf 89' lang='lat' dir='ltr'>eius-</span> 
     </span>
     <span class='ocr_line' id='line_1_16' title="bbox 222 2109 1321 2195; baseline 0.002 -23"><span class='ocrx_word' id='word_1_118' title='bbox 222 2109 291 2173; x_wconf 88' lang='lat' dir='ltr'>dem</span> <span class='ocrx_word' id='word_1_119' title='bbox 314 2112 405 2195; x_wconf 89' lang='lat' dir='ltr'>entis)</span> <span class='ocrx_word' id='word_1_120' title='bbox 425 2113 457 2175; x_wconf 87' lang='lat' dir='ltr'>in</span> <span class='ocrx_word' id='word_1_121' title='bbox 481 2111 538 2175; x_wconf 89' lang='lat' dir='ltr'>hoc</span> <span class='ocrx_word' id='word_1_122' title='bbox 561 2111 661 2175; x_wconf 92' lang='lat' dir='ltr'>solum</span> <span class='ocrx_word' id='word_1_123' title='bbox 684 2110 840 2189; x_wconf 86' lang='lat' dir='ltr'>differunt,</span> <span class='ocrx_word' id='word_1_124' title='bbox 856 2110 938 2194; x_wconf 93' lang='lat' dir='ltr'>quod</span> <span class='ocrx_word' id='word_1_125' title='bbox 953 2120 1039 2173; x_wconf 90' lang='lat' dir='ltr'>aetus</span> <span class='ocrx_word' id='word_1_126' title='bbox 1056 2109 1245 2193; x_wconf 88' lang='lat' dir='ltr'>intelligendi</span> <span class='ocrx_word' id='word_1_127' title='bbox 1261 2121 1321 2174; x_wconf 89' lang='lat' dir='ltr'>ter-</span> 
     </span>
     <span class='ocr_line' id='line_1_17' title="bbox 220 2222 1321 2308; baseline 0.001 -22"><span class='ocrx_word' id='word_1_128' title='bbox 220 2223 355 2287; x_wconf 90' lang='lat' dir='ltr'>minetur</span> <span class='ocrx_word' id='word_1_129' title='bbox 379 2224 418 2287; x_wconf 89' lang='lat' dir='ltr'>ad</span> <span class='ocrx_word' id='word_1_130' title='bbox 444 2224 577 2308; x_wconf 91' lang='lat' dir='ltr'>seipsum</span> <span class='ocrx_word' id='word_1_131' title='bbox 602 2233 638 2287; x_wconf 92' lang='lat' dir='ltr'>ut</span> <span class='ocrx_word' id='word_1_132' title='bbox 662 2222 700 2287; x_wconf 91' lang='lat' dir='ltr'>ad</span> <span class='ocrx_word' id='word_1_133' title='bbox 724 2222 938 2306; x_wconf 82' lang='lat' dir='ltr'>cognoscibile,</span> <span class='ocrx_word' id='word_1_134' title='bbox 954 2230 985 2285; x_wconf 90' lang='lat' dir='ltr'>et</span> <span class='ocrx_word' id='word_1_135' title='bbox 1011 2232 1096 2285; x_wconf 89' lang='lat' dir='ltr'>actus</span> <span class='ocrx_word' id='word_1_136' title='bbox 1119 2223 1243 2285; x_wconf 90' lang='lat' dir='ltr'>amandi</span> <span class='ocrx_word' id='word_1_137' title='bbox 1263 2232 1321 2287; x_wconf 86' lang='lat' dir='ltr'>ter-</span> 
     </span>
     <span class='ocr_line' id='line_1_18' title="bbox 221 2332 1322 2420; baseline 0.001 -23"><span class='ocrx_word' id='word_1_138' title='bbox 221 2336 356 2399; x_wconf 87' lang='lat' dir='ltr'>minetur</span> <span class='ocrx_word' id='word_1_139' title='bbox 371 2336 409 2398; x_wconf 87' lang='lat' dir='ltr'>ad</span> <span class='ocrx_word' id='word_1_140' title='bbox 425 2358 458 2399; x_wconf 91' lang='lat' dir='ltr'>se</span> <span class='ocrx_word' id='word_1_141' title='bbox 472 2336 573 2420; x_wconf 93' lang='lat' dir='ltr'>ipsum</span> <span class='ocrx_word' id='word_1_142' title='bbox 588 2344 624 2398; x_wconf 90' lang='lat' dir='ltr'>ut</span> <span class='ocrx_word' id='word_1_143' title='bbox 640 2334 798 2418; x_wconf 90' lang='lat' dir='ltr'>cognitum</span> <span class='ocrx_word' id='word_1_144' title='bbox 815 2332 944 2398; x_wconf 86' lang='lat' dir='ltr'>amabile</span> <span class='ocrx_word' id='word_1_145' title='bbox 960 2334 1027 2396; x_wconf 90' lang='lat' dir='ltr'>sibi.</span> <span class='ocrx_word' id='word_1_146' title='bbox 1072 2332 1235 2396; x_wconf 79' lang='lat' dir='ltr'>Terminus</span> <span class='ocrx_word' id='word_1_147' title='bbox 1250 2357 1322 2419; x_wconf 90' lang='lat' dir='ltr'>ergo</span> 
     </span>
     <span class='ocr_line' id='line_1_19' title="bbox 222 2444 1322 2533; baseline 0.002 -24"><span class='ocrx_word' id='word_1_148' title='bbox 222 2446 310 2510; x_wconf 88' lang='lat' dir='ltr'>realis</span> <span class='ocrx_word' id='word_1_149' title='bbox 334 2448 492 2533; x_wconf 90' lang='lat' dir='ltr'>utriusque</span> <span class='ocrx_word' id='word_1_150' title='bbox 515 2456 560 2512; x_wconf 88' lang='lat' dir='ltr'>est</span> <span class='ocrx_word' id='word_1_151' title='bbox 583 2446 664 2511; x_wconf 89' lang='lat' dir='ltr'>idem</span> <span class='ocrx_word' id='word_1_152' title='bbox 687 2446 816 2524; x_wconf 87' lang='lat' dir='ltr'>realiter,</span> <span class='ocrx_word' id='word_1_153' title='bbox 831 2445 903 2509; x_wconf 90' lang='lat' dir='ltr'>licet</span> <span class='ocrx_word' id='word_1_154' title='bbox 920 2444 1072 2510; x_wconf 87' lang='lat' dir='ltr'>diversum</span> <span class='ocrx_word' id='word_1_155' title='bbox 1087 2454 1260 2530; x_wconf 87' lang='lat' dir='ltr'>respectum</span> <span class='ocrx_word' id='word_1_156' title='bbox 1275 2446 1322 2511; x_wconf 93' lang='lat' dir='ltr'>in·</span> 
     </span>
     <span class='ocr_line' id='line_1_20' title="bbox 149 2556 1323 2643; baseline 0 -21"><span class='ocrx_word' id='word_1_157' title='bbox 149 2599 151 2604; x_wconf 68' lang='lat'>,</span> <span class='ocrx_word' id='word_1_158' title='bbox 221 2559 294 2622; x_wconf 87' lang='lat' dir='ltr'>duat</span> <span class='ocrx_word' id='word_1_159' title='bbox 317 2560 349 2622; x_wconf 93' lang='lat' dir='ltr'>in</span> <span class='ocrx_word' id='word_1_160' title='bbox 373 2560 472 2643; x_wconf 92' lang='lat' dir='ltr'>primo</span> <span class='ocrx_word' id='word_1_161' title='bbox 493 2569 524 2623; x_wconf 93' lang='lat' dir='ltr'>et</span> <span class='ocrx_word' id='word_1_162' title='bbox 545 2560 579 2622; x_wconf 92' lang='lat' dir='ltr'>in</span> <span class='ocrx_word' id='word_1_163' title='bbox 602 2558 755 2621; x_wconf 88' lang='lat' dir='ltr'>seeundo:</span> <span class='ocrx_word' id='word_1_164' title='bbox 779 2580 884 2620; x_wconf 91' lang='lat' dir='ltr'>verum</span> <span class='ocrx_word' id='word_1_165' title='bbox 907 2557 988 2620; x_wconf 92' lang='lat' dir='ltr'>enim</span> <span class='ocrx_word' id='word_1_166' title='bbox 1011 2567 1041 2620; x_wconf 91' lang='lat' dir='ltr'>et</span> <span class='ocrx_word' id='word_1_167' title='bbox 1064 2556 1178 2620; x_wconf 90' lang='lat' dir='ltr'>bonum</span> <span class='ocrx_word' id='word_1_168' title='bbox 1202 2557 1323 2622; x_wconf 86' lang='lat' dir='ltr'>realiter</span> 
     </span>
     <span class='ocr_line' id='line_1_21' title="bbox 221 2666 1321 2752; baseline -0.001 -20"><span class='ocrx_word' id='word_1_169' title='bbox 221 2680 450 2749; x_wconf 89' lang='lat' dir='ltr'>convertuntur,</span> <span class='ocrx_word' id='word_1_170' title='bbox 466 2679 496 2734; x_wconf 91' lang='lat' dir='ltr'>et</span> <span class='ocrx_word' id='word_1_171' title='bbox 512 2669 652 2733; x_wconf 89' lang='lat' dir='ltr'>similiter</span> <span class='ocrx_word' id='word_1_172' title='bbox 667 2667 859 2752; x_wconf 89' lang='lat' dir='ltr'>intelligibile</span> <span class='ocrx_word' id='word_1_173' title='bbox 874 2678 905 2731; x_wconf 91' lang='lat' dir='ltr'>et</span> <span class='ocrx_word' id='word_1_174' title='bbox 920 2666 1059 2746; x_wconf 90' lang='lat' dir='ltr'>amabile,</span> <span class='ocrx_word' id='word_1_175' title='bbox 1069 2668 1208 2751; x_wconf 90' lang='lat' dir='ltr'>quamvis</span> <span class='ocrx_word' id='word_1_176' title='bbox 1224 2667 1321 2731; x_wconf 90' lang='lat' dir='ltr'>diver-</span> 
     </span>
     <span class='ocr_line' id='line_1_22' title="bbox 222 2777 1321 2866; baseline -0.001 -22"><span class='ocrx_word' id='word_1_177' title='bbox 222 2804 288 2844; x_wconf 88' lang='lat' dir='ltr'>sum</span> <span class='ocrx_word' id='word_1_178' title='bbox 310 2791 481 2866; x_wconf 89' lang='lat' dir='ltr'>respectum</span> <span class='ocrx_word' id='word_1_179' title='bbox 502 2788 679 2845; x_wconf 86' lang='lat' dir='ltr'>connotent.</span> <span class='ocrx_word' id='word_1_180' title='bbox 724 2780 808 2862; x_wconf 83' lang='lat' dir='ltr'>Ilrga</span> <span class='ocrx_word' id='word_1_181' title='bbox 831 2786 926 2857; x_wconf 89' lang='lat' dir='ltr'>actus,</span> <span class='ocrx_word' id='word_1_182' title='bbox 943 2801 1004 2863; x_wconf 92' lang='lat' dir='ltr'>qua</span> <span class='ocrx_word' id='word_1_183' title='bbox 1019 2777 1234 2842; x_wconf 89' lang='lat' dir='ltr'>intellectualis</span> <span class='ocrx_word' id='word_1_184' title='bbox 1250 2779 1321 2843; x_wconf 89' lang='lat' dir='ltr'>sub-</span> 
     </span>
     <span class='ocr_line' id='line_1_23' title="bbox 221 2889 1320 2977; baseline -0.003 -22"><span class='ocrx_word' id='word_1_185' title='bbox 221 2893 333 2957; x_wconf 89' lang='lat' dir='ltr'>stantia</span> <span class='ocrx_word' id='word_1_186' title='bbox 363 2901 444 2957; x_wconf 89' lang='lat' dir='ltr'>amat</span> <span class='ocrx_word' id='word_1_187' title='bbox 471 2893 611 2977; x_wconf 88' lang='lat' dir='ltr'>seipsam,</span> <span class='ocrx_word' id='word_1_188' title='bbox 635 2890 754 2954; x_wconf 85' lang='lat' dir='ltr'>realiter</span> <span class='ocrx_word' id='word_1_189' title='bbox 775 2889 982 2953; x_wconf 88' lang='lat' dir='ltr'>identificatur</span> <span class='ocrx_word' id='word_1_190' title='bbox 1003 2910 1073 2951; x_wconf 91' lang='lat' dir='ltr'>earn</span> <span class='ocrx_word' id='word_1_191' title='bbox 1096 2897 1166 2952; x_wconf 90' lang='lat' dir='ltr'>actu</span> <span class='ocrx_word' id='word_1_192' title='bbox 1190 2911 1251 2972; x_wconf 94' lang='lat' dir='ltr'>quo</span> <span class='ocrx_word' id='word_1_193' title='bbox 1275 2890 1320 2952; x_wconf 90' lang='lat' dir='ltr'>in·</span> 
     </span>
     <span class='ocr_line' id='line_1_24' title="bbox 220 2999 1320 3089; baseline -0.005 -22"><span class='ocrx_word' id='word_1_194' title='bbox 220 3005 331 3089; x_wconf 90' lang='lat' dir='ltr'>telligit</span> <span class='ocrx_word' id='word_1_195' title='bbox 347 3028 437 3069; x_wconf 86' lang='lat' dir='ltr'>suurn</span> <span class='ocrx_word' id='word_1_196' title='bbox 453 3028 526 3083; x_wconf 89' lang='lat' dir='ltr'>esse,</span> <span class='ocrx_word' id='word_1_197' title='bbox 537 3004 607 3068; x_wconf 89' lang='lat' dir='ltr'>licet</span> <span class='ocrx_word' id='word_1_198' title='bbox 623 3003 773 3066; x_wconf 89' lang='lat' dir='ltr'>diversum</span> <span class='ocrx_word' id='word_1_199' title='bbox 790 3009 962 3085; x_wconf 89' lang='lat' dir='ltr'>respectum</span> <span class='ocrx_word' id='word_1_200' title='bbox 973 2999 1082 3063; x_wconf 89' lang='lat' dir='ltr'>babeat</span> <span class='ocrx_word' id='word_1_201' title='bbox 1094 3000 1133 3063; x_wconf 90' lang='lat' dir='ltr'>ad</span> <span class='ocrx_word' id='word_1_202' title='bbox 1144 2999 1320 3079; x_wconf 89' lang='lat' dir='ltr'>terminum,</span> 
     </span>
     <span class='ocr_line' id='line_1_25' title="bbox 221 3109 1321 3198; baseline -0.005 -20"><span class='ocrx_word' id='word_1_203' title='bbox 221 3125 256 3178; x_wconf 92' lang='lat' dir='ltr'>ut</span> <span class='ocrx_word' id='word_1_204' title='bbox 276 3117 336 3179; x_wconf 91' lang='lat' dir='ltr'>cito</span> <span class='ocrx_word' id='word_1_205' title='bbox 358 3114 575 3198; x_wconf 85' lang='lat' dir='ltr'>explicabitur:</span> <span class='ocrx_word' id='word_1_206' title='bbox 599 3123 630 3176; x_wconf 93' lang='lat' dir='ltr'>ct</span> <span class='ocrx_word' id='word_1_207' title='bbox 649 3134 704 3196; x_wconf 91' lang='lat' dir='ltr'>per</span> <span class='ocrx_word' id='word_1_208' title='bbox 724 3132 914 3194; x_wconf 89' lang='lat' dir='ltr'>consequens</span> <span class='ocrx_word' id='word_1_209' title='bbox 934 3118 980 3173; x_wconf 88' lang='lat' dir='ltr'>est</span> <span class='ocrx_word' id='word_1_210' title='bbox 998 3117 1084 3172; x_wconf 86' lang='lat' dir='ltr'>actus</span> <span class='ocrx_word' id='word_1_211' title='bbox 1104 3109 1321 3173; x_wconf 83' lang='lat' dir='ltr'>constitutivas</span> 
     </span>
     <span class='ocr_line' id='line_1_26' title="bbox 221 3223 590 3308; baseline -0.008 -20"><span class='ocrx_word' id='word_1_212' title='bbox 221 3225 399 3290; x_wconf 80' lang='lat' dir='ltr'>substantiae</span> <span class='ocrx_word' id='word_1_213' title='bbox 414 3223 590 3308; x_wconf 89' lang='lat' dir='ltr'>spiritualis.</span> 
     </span>
    </p>

    <p class='ocr_par' dir='ltr' id='par_1_7' title="bbox 218 3330 1321 4424">
     <span class='ocr_line' id='line_1_27' title="bbox 263 3330 1319 3421; baseline -0.004 -21"><span class='ocrx_word' id='word_1_214' title='bbox 263 3339 366 3421; x_wconf 84' lang='lat' dir='ltr'>Atque</span> <span class='ocrx_word' id='word_1_215' title='bbox 393 3337 450 3399; x_wconf 93' lang='lat' dir='ltr'>hac</span> <span class='ocrx_word' id='word_1_216' title='bbox 474 3337 575 3419; x_wconf 88' lang='lat' dir='ltr'>ipsum</span> <span class='ocrx_word' id='word_1_217' title='bbox 605 3332 743 3416; x_wconf 85' lang='lat' dir='ltr'>exempla</span> <span class='ocrx_word' id='word_1_218' title='bbox 772 3332 815 3394; x_wconf 92' lang='lat' dir='ltr'>rei</span> <span class='ocrx_word' id='word_1_219' title='bbox 846 3330 1007 3394; x_wconf 88' lang='lat' dir='ltr'>materialis</span> <span class='ocrx_word' id='word_1_220' title='bbox 1037 3330 1180 3393; x_wconf 89' lang='lat' dir='ltr'>declarari</span> <span class='ocrx_word' id='word_1_221' title='bbox 1209 3340 1319 3416; x_wconf 87' lang='lat' dir='ltr'>potest.</span> 
     </span>
     <span class='ocr_line' id='line_1_28' title="bbox 221 3442 1319 3523; baseline -0.005 -12"><span class='ocrx_word' id='word_1_222' title='bbox 221 3449 302 3511; x_wconf 90' lang='lat' dir='ltr'>Nam</span> <span class='ocrx_word' id='word_1_223' title='bbox 318 3448 411 3511; x_wconf 88' lang='lat' dir='ltr'>etiam</span> <span class='ocrx_word' id='word_1_224' title='bbox 422 3448 519 3510; x_wconf 89' lang='lat' dir='ltr'>farma</span> <span class='ocrx_word' id='word_1_225' title='bbox 529 3446 696 3509; x_wconf 84' lang='lat' dir='ltr'>informans</span> <span class='ocrx_word' id='word_1_226' title='bbox 708 3444 876 3521; x_wconf 88' lang='lat' dir='ltr'>materiam,</span> <span class='ocrx_word' id='word_1_227' title='bbox 887 3464 943 3506; x_wconf 93' lang='lat' dir='ltr'>sua</span> <span class='ocrx_word' id='word_1_228' title='bbox 955 3442 1046 3504; x_wconf 90' lang='lat' dir='ltr'>mado</span> <span class='ocrx_word' id='word_1_229' title='bbox 1058 3450 1139 3505; x_wconf 90' lang='lat' dir='ltr'>amat</span> <span class='ocrx_word' id='word_1_230' title='bbox 1150 3443 1319 3523; x_wconf 89' lang='lat' dir='ltr'>materiam,</span> 
     </span>
     <span class='ocr_line' id='line_1_29' title="bbox 220 3554 1320 3644; baseline -0.005 -21"><span class='ocrx_word' id='word_1_231' title='bbox 220 3583 315 3643; x_wconf 92' lang='lat' dir='ltr'>quum</span> <span class='ocrx_word' id='word_1_232' title='bbox 331 3559 464 3644; x_wconf 91' lang='lat' dir='ltr'>postulet</span> <span class='ocrx_word' id='word_1_233' title='bbox 479 3580 544 3621; x_wconf 88' lang='lat' dir='ltr'>esse</span> <span class='ocrx_word' id='word_1_234' title='bbox 559 3558 591 3620; x_wconf 93' lang='lat' dir='ltr'>in</span> <span class='ocrx_word' id='word_1_235' title='bbox 607 3556 741 3620; x_wconf 89' lang='lat' dir='ltr'>materia.</span> <span class='ocrx_word' id='word_1_236' title='bbox 788 3555 821 3618; x_wconf 86' lang='lat' dir='ltr'>Si</span> <span class='ocrx_word' id='word_1_237' title='bbox 837 3564 939 3617; x_wconf 88' lang='lat' dir='ltr'>autem</span> <span class='ocrx_word' id='word_1_238' title='bbox 955 3554 1155 3638; x_wconf 89' lang='lat' dir='ltr'>inquiramus,</span> <span class='ocrx_word' id='word_1_239' title='bbox 1171 3577 1232 3638; x_wconf 94' lang='lat' dir='ltr'>qua</span> <span class='ocrx_word' id='word_1_240' title='bbox 1250 3564 1320 3619; x_wconf 90' lang='lat' dir='ltr'>actu</span> 
     </span>
     <span class='ocr_line' id='line_1_30' title="bbox 220 3665 1318 3750; baseline -0.005 -15"><span class='ocrx_word' id='word_1_241' title='bbox 220 3680 301 3735; x_wconf 87' lang='lat' dir='ltr'>amet</span> <span class='ocrx_word' id='word_1_242' title='bbox 324 3693 409 3734; x_wconf 89' lang='lat' dir='ltr'>suam</span> <span class='ocrx_word' id='word_1_243' title='bbox 431 3671 599 3747; x_wconf 88' lang='lat' dir='ltr'>materiam,</span> <span class='ocrx_word' id='word_1_244' title='bbox 615 3669 717 3731; x_wconf 78' lang='lat' dir='ltr'>atatim</span> <span class='ocrx_word' id='word_1_245' title='bbox 734 3666 890 3750; x_wconf 87' lang='lat' dir='ltr'>apparebit</span> <span class='ocrx_word' id='word_1_246' title='bbox 905 3666 937 3728; x_wconf 93' lang='lat' dir='ltr'>id</span> <span class='ocrx_word' id='word_1_247' title='bbox 952 3665 1017 3729; x_wconf 89' lang='lat' dir='ltr'>fieri</span> <span class='ocrx_word' id='word_1_248' title='bbox 1031 3687 1085 3749; x_wconf 90' lang='lat' dir='ltr'>per</span> <span class='ocrx_word' id='word_1_249' title='bbox 1100 3666 1201 3749; x_wconf 89' lang='lat' dir='ltr'>ipsum</span> <span class='ocrx_word' id='word_1_250' title='bbox 1217 3676 1318 3730; x_wconf 90' lang='lat' dir='ltr'>actum</span> 
     </span>
     <span class='ocr_line' id='line_1_31' title="bbox 218 3775 1320 3865; baseline -0.003 -21"><span class='ocrx_word' id='word_1_251' title='bbox 218 3781 414 3861; x_wconf 76' lang='lat' dir='ltr'>informandi,</span> <span class='ocrx_word' id='word_1_252' title='bbox 428 3803 488 3865; x_wconf 91' lang='lat' dir='ltr'>qua</span> <span class='ocrx_word' id='word_1_253' title='bbox 500 3781 608 3844; x_wconf 91' lang='lat' dir='ltr'>intime</span> <span class='ocrx_word' id='word_1_254' title='bbox 623 3779 703 3841; x_wconf 91' lang='lat' dir='ltr'>inest</span> <span class='ocrx_word' id='word_1_255' title='bbox 718 3800 779 3841; x_wconf 86' lang='lat' dir='ltr'>suae</span> <span class='ocrx_word' id='word_1_256' title='bbox 794 3777 937 3855; x_wconf 87' lang='lat' dir='ltr'>materiae,</span> <span class='ocrx_word' id='word_1_257' title='bbox 948 3799 982 3840; x_wconf 90' lang='lat' dir='ltr'>ac</span> <span class='ocrx_word' id='word_1_258' title='bbox 997 3775 1222 3861; x_wconf 89' lang='lat' dir='ltr'>quadammodo</span> <span class='ocrx_word' id='word_1_259' title='bbox 1236 3787 1320 3841; x_wconf 89' lang='lat' dir='ltr'>tenet</span> 
     </span>
     <span class='ocr_line' id='line_1_32' title="bbox 219 3887 1321 3973; baseline -0.005 -16"><span class='ocrx_word' id='word_1_260' title='bbox 219 3917 252 3957; x_wconf 90' lang='lat' dir='ltr'>se</span> <span class='ocrx_word' id='word_1_261' title='bbox 267 3893 311 3957; x_wconf 92' lang='lat' dir='ltr'>illi</span> <span class='ocrx_word' id='word_1_262' title='bbox 327 3893 456 3956; x_wconf 90' lang='lat' dir='ltr'>unitam.</span> <span class='ocrx_word' id='word_1_263' title='bbox 500 3892 597 3954; x_wconf 86' lang='lat' dir='ltr'>Actus</span> <span class='ocrx_word' id='word_1_264' title='bbox 612 3899 714 3952; x_wconf 90' lang='lat' dir='ltr'>autem</span> <span class='ocrx_word' id='word_1_265' title='bbox 731 3888 943 3951; x_wconf 85' lang='lat' dir='ltr'>informativus</span> <span class='ocrx_word' id='word_1_266' title='bbox 958 3896 1004 3951; x_wconf 92' lang='lat' dir='ltr'>est</span> <span class='ocrx_word' id='word_1_267' title='bbox 1019 3887 1085 3973; x_wconf 86' lang='lat' dir='ltr'>ipsa</span> <span class='ocrx_word' id='word_1_268' title='bbox 1100 3888 1198 3950; x_wconf 89' lang='lat' dir='ltr'>forma</span> <span class='ocrx_word' id='word_1_269' title='bbox 1217 3897 1253 3951; x_wconf 94' lang='lat' dir='ltr'>ut</span> <span class='ocrx_word' id='word_1_270' title='bbox 1272 3889 1321 3951; x_wconf 93' lang='lat' dir='ltr'>in·</span> 
     </span>
     <span class='ocr_line' id='line_1_33' title="bbox 219 3998 1321 4088; baseline -0.004 -19"><span class='ocrx_word' id='word_1_271' title='bbox 219 4009 364 4071; x_wconf 84' lang='lat' dir='ltr'>formans.</span> <span class='ocrx_word' id='word_1_272' title='bbox 388 4004 491 4088; x_wconf 82' lang='lat' dir='ltr'>-Ilrgo</span> <span class='ocrx_word' id='word_1_273' title='bbox 513 4003 611 4066; x_wconf 85' lang='lat' dir='ltr'>forma</span> <span class='ocrx_word' id='word_1_274' title='bbox 633 4010 668 4064; x_wconf 90' lang='lat' dir='ltr'>ut</span> <span class='ocrx_word' id='word_1_275' title='bbox 690 4000 860 4064; x_wconf 86' lang='lat' dir='ltr'>informans</span> <span class='ocrx_word' id='word_1_276' title='bbox 882 4021 968 4062; x_wconf 88' lang='lat' dir='ltr'>suam</span> <span class='ocrx_word' id='word_1_277' title='bbox 985 3998 1152 4077; x_wconf 90' lang='lat' dir='ltr'>materiam,</span> <span class='ocrx_word' id='word_1_278' title='bbox 1168 4008 1250 4063; x_wconf 90' lang='lat' dir='ltr'>amat</span> <span class='ocrx_word' id='word_1_279' title='bbox 1265 4023 1321 4065; x_wconf 83' lang='lat' dir='ltr'>suo</span> 
     </span>
     <span class='ocr_line' id='line_1_34' title="bbox 218 4109 1320 4201; baseline -0.006 -20"><span class='ocrx_word' id='word_1_280' title='bbox 218 4117 309 4181; x_wconf 91' lang='lat' dir='ltr'>modo</span> <span class='ocrx_word' id='word_1_281' title='bbox 331 4138 385 4201; x_wconf 90' lang='lat' dir='ltr'>per</span> <span class='ocrx_word' id='word_1_282' title='bbox 405 4137 437 4178; x_wconf 89' lang='lat' dir='ltr'>se</span> <span class='ocrx_word' id='word_1_283' title='bbox 452 4115 550 4199; x_wconf 90' lang='lat' dir='ltr'>ipsam</span> <span class='ocrx_word' id='word_1_284' title='bbox 565 4135 656 4177; x_wconf 91' lang='lat' dir='ltr'>suum</span> <span class='ocrx_word' id='word_1_285' title='bbox 672 4134 736 4175; x_wconf 89' lang='lat' dir='ltr'>esse</span> <span class='ocrx_word' id='word_1_286' title='bbox 751 4111 784 4173; x_wconf 92' lang='lat' dir='ltr'>in</span> <span class='ocrx_word' id='word_1_287' title='bbox 800 4110 935 4173; x_wconf 89' lang='lat' dir='ltr'>materia.</span> <span class='ocrx_word' id='word_1_288' title='bbox 982 4109 1128 4172; x_wconf 86' lang='lat' dir='ltr'>Similiter</span> <span class='ocrx_word' id='word_1_289' title='bbox 1142 4132 1216 4193; x_wconf 91' lang='lat' dir='ltr'>ergo</span> <span class='ocrx_word' id='word_1_290' title='bbox 1232 4110 1320 4174; x_wconf 89' lang='lat' dir='ltr'>intel·</span> 
     </span>
     <span class='ocr_line' id='line_1_35' title="bbox 218 4221 1321 4310; baseline -0.006 -18"><span class='ocrx_word' id='word_1_291' title='bbox 218 4229 315 4292; x_wconf 91' lang='lat' dir='ltr'>lectus</span> <span class='ocrx_word' id='word_1_292' title='bbox 331 4237 457 4291; x_wconf 86' lang='lat' dir='ltr'>aetuans</span> <span class='ocrx_word' id='word_1_293' title='bbox 474 4223 770 4310; x_wconf 87' lang='lat' dir='ltr'>repraesentationem</span> <span class='ocrx_word' id='word_1_294' title='bbox 787 4246 841 4286; x_wconf 90' lang='lat' dir='ltr'>seu</span> <span class='ocrx_word' id='word_1_295' title='bbox 856 4222 1020 4306; x_wconf 88' lang='lat' dir='ltr'>imaginem</span> <span class='ocrx_word' id='word_1_296' title='bbox 1038 4221 1085 4285; x_wconf 86' lang='lat' dir='ltr'>sui</span> <span class='ocrx_word' id='word_1_297' title='bbox 1100 4221 1132 4284; x_wconf 93' lang='lat' dir='ltr'>in</span> <span class='ocrx_word' id='word_1_298' title='bbox 1148 4221 1247 4305; x_wconf 89' lang='lat' dir='ltr'>seipsa</span> <span class='ocrx_word' id='word_1_299' title='bbox 1268 4244 1321 4306; x_wconf 92' lang='lat' dir='ltr'>per</span> 
     </span>
     <span class='ocr_line' id='line_1_36' title="bbox 219 4315 1317 4424; baseline -0.006 -22"><span class='ocrx_word' id='word_1_300' title='bbox 219 4339 350 4424; x_wconf 88' lang='lat' dir='ltr'>seipsum</span> <span class='ocrx_word' id='word_1_301' title='bbox 368 4348 450 4402; x_wconf 88' lang='lat' dir='ltr'>amat</span> <span class='ocrx_word' id='word_1_302' title='bbox 466 4338 599 4422; x_wconf 89' lang='lat' dir='ltr'>seipsum</span> <span class='ocrx_word' id='word_1_303' title='bbox 616 4335 658 4398; x_wconf 87' lang='lat' dir='ltr'>sic</span> <span class='ocrx_word' id='word_1_304' title='bbox 670 4334 727 4398; x_wconf 85' lang='lat' dir='ltr'>sibi</span> <span class='ocrx_word' id='word_1_305' title='bbox 740 4334 908 4417; x_wconf 87' lang='lat' dir='ltr'>cognitum.</span> <span class='ocrx_word' id='word_1_306' title='bbox 932 4333 1005 4395; x_wconf 92' lang='lat' dir='ltr'>Non</span> <span class='ocrx_word' id='word_1_307' title='bbox 1017 4355 1090 4416; x_wconf 86' lang='lat' dir='ltr'>ergo</span> <span class='ocrx_word' id='word_1_308' title='bbox 1103 4354 1155 4416; x_wconf 90' lang='lat' dir='ltr'>per</span> <span class='ocrx_word' id='word_1_309' title='bbox 1167 4315 1317 4396; x_wconf 81' lang='lat' dir='ltr'>diversum</span> 
     </span>
    </p>
   </div>
   <div class='ocr_carea' id='block_1_5' title="bbox 0 0 1604 4975">
    <p class='ocr_par' dir='ltr' id='par_1_8' title="bbox 0 0 1604 4975">
     <span class='ocr_line' id='line_1_37' title="bbox 0 0 1604 4975; baseline 0 2"><span class='ocrx_word' id='word_1_310' title='bbox 0 0 1604 4975; x_wconf 95' lang='lat' dir='ltr'> </span> 
     </span>
    </p>
   </div>
  </div>
 </body>
</html>
