3200 4975
206 358 279 401 car.
296 339 366 422 ιιι]
503 359 545 402 on
563 358 766 402 soasrsnrra
780 356 983 403 srramoiar.
1251 336 1314 398 109

208 548 317 590 novam
333 526 509 591 relationem
526 529 606 593 inter
619 528 811 615 intellectum
829 526 972 612 agentem
987 534 1018 591 et
1033 526 1200 590 terminum
1214 534 1310 604 actus,

208 638 248 700 ob
270 638 472 703 mutationem
494 640 637 704 termini:
661 648 696 704 nt
712 639 738 703 si
759 638 831 725 quis
849 638 966 703 hebens
980 637 1014 701 in
1029 659 1124 701 manu
1144 636 1313 721 speculum,

210 747 319 832 inquo
335 750 397 813 sint
412 750 580 815 multarum
590 774 694 815 rerum
708 750 869 835 imagines,
882 771 1024 815 converso
1040 748 1172 833 speculo,
1182 757 1315 812 mutaret

211 860 338 940 obiecta,
350 870 382 925 et
396 863 481 926 fieret
495 885 575 926 novs
587 872 619 927 et
633 885 711 928 nova
720 863 845 927 videns:
868 866 903 927 2⁰
918 862 1001 947 quod
1014 861 1134 925 etiamsi
1143 860 1316 925 intellectus

212 972 351 1057 passivus
365 995 459 1038 noras
470 974 684 1059 impressiones
696 976 852 1060 reciperet,
864 983 899 1039 ut
914 974 1023 1039 accidit
1037 974 1070 1037 in
1082 973 1317 1051 consultatione,

212 1084 290 1147 nihil
311 1093 415 1149 temen
431 1086 531 1151 adhuc
546 1095 743 1171 sequeretur3
766 1088 840 1173 quis
853 1086 995 1151 voluntas
1015 1094 1051 1150 ut
1066 1086 1163 1151 activa
1184 1093 1231 1149 est
1245 1107 1315 1171 pro·

213 1195 279 1280 prie
293 1196 458 1281 respondet
479 1196 649 1262 intellectui
663 1199 772 1278 activo,
787 1221 850 1262 non
873 1208 974 1263 autem
990 1197 1110 1283 passivo
1118 1222 1128 1275 3
1151 1196 1240 1260 etsie
1260 1196 1317 1260 im·

215 1312 370 1397 pressione
385 1313 466 1378 facta
479 1313 513 1377 in
527 1314 686 1378 intellectu
699 1314 832 1399 passivo,
842 1322 986 1399 sequetur
1000 1322 1102 1377 motus
1117 1314 1150 1376 in
1162 1312 1318 1377 voluntate

216 1432 250 1488 nt
271 1432 318 1488 est
333 1424 480 1506 affectiva,
499 1426 577 1489 sient
598 1425 679 1490 iacta
697 1424 894 1509 impressione
916 1425 955 1489 ab
970 1433 1080 1508 agente
1098 1424 1256 1505 materiali,
1272 1448 1318 1489 re·

215 1534 327 1620 cipitur
341 1543 445 1599 motus
459 1536 492 1599 in
506 1536 658 1601 elemento
673 1536 821 1601 materiali
837 1535 1005 1601 secundum
1023 1536 1107 1621 qnod
1121 1545 1167 1599 est
1181 1538 1317 1616 materia,

216 1668 280 1710 non
294 1668 365 1711 vero
380 1647 551 1712 secundum
573 1648 657 1733 qnod
671 1657 718 1713 est
739 1649 848 1727 forma,
864 1648 935 1712 licet
952 1648 1050 1711 forma
1072 1648 1233 1713 concordet
1248 1671 1318 1712 cum

217 1767 389 1859 motu·snre
405 1759 559 1825 materioe:
581 1767 612 1823 et
632 1769 854 1845 consequenter
873 1759 1006 1824 actuatio
1025 1759 1208 1844 passivitatis
1229 1760 1319 1824 intei-

216 1870 332 1935 lectivae
347 1893 409 1935 non
423 1872 570 1956 importat
583 1872 785 1937 mntstionem
800 1872 996 1936 intrinsecam
1011 1871 1161 1935 voluntati
1175 1872 1320 1937 electivae.

262 1986 315 2047 82.
339 1983 496 2061 Quaeritur
504 1984 742 2069 decimoquinto,
751 1993 850 2048 utrum
855 2007 952 2068 purus
960 1985 1083 2069 spiritus
1090 1986 1190 2068 possit
1198 2008 1322 2069 peccare

218 2097 376 2161 voluntate.

263 2206 445 2291 Respondeo
459 2206 645 2271 affirmative.
680 2207 772 2286 Nem,
787 2215 824 2270 ut
840 2208 927 2272 docet
938 2208 969 2272 S.
983 2208 1115 2273 Thomas
1129 2209 1171 2294 (p.
1184 2214 1213 2276 1.
1224 2233 1254 2295 q.
1268 2213 1320 2275 63.

220 2340 248 2381 e.
266 2319 311 2400 l),
327 2320 457 2382 Peccare
470 2318 547 2381 nihil
566 2318 650 2382 atiud
663 2326 718 2397 est,
733 2341 821 2402 quani
840 2319 985 2383 declinare
1002 2342 1020 2383 a
1043 2322 1216 2385 rectitudine
1230 2330 1323 2402 actua,

220 2450 308 2512 quom
329 2429 412 2494 dedet
433 2430 549 2508 tradere,
564 2431 625 2496 rire
646 2432 809 2514 aceniam
828 2439 982 2515 peccatum
1003 2434 1034 2496 in
1057 2433 1249 2514 naturalibus,
1264 2437 1324 2499 sive

220 2542 252 2604 in
274 2541 488 2626 ntificiniidus,
503 2543 564 2605 siue
585 2542 618 2604 in
638 2543 805 2624 moralibus.
852 2543 954 2606 Solum
975 2552 1072 2608 antem
1091 2545 1173 2608 idum
1195 2555 1325 2611 coturno

221 2654 394 2717 rectitudine
407 2654 553 2718 declinare
566 2677 626 2718 non
647 2657 800 2738 continpit,
817 2657 900 2719 cuius
913 2657 1015 2740 reputo
1037 2665 1081 2720 est
1094 2659 1188 2722 virtus
1202 2662 1323 2743 apustio.

224 2765 260 2828 si
284 2767 361 2828 enim
383 2786 489 2829 monus
513 2765 640 2850 artificis
668 2774 742 2830 esset
766 2769 833 2850 ipso
857 2769 959 2852 reputa
985 2769 1143 2846 incisionis,
1169 2793 1326 2854 numquam

218 2885 320 2960 posset
341 2877 456 2960 artisen
480 2878 538 2940 nisi
562 2886 641 2941 recte
664 2877 775 2961 lipnnm
801 2879 947 2941 incidere:
968 2878 1022 2942 sed
1040 2880 1068 2942 si
1089 2882 1232 2946 rectitudo
1255 2884 1327 2946 inci-

223 2989 315 3050 sionis
334 2989 376 3050 sit
390 2989 428 3051 od
445 2987 506 3051 otio
528 2988 640 3073 reputo,
656 2991 800 3074 continpit
823 2991 990 3053 incisionem
1013 3011 1073 3054 erse
1086 2999 1197 3056 rectam
1218 3001 1248 3056 et
1269 3017 1327 3057 non

224 3108 346 3164 rectam.
390 3099 503 3164 Divino
518 3110 615 3164 antem
629 3101 765 3165 uoluntas
774 3102 838 3164 sola
852 3110 897 3165 est
904 3101 1006 3186 reputo
1019 3103 1067 3165 sui
1080 3099 1174 3182 dctus,
1186 3107 1257 3187 quia
1271 3129 1329 3169 non

225 3214 267 3277 od
283 3215 460 3296 superiorem
474 3212 568 3296 finem
587 3214 761 3278 ordinatur:
786 3209 880 3279 omnis
901 3224 998 3280 nutem
1019 3216 1155 3281 voluntas
1177 3219 1329 3282 cuiuslibet

226 3333 366 3388 crcotwae
380 3325 581 3389 rectitudinem
605 3327 636 3388 in
649 3348 702 3388 sico
717 3333 787 3389 actu
809 3349 867 3390 non
892 3328 990 3405 trudet,
1005 3330 1064 3391 nisi
1077 3329 1231 3393 sedendum
1253 3331 1333 3412 quod

226 3437 410 3520 repudrturo
427 3437 576 3501 uoluntate
591 3438 699 3515 diuino,
716 3439 757 3502 od
776 3460 863 3521 quom
873 3441 1005 3522 pertinet
1019 3440 1141 3504 ultimus
1155 3439 1239 3525 finis,
1255 3443 1331 3506 deut

227 3547 360 3630 qualibet
382 3547 517 3611 voluntas
540 3548 691 3631 inferioris
716 3548 800 3612 debet
822 3549 952 3630 reputari
976 3553 1131 3615 secundum
1154 3553 1331 3617 voluntatem

225 3659 393 3740 superioris,
407 3666 443 3722 ut
456 3658 591 3723 ππὶππίιπ
610 3658 711 3722 militia
724 3656 878 3723 secundnm
893 3661 1070 3726 uoluntatem
1084 3664 1166 3727 ducis
1180 3667 1333 3731 enercitus.

229 3769 282 3832 Sic
304 3770 397 3851 ipitur
418 3771 450 3832 in
468 3770 532 3833 solo
549 3770 697 3834 uoluntate
719 3771 818 3834 divino
837 3781 991 3855 peccatum
1010 3796 1071 3838 esse
1088 3798 1146 3839 non
1159 3785 1279 3858 potcst;
1302 3781 1334 3840 in

227 3879 356 3962 qnalibet
377 3888 475 3944 nutem
488 3882 636 3945 voluntate
658 3891 798 3946 creature
817 3892 915 3966 potest
937 3907 997 3949 esse
1011 3895 1165 3968 peccatum
1179 3889 1334 3952 secundum

227 3990 356 4053 ordinem
370 4013 430 4054 suoe
444 3999 566 4055 naturae.

272 4101 434 4176 Quomodo
457 4112 562 4166 autem
589 4102 691 4187 angeli
715 4126 839 4188 peccare
863 4107 981 4190 possint
1007 4107 1135 4192 explicat
1161 4109 1192 4174 S.
1221 4110 1337 4177 Doctor

232 4212 315 4295 (ibid.
333 4212 372 4276 ad
386 4215 462 4297 4¹¹¹):
487 4214 512 4276 si
533 4213 672 4278 videlicet
696 4216 806 4298 stipant
828 4218 949 4301 aliquid,
965 4221 1045 4302 quod
1067 4223 1220 4286 serrandum
1241 4247 1272 4287 sc
1294 4235 1338 4288 cst

231 4326 347 4404 bonnm,
363 4325 486 4388 sednon
508 4348 572 4388 cnm
587 4326 687 4388 ordine
702 4327 802 4390 deb-itu
824 4351 963 4393 mensure
978 4340 1031 4394 aut
1051 4333 1178 4415 repulsu
1202 4335 1245 4396 ita
1261 4337 1340 4417 quod
