3200 4975
225 344 295 389 car.
311 325 366 408 11.]
600 345 641 386 un
659 342 915 387 accrnnrrrnus.
1262 312 1326 373 339

223 513 345 595 operitis,
369 509 422 573 sed
446 508 656 594 participative
678 509 769 572 etiam
793 508 907 591 quoodo
924 506 1078 588 potientis,
1123 502 1163 565 Et
1186 497 1325 564 similiter

222 624 273 685 nbi
296 620 479 685 accidentale
500 643 563 684 non
589 620 646 683 erit
670 618 768 683 solum
792 620 843 683 abi
861 619 1013 701 potientis,
1041 613 1095 678 sed
1117 610 1325 697 participative

223 736 315 799 etiam
337 737 388 799 abi
409 738 533 819 opentis.
579 733 724 819 Sequitur
745 756 781 797 ex
795 730 1024 797 coinexistentia
1039 727 1215 793 corumdem
1230 727 1280 790 abi
1294 732 1325 787 et

224 849 350 932 quoodo.

267 959 313 1022 Ex
327 980 363 1021 eo
377 957 461 1042 quod
483 956 654 1021 substantia
677 955 839 1020 materialis
863 956 902 1018 sit
924 953 1103 1018 naturaliter
1126 950 1325 1014 determinata

224 1068 262 1131 ad
283 1068 439 1151 agendum
459 1076 489 1131 et
509 1067 699 1152 patiendum,
714 1066 862 1151 sequitur,
886 1065 1086 1130 mutationem
1110 1061 1325 1127 accidentalem

224 1180 373 1243 circandi
394 1187 426 1243 et
448 1179 563 1263 quondo
586 1179 619 1241 iu
642 1178 761 1242 duobus
783 1187 837 1241 aut
848 1176 988 1262 pluribus
1003 1174 1160 1240 elementis
1176 1174 1238 1237 fore
1253 1195 1324 1237 con-

223 1284 352 1369 tinuam,
369 1313 422 1353 seu
438 1312 502 1354 non
516 1290 730 1375 interruptam.
761 1289 866 1365 Quum
883 1310 950 1352 vero
966 1288 1030 1352 haec
1044 1286 1175 1352 mutatio
1190 1285 1326 1349 acciden-

224 1402 294 1467 talis
316 1403 483 1466 constituat
505 1411 624 1466 motum
647 1402 782 1481 localem,
806 1403 953 1486 sequitur,
975 1410 1093 1465 motum
1115 1399 1242 1463 localem
1264 1398 1327 1461 lore

225 1515 406 1578 continuum
436 1514 499 1578 sive
528 1513 647 1578 ratione
676 1513 832 1599 temporis,
857 1512 940 1599 quod
963 1521 1009 1577 est
1034 1512 1140 1575 relatio
1162 1512 1243 1574 inter
1267 1510 1328 1573 duo

226 1627 351 1710 quondo,
374 1627 436 1691 sive
457 1626 575 1689 ratione
598 1626 687 1709 spatii
709 1625 855 1710 percurri,
871 1624 953 1709 quod
976 1633 1022 1687 est
1042 1624 1147 1688 relatio
1166 1620 1328 1687 interduo

226 1740 285 1803 abi.
331 1739 413 1802 Hinc
436 1738 559 1803 evidens
582 1747 638 1816 est,
654 1738 888 1802 continuitatem
912 1744 1014 1801 motus
1036 1759 1101 1819 esse
1119 1758 1240 1799 causam
1256 1756 1328 1797 cou-

227 1850 484 1934 tinuitatisquam
499 1848 688 1933 concipimus
703 1849 736 1911 in
758 1858 896 1933 tempore
918 1857 948 1912 et
970 1849 1004 1911 in
1026 1848 1125 1932 spatio
1147 1846 1281 1923 relativo,
1294 1854 1329 1909 ut

225 1960 298 2024 alibi
318 1969 475 2023 ostensum
493 1969 558 2037 est;
582 1969 612 2023 et
633 1960 730 2044 ipsam
751 1960 986 2024 continuitatem
1006 1968 1107 2023 motus
1122 1958 1193 2021 oriri
1208 1980 1243 2021 ex
1258 1980 1330 2021 cou-

227 2072 372 2135 tinuitate
393 2071 531 2149 actionis,
547 2094 609 2155 qua
630 2072 756 2135 materia
778 2071 842 2155 agit
857 2072 889 2135 in
906 2072 1084 2149 materiam3
1106 2070 1150 2133 ita
1165 2080 1200 2133 ut
1215 2090 1251 2133 ex
1265 2071 1331 2152 ipsa

228 2184 345 2246 actione
360 2183 473 2247 motiva
486 2183 695 2267 proficiscatur
716 2183 815 2268 prima
836 2184 915 2248 ratio
937 2182 1157 2261 continuitatis,
1173 2204 1240 2267 quae
1261 2204 1331 2265 par-

227 2295 371 2379 ticipatur
393 2294 500 2372 motui,
515 2306 547 2359 et
570 2304 757 2379 permotum
780 2295 879 2380 spatio
902 2316 1054 2379 percurso,
1071 2317 1105 2357 ao
1125 2294 1255 2377 tempori
1270 2314 1331 2376 quo

228 2407 453 2494 percurritur*.

272 2520 358 2583 Inter
372 2521 423 2582 udi
437 2528 468 2583 et
483 2521 597 2603 qwado
610 2519 789 2585 substantiae
802 2519 968 2604 spiritualis
981 2519 1060 2582 idem
1073 2517 1227 2581 invenitur
1238 2539 1333 2580 nexus

230 2642 348 2695 motum
363 2631 544 2695 continuum
560 2630 797 2694 intellectualem
809 2632 922 2695 faciens
930 2658 939 2710 ;
963 2631 1136 2695 intellectus
1148 2631 1231 2693 euim
1240 2629 1278 2693 ab
1287 2630 1334 2692 in-

229 2741 382 2825 telligibili
405 2751 509 2805 motus
530 2764 566 2804 ex
582 2764 645 2805 suae
660 2750 776 2805 naturae
791 2743 970 2807 necessitate
986 2743 1126 2807 ubicatur
1140 2743 1174 2805 in
1188 2742 1334 2826 intelligi·

232 2852 296 2931 bili,
312 2861 342 2916 et
358 2851 432 2915 dum
447 2853 513 2916 eius
528 2852 660 2916 diversas
675 2853 808 2918 rationes
823 2854 979 2938 intelligit,
995 2855 1128 2918 diversas
1148 2854 1336 2919 ubicationes

233 2963 432 3028 accidentales
447 2964 573 3028 diversis
588 2964 775 3028 instantibus
791 2964 962 3029 durationis
978 2966 1136 3050 coniungit
1147 2989 1201 3050 per
1211 2966 1335 3030 modurn

232 3077 380 3155 continui,
392 3099 488 3160 quum
499 3086 534 3140 ut
543 3077 681 3160 potentia
692 3077 859 3142 necessaria
868 3087 999 3162 nequeat
1015 3077 1053 3142 de
1068 3101 1100 3142 se
1114 3079 1335 3162 interrumpere

234 3210 325 3252 suum
337 3197 455 3279 motum
469 3187 699 3254 intellectivam.
744 3189 860 3253 Poterit
875 3198 976 3254 autem
992 3190 1154 3274 improviso
1170 3189 1203 3252 in
1218 3189 1335 3254 diverso

270 3459 286 3490 ¹
304 3455 478 3511 Continuitas
494 3456 608 3512 actionis
626 3459 752 3531 producit
768 3466 874 3514 motum
897 3478 970 3514 nuuc
994 3461 1178 3530 acceleratum,
1200 3478 1272 3514 nunc
1295 3478 1338 3514 re·

233 3545 380 3612 tardatum,
393 3544 447 3615 qui,
460 3550 570 3616 propter
586 3545 745 3600 continuam
761 3547 942 3619 receptionem
960 3565 1038 3602 novae
1057 3547 1171 3602 alicuius
1181 3541 1338 3602 ¹velocitatis

234 3631 264 3683 in
281 3630 383 3699 mobili,
396 3631 518 3685 continet
535 3650 628 3688 revera
639 3633 669 3686 in
682 3634 756 3688 omni
768 3634 883 3691 instanti
894 3651 993 3690 novam
1005 3635 1199 3689 mutationem:
1220 3635 1298 3690 etsie
1310 3635 1339 3689 in

234 3719 309 3772 omni
321 3717 434 3772 instanti
445 3718 560 3773 habetur
571 3721 735 3775 intrinsecus
752 3726 844 3775 motus
861 3721 891 3774 iu
908 3721 1066 3793 passivitate
1084 3722 1199 3777 mobilis.
1238 3723 1339 3776 Contra

236 3809 326 3858 motus
337 3804 486 3874 uniformis,
494 3806 541 3877 qui
548 3806 639 3861 locum
649 3807 761 3862 haberet
772 3813 834 3880 post
845 3809 979 3862 actionem
991 3809 1197 3879 instantaneam,
1205 3827 1259 3863 non
1269 3814 1340 3862 esset

235 3891 397 3946 intrinsecus
408 3892 574 3963 passivitatis
585 3899 684 3962 motus,
693 3894 747 3947 nisi
759 3912 807 3966 pro
819 3895 932 3949 instanti
943 3895 973 3948 in
982 3913 1035 3968 quo
1044 3895 1258 3950 communicatur
1264 3897 1339 3950 velo-

236 3978 321 4034 citas:
340 3984 369 4033 et
379 3983 439 4032 toto
450 3983 571 4051 temporo
583 3985 712 4052 sequente
724 3980 869 4036 haberetur
880 3982 937 4036 sola
948 3983 1065 4036 mutatio
1080 3981 1219 4036 relationis
1236 3982 1340 4036 extrin-

238 4084 305 4121 secae
330 4065 401 4120 circa
423 4065 475 4135 ubi,
494 4083 554 4136 quae
577 4071 669 4120 tamen
687 4072 758 4121 esset
776 4068 912 4138 continua,
932 4069 995 4139 quia
1013 4069 1156 4142 passivitas
1173 4068 1288 4140 mobilis,
1307 4069 1342 4124 ob

235 4171 312 4207 suam
323 4151 540 4223 indifferentiam,
549 4154 646 4224 nequit
658 4154 858 4209 discontinuare
870 4156 1067 4228 percursionem
1079 4155 1167 4228 spatii.
1187 4156 1242 4211 Sed
1250 4161 1341 4211 motus

236 4239 282 4293 hic
299 4239 449 4309 uniformis,
468 4239 491 4293 si
509 4240 657 4313 accipiatur
673 4241 799 4312 rigorose,
817 4261 873 4296 non
891 4243 970 4296 datur
994 4242 1023 4296 in
1041 4248 1145 4312 natura,
1164 4247 1196 4297 ut
1215 4261 1262 4297 suo
1280 4245 1340 4297 loco

239 4325 365 4379 vidimus.

1118 4432 1170 4490 22
