3200 4975
230 382 300 425 car.
318 361 372 444 ra]
676 385 718 427 na
737 385 883 430 nonme.
1271 369 1333 431 187

229 567 284 628 pro
306 553 416 608 natura
439 544 630 609 substantiali
641 571 651 624 3
675 555 800 630 propter
822 546 905 631 quod
927 545 1069 612 dicebant
1092 547 1247 612 hominem
1268 571 1334 613 esse

228 657 394 742 quamdam
410 657 631 722 substantiam:
654 666 685 720 et
705 666 927 742 consequenter
949 666 1090 743 poterant
1109 658 1208 722 dicere
1230 659 1333 739 etiam,

228 770 311 853 quod
333 769 445 849 anima,
468 792 536 854 quae
557 777 604 834 θεῖ
627 769 761 833 hominis
782 791 865 854 pars,
888 779 968 834 θεεθῖ
990 770 1176 854 incompleta
1200 770 1334 834 hominis

227 880 409 947 substantia.
456 881 524 946 Hoc
553 890 654 946 autem
682 881 784 966 ipsum
814 905 871 946 nos
901 881 993 946 etiam
1020 883 1150 947 dicimus
1161 909 1171 962 3
1201 883 1335 947 fatemur

227 993 320 1072 enim,
336 993 469 1058 animam
484 1017 550 1058 esse
564 1003 706 1058 naturam
722 994 956 1059 substantialem
971 995 1106 1059 hominis
1121 995 1281 1080 partialem
1303 1004 1334 1060 et

228 1105 453 1190 incompletam.
498 1104 556 1169 Vel
571 1105 662 1169 tertio
677 1105 843 1170 dicendum
858 1115 915 1186 est,
931 1128 983 1170 eos
999 1106 1097 1170 dicere
1112 1107 1245 1171 animam
1262 1106 1335 1171 sub·

228 1217 371 1281 stantiam
395 1216 619 1302 incompletam,
641 1217 714 1301 quia
736 1216 930 1281 considerant
951 1217 1085 1281 animam
1108 1216 1333 1302 reduplicative,

227 1335 263 1390 ut
284 1326 454 1391 ordinatam
477 1327 518 1392 ad
538 1327 768 1392 informandum
790 1350 921 1412 corpus3
948 1336 984 1391 ut
1006 1329 1089 1392 enim
1111 1327 1272 1393 ordinatur
1294 1327 1333 1393 ad

227 1438 439 1518 animandum,
461 1461 525 1503 non
550 1446 597 1504 est
622 1448 694 1503 actu
708 1425 870 1524 'completa
896 1439 955 1504 nisi
982 1462 1036 1524 per
1055 1441 1206 1505 actualem
1228 1440 1333 1505 termi-

227 1552 383 1616 nationem
405 1552 445 1616 ad
468 1572 589 1635 corpus,
612 1552 692 1616 sicut
712 1561 743 1616 et
761 1574 820 1616 nos
843 1575 935 1638 supra
957 1551 1101 1616 diximus.
1148 1552 1209 1616 Sed
1227 1552 1334 1618 adver·

227 1663 355 1728 tendum
371 1671 427 1742 est,
442 1663 501 1728 hoc
516 1686 629 1728 nomen
644 1667 748 1728 anima
761 1686 825 1728 non
846 1686 912 1728 esse
932 1663 1110 1748 simpliciter
1130 1685 1244 1728 nomen
1262 1664 1335 1728 sub·

227 1775 358 1855 stantiae,
373 1775 427 1839 sed
451 1784 615 1840 connotare
640 1774 733 1839 etiam
759 1775 893 1840 officium
915 1775 1054 1840 naturale
1074 1776 1113 1840 ad
1134 1774 1218 1860 quod
1240 1775 1334 1840 desti·

227 1895 338 1953 natur:
361 1894 392 1951 et
415 1887 468 1966 sic,
487 1887 558 1951 licet
580 1887 677 1972 possit
699 1885 760 1951 dici
781 1886 969 1972 incompleta
990 1887 1048 1951 sub
1071 1887 1127 1951 bac
1149 1887 1334 1952 formalitate

227 1998 394 2080 animandi,
411 2007 457 2062 θεῖ
478 2006 581 2062 tamen
601 1998 688 2082 prius
702 1997 735 2061 in
751 2019 784 2062 se
798 1998 949 2082 completa
963 1999 995 2062 in
1011 1998 1128 2062 ratione
1143 1999 1334 2064 substantiae.

227 2111 319 2175 Unde
336 2109 591 2189 concludendum,
613 2110 747 2174 animam
765 2118 935 2194 separatam
953 2133 971 2174 a
989 2131 1113 2194 corpore
1130 2132 1185 2196 per
1202 2119 1332 2176 mortem

226 2223 287 2287 dici
312 2222 516 2287 substantiam
540 2221 757 2306 incompletam
786 2231 911 2307 propter
940 2222 1118 2287 relationem
1147 2222 1187 2287 ad
1215 2224 1331 2288 factum

226 2333 364 2398 naturale
377 2333 500 2397 unionis
514 2333 580 2398 eius
595 2355 666 2398 cum
689 2356 833 2418 corpore:
856 2356 917 2419 quo
938 2335 1018 2398 lacto
1039 2343 1185 2414 cessante,
1202 2335 1333 2400 dicimus

228 2445 331 2511 deesse
346 2445 456 2510 animae
470 2444 587 2531 aliquid
603 2444 686 2530 quod
700 2445 786 2530 prius
800 2444 981 2511 naturaliter
995 2445 1137 2511 habebat.

270 2561 324 2623 53.
351 2560 477 2622 Obiica'cs
491 2562 536 2623 2⁰.
561 2557 595 2621 Si
603 2558 705 2622 anima
715 2558 852 2622 humana
863 2567 909 2622 est
921 2558 1161 2623 substantialiter
1172 2559 1332 2645 completa,

225 2670 399 2735 terminatio
414 2669 532 2734 eiusad
555 2692 665 2754 corpus
683 2670 770 2734 affert
784 2670 831 2734 illi
854 2670 1112 2755 complementum
1128 2671 1313 2735 accidentale
1321 2698 1331 2751 3

200 2803 204 2813 ·
226 2790 258 2847 et
283 2782 326 2847 sic
349 2783 442 2846 homo
463 2782 521 2846 erit
544 2804 643 2846 unum
657 2804 713 2866 per
737 2782 887 2847 accidens.
932 2783 1029 2868 Atqui
1050 2783 1109 2847 hoc
1131 2790 1177 2846 θεῖ
1199 2782 1331 2862 falsum3

226 2918 299 2980 ergo
313 2903 345 2959 et
359 2894 448 2959 illud.
492 2894 533 2959 nt
548 2896 645 2958 maior
658 2894 826 2979 probatur3
850 2896 920 2979 quia
936 2894 1018 2978 quod
1029 2904 1076 2959 θεῖ
1092 2894 1334 2959 substantialiter

226 3007 413 3092 completum
438 3007 547 3091 nequit
564 3007 677 3071 iterum
700 3005 845 3091 compleri
869 3006 1111 3071 substantialiter
1121 3033 1132 3086 3
1154 3030 1226 3071 nam
1249 3029 1333 3071 com·

225 3118 415 3203 plementum
431 3118 631 3185 substantiale
645 3128 692 3184 est
706 3118 814 3203 idque
829 3117 938 3181 ultimo
953 3117 1125 3183 substantia
1140 3118 1330 3215 terminatur.

226 3231 323 3315 Atqui
337 3230 447 3294 ultimo
462 3230 618 3294 terminari
629 3238 676 3295 θεῖ
691 3229 852 3294 excludere
863 3252 985 3295 omnem
1001 3230 1175 3295 ulteriorem
1186 3231 1331 3296 termina·

226 3342 341 3406 tionem
357 3341 492 3406 eiusdem
505 3342 625 3426 speciei.
668 3342 753 3426 Ergo
767 3342 792 3406 si
808 3342 910 3406 anima
921 3352 968 3407 est
984 3342 1156 3407 substantia
1170 3343 1331 3428 completa,

226 3453 452 3519 accidentaliter
462 3454 644 3517 terminatur
652 3453 691 3518 ad
700 3476 821 3539 corpus.
852 3453 1005 3519 lltexhoc
1017 3453 1330 3539 sequitur,hominem

225 3589 291 3631 esse
305 3588 403 3629 unum
419 3588 474 3650 per
488 3565 638 3631 accidens.
683 3566 725 3629 ln
740 3566 938 3630 confirmatur
945 3592 955 3645 3
972 3589 1050 3631 ,nam
1065 3588 1102 3631 ex
1117 3565 1236 3630 duobus
1251 3567 1330 3631 enti-

226 3679 284 3742 bus
296 3678 326 3741 in
345 3688 416 3742 actu
430 3678 588 3763 completis
603 3678 710 3763 nequit
723 3678 790 3741 fieri
805 3701 900 3742 unum
917 3700 972 3763 per
986 3702 1029 3744 se.
1072 3678 1178 3763 Atqui,
1189 3679 1213 3743 si
1229 3680 1331 3744 anima

225 3800 271 3853 est
287 3798 373 3853 actus
385 3788 625 3854 substantialiter
639 3789 820 3873 completus,
830 3812 926 3874 quum
938 3789 1029 3853 etiam
1045 3812 1155 3874 corpus
1169 3788 1280 3853 habeat
1294 3813 1330 3854 ex

226 3900 409 3986 supradictis
431 3922 522 3964 suum
545 3909 647 3964 actum
670 3898 902 3964 substantialem
923 3901 1118 3985 completum,
1133 3900 1226 3964 homo
1248 3922 1330 3965 com·

202 4011 357 4097 'ponetur
379 4034 416 4075 ex
441 4010 562 4075 duobus
585 4011 707 4075 entibus
733 4012 765 4075 in
790 4022 861 4077 actu
887 4013 1045 4097 eompletis
1056 4038 1066 4091 3
1088 4034 1151 4075 non
1176 4013 1233 4076 erit
1256 4035 1331 4097 ergo

226 4147 324 4188 unum
340 4146 394 4208 per
409 4146 451 4202 se,
467 4122 520 4186 sed
535 4147 589 4207 per
603 4122 752 4187 accidens.

270 4234 453 4320 Respondeo
468 4235 535 4299 diet.
548 4236 628 4298 Mai.
641 4234 815 4298 terminatio
827 4234 936 4299 animae
951 4232 990 4298 ad
1004 4256 1113 4318 corpus
1128 4233 1232 4299 afferet
1246 4257 1328 4300 com·

226 4348 415 4431 plementum
433 4346 626 4428 accidentale,
642 4347 736 4412 idest
758 4369 821 4411 non
837 4345 1006 4426 essentiale,
1022 4368 1078 4411 nec
1093 4347 1273 4431 requisitum
1289 4347 1328 4412 ad
