3200 4975
276 320 343 383 340
676 340 719 383 nn
735 340 992 384 sccrosurrsus.
1224 318 1310 403 [car.
1328 338 1389 381 111.

278 507 329 571 ubi
343 504 542 571 intellectuali
557 506 704 571 eonstitui
718 529 773 591 per
787 505 912 585 saltum,
927 506 953 570 si
969 529 987 570 a
1005 528 1085 571 novo
1107 504 1226 569 obiecto
1247 504 1387 581 feriatur,

277 617 362 703 quod
379 641 398 682 a
414 618 515 703 priore
534 640 571 683 ex
589 627 657 683 toto
673 618 804 684 differat.
860 618 921 683 Sed
944 618 1009 683 hmo
1032 616 1184 682 sufficiant
1209 615 1387 699 deputando

276 738 308 795 et
322 730 383 795 ubi.

714 1049 855 1116 CAPUT
879 1050 944 1115 ΙΙΙ.

311 1232 361 1287 DE
379 1232 660 1289 AOGIDENTIBUS
680 1234 907 1309 OOMPLEXIS,
927 1236 1000 1291 SEU
1019 1233 1344 1292 RESULTAN'I'IBUS.

316 1396 369 1457 45.
393 1392 538 1478 Superest
552 1393 707 1478 agendum
722 1393 760 1459 de
775 1394 813 1458 iis
827 1394 1075 1473 accidentalibus,
1091 1416 1160 1478 quae
1180 1392 1328 1456 resultant
1343 1413 1383 1454 ex

272 1504 481 1571 assidentibus
514 1506 676 1591 primitivis
705 1529 798 1590 supra
826 1508 988 1590 expositis:
1011 1516 1042 1570 et
1072 1513 1146 1569 suut
1174 1504 1291 1590 reliqua
1318 1502 1381 1567 tria

272 1616 507 1701 predicamenta
530 1618 658 1696 Relatio,
688 1617 836 1697 Qualitas,
862 1627 890 1682 et
920 1619 1099 1692 Quantitas:
1124 1618 1223 1680 Situm
1243 1615 1325 1678 enim
1345 1625 1378 1677 et

273 1730 414 1793 Habitum
434 1728 522 1793 facile
543 1738 591 1793 est
613 1729 653 1794 ad
674 1728 866 1814 complexum
888 1728 1052 1814 quemdam
1079 1727 1263 1791 relationum
1285 1725 1377 1789 redu·

270 1862 354 1907 uere:
377 1850 408 1907 et
419 1852 486 1907 tum
501 1850 626 1927 propter
640 1842 720 1907 hane
734 1842 895 1922 rationem,
911 1852 979 1907 tum
994 1842 1067 1927 quia
1082 1842 1243 1904 minimum
1258 1838 1375 1903 habent

269 1962 471 2033 momentum,
497 1954 666 2038 poterimus
688 1954 738 2020 bie
761 1963 929 2039 utrumque
957 1954 1123 2039 negligere.
1169 1952 1231 2016 Sed
1260 1951 1377 2035 reliqua

268 2063 337 2143 tria,
352 2086 420 2150 quae
434 2074 465 2129 et
481 2087 608 2149 magnas
629 2066 825 2131 difficultates
845 2067 1015 2147 continent,
1030 2076 1061 2129 et
1077 2064 1297 2150 quaestionibus
1311 2086 1375 2126 non

268 2174 372 2260 paucis
394 2174 561 2241 enodandis
583 2176 751 2261 plurimum
775 2177 955 2256 inserviunt,
978 2186 1094 2261 quanta
1115 2176 1285 2261 poterimus
1302 2173 1371 2239 dili·

267 2286 380 2371 gentis,
396 2286 463 2352 sine
478 2287 633 2355 brevitatis
648 2289 773 2368 iactura,
788 2290 920 2354 totidem
936 2289 1071 2353 articulis
1085 2288 1293 2373 expediemus.

650 2561 833 2604 sustentus
849 2560 987 2605 PRIMUS.
1082 2567 1089 2573 “

709 2704 758 2768 De
772 2705 923 2768 relatione.

307 2855 361 2918 46.
385 2851 540 2930 Quaeritur
554 2852 664 2937 primo,
680 2853 753 2936 quid
765 2856 806 2917 sit
820 2853 936 2918 relatio.
1037 2907 1042 2914 .

309 2964 499 3049 Respondes,
509 2963 686 3030 relationem
698 2963 819 3028 definiri
828 2987 887 3043 eoa,
903 2966 985 3029 ouius
1000 2972 1092 3028 totum
1106 2972 1225 3028 esseest
1239 2965 1278 3027 ad
1290 2963 1375 3026 uliud

262 3099 294 3140 ae
315 3077 430 3141 bubos.
476 3075 551 3140 Hae
573 3075 786 3160 receptissima.
811 3076 947 3140 definitio
977 3075 1121 3153 ostendit,
1148 3076 1272 3139 nomine
1294 3074 1369 3139 rela-

262 3189 355 3254 tionis
370 3210 431 3254 non
450 3186 581 3272 intelligi
595 3210 646 3251 eru
659 3189 692 3251 io
706 3188 765 3252 ulio
780 3191 920 3266 estatem,
934 3188 987 3251 sed
1002 3210 1053 3252 ersa
1063 3188 1104 3251 od
1115 3187 1199 3250 uliud
1210 3190 1368 3250 tantum*.

264 3299 315 3363 sic
337 3300 417 3365 datis
439 3298 560 3364 duobus
582 3299 670 3378 albis,
693 3299 862 3364 similitudo
884 3322 976 3385 quam
995 3297 1110 3362 habent
1125 3320 1189 3361 non
1204 3307 1250 3362 est
1265 3301 1297 3360 io
1310 3321 1368 3362 ooo

262 3409 394 3489 illorum,
411 3431 467 3474 nee
481 3412 513 3472 io
528 3411 620 3474 altero
636 3419 782 3494 separate,
803 3433 898 3494 quum
919 3409 1042 3474 evidens
1057 3410 1107 3488 sit,
1122 3431 1185 3472 non
1200 3432 1288 3494 posse
1303 3408 1368 3472 sine

262 3521 450 3586 absurditate
464 3521 541 3586 diei:
565 3523 633 3586 Hoc
647 3522 744 3586 album
758 3530 802 3585 est
816 3523 920 3599 morib,
930 3529 983 3585 aut
997 3521 1081 3584 Illud
1092 3521 1190 3584 auam
1204 3529 1247 3584 est
1260 3521 1367 3584 simile:

261 3633 340 3697 sieut
355 3655 410 3697 nee
428 3633 488 3697 dici
507 3642 609 3719 potest
630 3634 713 3697 borrw
736 3642 780 3697 est
803 3633 925 3711 distans,
941 3631 988 3695 vel
1010 3641 1090 3696 toro
1112 3641 1156 3696 est
1177 3634 1289 3696 mium:
1314 3633 1366 3696 sed

297 3803 310 3832 ⁹
329 3800 388 3856 Deo
404 3801 531 3858 convenit
548 3820 600 3856 esse
617 3819 637 3854 s
653 3814 696 3870 sn,
709 3815 743 3854 ru
755 3814 798 3869 su,
814 3815 876 3854 ena
889 3814 940 3854 sn:
959 3799 1118 3855 substantiis
1130 3799 1227 3854 mestis
1238 3801 1366 3855 convenit

258 3907 309 3942 esse
321 3889 354 3942 ab
366 3888 425 3957 olio,
438 3888 486 3943 sed
497 3903 530 3942 ne
543 3902 577 3941 sn
590 3894 618 3943 et
629 3902 691 3941 run
702 3902 754 3942 sn:
773 3886 958 3942 accidentibus
976 3887 1006 3941 in
1023 3888 1176 3943 substantia
1187 3887 1365 3942 existentibus

258 3976 386 4033 convenit
402 3994 454 4031 esse
471 3977 504 4030 ab
521 3976 581 4045 alio,
600 3975 648 4030 sed
664 3975 753 4030 adhue
769 3990 831 4029 ena
849 3989 892 4046 sn,
911 3980 1045 4046 quatenus
1062 3975 1164 4030 habent
1181 3975 1310 4030 ultimum
1322 3975 1364 4029 sui

256 4063 484 4135 complementum
503 4062 625 4117 absolute
645 4068 674 4116 et
693 4061 799 4117 ratione
820 4061 870 4131 sui,
893 4080 948 4115 non
969 4067 1062 4116 autom
1078 4080 1127 4134 per
1144 4062 1234 4116 aliud:
1253 4061 1363 4116 tandem

255 4149 380 4204 relationi
392 4149 522 4222 competit
533 4168 584 4204 ease
596 4151 628 4203 ab
640 4150 701 4218 olio,
713 4168 765 4203 ooo
774 4150 805 4204 io
817 4168 850 4219 se,
864 4156 888 4204 et
899 4169 951 4204 non
962 4151 992 4204 tn
1004 4151 1062 4220 olio,
1076 4150 1123 4203 sed
1141 4165 1201 4202 ean
1217 4165 1310 4203 somn
1322 4165 1361 4201 nr

254 4253 355 4292 suun.
392 4237 430 4291 Et
441 4237 501 4291 ideo
513 4237 608 4291 relatio
619 4237 703 4292 habet
713 4236 856 4291 minimam
869 4236 1018 4305 entitatem,
1031 4254 1080 4290 nee
1097 4236 1201 4307 indiget
1212 4254 1293 4291 eausa
1304 4235 1362 4289 effi·

252 4325 349 4393 ciente,
362 4323 438 4378 euius
450 4324 487 4376 sit
499 4323 616 4391 effeetus,
629 4323 677 4377 sed
689 4329 796 4378 tuntum
809 4324 983 4378 fundamento
996 4342 1030 4378 ex
1042 4341 1095 4395 quo
1107 4324 1225 4377 resultet.
