<?xml version="1.0" encoding="UTF-8"?>
<!DOCTYPE html PUBLIC "-//W3C//DTD XHTML 1.0 Transitional//EN"
    "http://www.w3.org/TR/xhtml1/DTD/xhtml1-transitional.dtd">
<html xmlns="http://www.w3.org/1999/xhtml" xml:lang="en" lang="en">
 <head>
  <title>
</title>
<meta http-equiv="Content-Type" content="text/html;charset=utf-8" />
  <meta name='ocr-system' content='tesseract 3.04.00' />
  <meta name='ocr-capabilities' content='ocr_page ocr_carea ocr_par ocr_line ocrx_word'/>
</head>
<body>
  <div class='ocr_page' id='page_1' title='image "./realisphilosoph02baymgoog_0024.png"; bbox 0 0 3200 4975; ppageno 0'>
   <div class='ocr_carea' id='block_1_1' title="bbox 277 347 1375 431">
    <p class='ocr_par' dir='ltr' id='par_1_1' title="bbox 277 347 1375 431">
     <span class='ocr_line' id='line_1_1' title="bbox 277 347 1375 431; baseline 0.001 -23"><span class='ocrx_word' id='word_1_1' title='bbox 277 347 319 409; x_wconf 87' lang='lat'><strong>10</strong></span> <span class='ocrx_word' id='word_1_2' title='bbox 595 368 637 411; x_wconf 81' lang='lat' dir='ltr'><strong>nn</strong></span> <span class='ocrx_word' id='word_1_3' title='bbox 654 368 854 413; x_wconf 80' lang='lat' dir='ltr'><strong>suasranrra</strong></span> <span class='ocrx_word' id='word_1_4' title='bbox 868 367 1068 412; x_wconf 75' lang='lat' dir='ltr'><strong>samarcam.</strong></span> <span class='ocrx_word' id='word_1_5' title='bbox 1250 348 1335 431; x_wconf 81' lang='lat' dir='ltr'><strong>[car.</strong></span> <span class='ocrx_word' id='word_1_6' title='bbox 1353 367 1375 409; x_wconf 83' lang='lat'><strong>1.</strong></span> 
     </span>
    </p>
   </div>
   <div class='ocr_carea' id='block_1_2' title="bbox 273 532 1455 4291">
    <p class='ocr_par' dir='ltr' id='par_1_2' title="bbox 273 532 1374 841">
     <span class='ocr_line' id='line_1_2' title="bbox 273 532 1374 617; baseline -0.001 -21"><span class='ocrx_word' id='word_1_7' title='bbox 273 542 377 597; x_wconf 92' lang='lat' dir='ltr'><strong>actum</strong></span> <span class='ocrx_word' id='word_1_8' title='bbox 392 533 549 617; x_wconf 82' lang='lat' dir='ltr'>cognoscit</span> <span class='ocrx_word' id='word_1_9' title='bbox 564 556 596 597; x_wconf 91' lang='lat' dir='ltr'><strong>se</strong></span> <span class='ocrx_word' id='word_1_10' title='bbox 611 542 643 597; x_wconf 89' lang='lat' dir='ltr'><strong>et</strong></span> <span class='ocrx_word' id='word_1_11' title='bbox 657 542 739 597; x_wconf 85' lang='lat' dir='ltr'><strong>amat</strong></span> <span class='ocrx_word' id='word_1_12' title='bbox 755 556 797 612; x_wconf 89' lang='lat' dir='ltr'><strong>se,</strong></span> <span class='ocrx_word' id='word_1_13' title='bbox 813 534 867 597; x_wconf 89' lang='lat' dir='ltr'><strong>sed</strong></span> <span class='ocrx_word' id='word_1_14' title='bbox 881 534 972 598; x_wconf 88' lang='lat' dir='ltr'><strong>unico</strong></span> <span class='ocrx_word' id='word_1_15' title='bbox 989 543 1021 598; x_wconf 89' lang='lat' dir='ltr'><strong>et</strong></span> <span class='ocrx_word' id='word_1_16' title='bbox 1038 534 1143 597; x_wconf 88' lang='lat' dir='ltr'><strong>eodem</strong></span> <span class='ocrx_word' id='word_1_17' title='bbox 1160 532 1279 598; x_wconf 76' lang='lat' dir='ltr'><strong>realiter</strong></span> <span class='ocrx_word' id='word_1_18' title='bbox 1294 541 1374 611; x_wconf 89' lang='lat' dir='ltr'><strong>actu,</strong></span> 
     </span>
     <span class='ocr_line' id='line_1_3' title="bbox 274 644 1374 729; baseline 0 -22"><span class='ocrx_word' id='word_1_19' title='bbox 274 645 327 729; x_wconf 92' lang='lat' dir='ltr'><strong>qui</strong></span> <span class='ocrx_word' id='word_1_20' title='bbox 345 644 436 709; x_wconf 87' lang='lat' dir='ltr'><strong>habet</strong></span> <span class='ocrx_word' id='word_1_21' title='bbox 457 645 533 710; x_wconf 88' lang='lat' dir='ltr'><strong>duas</strong></span> <span class='ocrx_word' id='word_1_22' title='bbox 552 644 684 709; x_wconf 87' lang='lat' dir='ltr'><strong>diversas</strong></span> <span class='ocrx_word' id='word_1_23' title='bbox 703 645 965 710; x_wconf 78' lang='lat' dir='ltr'><strong>denominationes</strong></span> <span class='ocrx_word' id='word_1_24' title='bbox 980 646 1019 709; x_wconf 93' lang='lat' dir='ltr'><strong>ob</strong></span> <span class='ocrx_word' id='word_1_25' title='bbox 1035 646 1187 711; x_wconf 78' lang='lat' dir='ltr'><strong>diversum</strong></span> <span class='ocrx_word' id='word_1_26' title='bbox 1203 655 1374 729; x_wconf 87' lang='lat' dir='ltr'><strong>respectum</strong></span> 
     </span>
     <span class='ocr_line' id='line_1_4' title="bbox 274 756 768 841; baseline 0.002 -21"><span class='ocrx_word' id='word_1_27' title='bbox 274 757 406 835; x_wconf 83' lang='lat' dir='ltr'><strong>termini,</strong></span> <span class='ocrx_word' id='word_1_28' title='bbox 422 765 457 821; x_wconf 92' lang='lat' dir='ltr'><strong>ut</strong></span> <span class='ocrx_word' id='word_1_29' title='bbox 473 756 696 841; x_wconf 86' lang='lat' dir='ltr'><strong>supradictum</strong></span> <span class='ocrx_word' id='word_1_30' title='bbox 712 767 768 821; x_wconf 88' lang='lat' dir='ltr'><strong>est.</strong></span> 
     </span>
    </p>

    <p class='ocr_par' dir='ltr' id='par_1_3' title="bbox 274 866 1374 1063">
     <span class='ocr_line' id='line_1_5' title="bbox 317 866 1374 953; baseline -0.001 -22"><span class='ocrx_word' id='word_1_31' title='bbox 317 871 346 931; x_wconf 90' lang='lat'><strong>9.</strong></span> <span class='ocrx_word' id='word_1_32' title='bbox 371 866 527 942; x_wconf 74' lang='lat' dir='ltr'><strong>Quaeritur</strong></span> <span class='ocrx_word' id='word_1_33' title='bbox 542 877 635 947; x_wconf 86' lang='lat' dir='ltr'><strong>sexto,</strong></span> <span class='ocrx_word' id='word_1_34' title='bbox 651 876 750 932; x_wconf 84' lang='lat' dir='ltr'><strong>utrum</strong></span> <span class='ocrx_word' id='word_1_35' title='bbox 765 869 943 953; x_wconf 59' lang='lat' dir='ltr'><strong>intelligens,</strong></span> <span class='ocrx_word' id='word_1_36' title='bbox 957 870 988 932; x_wconf 84' lang='lat' dir='ltr'><strong>in</strong></span> <span class='ocrx_word' id='word_1_37' title='bbox 1003 877 1146 952; x_wconf 62' lang='lat' dir='ltr'><strong>wantum</strong></span> <span class='ocrx_word' id='word_1_38' title='bbox 1160 870 1218 932; x_wconf 84' lang='lat' dir='ltr'><strong>sibi</strong></span> <span class='ocrx_word' id='word_1_39' title='bbox 1232 869 1374 953; x_wconf 73' lang='lat' dir='ltr'><strong>coquitur,</strong></span> 
     </span>
     <span class='ocr_line' id='line_1_6' title="bbox 274 981 971 1063; baseline 0.003 -22"><span class='ocrx_word' id='word_1_40' title='bbox 274 988 350 1043; x_wconf 86' lang='lat' dir='ltr'><strong>amet</strong></span> <span class='ocrx_word' id='word_1_41' title='bbox 360 981 485 1063; x_wconf 74' lang='lat' dir='ltr'><strong>seqraum</strong></span> <span class='ocrx_word' id='word_1_42' title='bbox 500 982 532 1043; x_wconf 82' lang='lat' dir='ltr'><strong>ia</strong></span> <span class='ocrx_word' id='word_1_43' title='bbox 546 987 687 1063; x_wconf 85' lang='lat' dir='ltr'><strong>quantum</strong></span> <span class='ocrx_word' id='word_1_44' title='bbox 701 1003 732 1044; x_wconf 86' lang='lat' dir='ltr'><strong>se</strong></span> <span class='ocrx_word' id='word_1_45' title='bbox 746 988 971 1063; x_wconf 73' lang='lat' dir='ltr'><strong>eoqmrscentem.</strong></span> 
     </span>
    </p>

    <p class='ocr_par' dir='ltr' id='par_1_4' title="bbox 273 1082 1455 3289">
     <span class='ocr_line' id='line_1_7' title="bbox 317 1082 1376 1175; baseline -0.002 -22"><span class='ocrx_word' id='word_1_46' title='bbox 317 1091 498 1175; x_wconf 85' lang='lat' dir='ltr'><strong>Respondeo</strong></span> <span class='ocrx_word' id='word_1_47' title='bbox 518 1082 705 1156; x_wconf 76' lang='lat' dir='ltr'><strong>affirmativc&#39;.</strong></span> <span class='ocrx_word' id='word_1_48' title='bbox 750 1092 833 1154; x_wconf 88' lang='lat' dir='ltr'><strong>Nam</strong></span> <span class='ocrx_word' id='word_1_49' title='bbox 853 1114 908 1155; x_wconf 88' lang='lat' dir='ltr'><strong>ens</strong></span> <span class='ocrx_word' id='word_1_50' title='bbox 928 1090 1157 1170; x_wconf 83' lang='lat' dir='ltr'><strong>intellectivam,</strong></span> <span class='ocrx_word' id='word_1_51' title='bbox 1173 1091 1205 1153; x_wconf 93' lang='lat' dir='ltr'><strong>in</strong></span> <span class='ocrx_word' id='word_1_52' title='bbox 1226 1098 1376 1175; x_wconf 90' lang='lat' dir='ltr'><strong>qnantum</strong></span> 
     </span>
     <span class='ocr_line' id='line_1_8' title="bbox 273 1201 1377 1287; baseline -0.002 -22"><span class='ocrx_word' id='word_1_53' title='bbox 273 1224 458 1287; x_wconf 87' lang='lat' dir='ltr'><strong>cognoscens</strong></span> <span class='ocrx_word' id='word_1_54' title='bbox 483 1224 514 1266; x_wconf 89' lang='lat' dir='ltr'><strong>se</strong></span> <span class='ocrx_word' id='word_1_55' title='bbox 538 1202 650 1286; x_wconf 88' lang='lat' dir='ltr'><strong>ipsum,</strong></span> <span class='ocrx_word' id='word_1_56' title='bbox 671 1212 718 1265; x_wconf 91' lang='lat' dir='ltr'><strong>est</strong></span> <span class='ocrx_word' id='word_1_57' title='bbox 743 1201 873 1266; x_wconf 84' lang='lat' dir='ltr'><strong>amabile</strong></span> <span class='ocrx_word' id='word_1_58' title='bbox 897 1202 955 1266; x_wconf 86' lang='lat' dir='ltr'><strong>sibi</strong></span> <span class='ocrx_word' id='word_1_59' title='bbox 980 1202 1040 1287; x_wconf 88' lang='lat' dir='ltr'><strong>ipsi</strong></span> <span class='ocrx_word' id='word_1_60' title='bbox 1060 1201 1194 1285; x_wconf 90' lang='lat' dir='ltr'><strong>cognito,</strong></span> <span class='ocrx_word' id='word_1_61' title='bbox 1215 1212 1245 1265; x_wconf 91' lang='lat' dir='ltr'><strong>ct</strong></span> <span class='ocrx_word' id='word_1_62' title='bbox 1267 1202 1377 1265; x_wconf 89' lang='lat' dir='ltr'><strong>intime</strong></span> 
     </span>
     <span class='ocr_line' id='line_1_9' title="bbox 274 1311 1377 1397; baseline -0.002 -21"><span class='ocrx_word' id='word_1_63' title='bbox 274 1334 408 1396; x_wconf 81' lang='lat' dir='ltr'><strong>praesens</strong></span> <span class='ocrx_word' id='word_1_64' title='bbox 427 1311 485 1376; x_wconf 83' lang='lat' dir='ltr'><strong>siba</strong></span> <span class='ocrx_word' id='word_1_65' title='bbox 504 1311 564 1397; x_wconf 88' lang='lat' dir='ltr'><strong>ipsi</strong></span> <span class='ocrx_word' id='word_1_66' title='bbox 584 1312 718 1397; x_wconf 81' lang='lat' dir='ltr'><strong>cognite,</strong></span> <span class='ocrx_word' id='word_1_67' title='bbox 734 1322 765 1375; x_wconf 93' lang='lat' dir='ltr'><strong>et</strong></span> <span class='ocrx_word' id='word_1_68' title='bbox 789 1311 912 1397; x_wconf 92' lang='lat' dir='ltr'><strong>quidem</strong></span> <span class='ocrx_word' id='word_1_69' title='bbox 934 1334 1065 1397; x_wconf 87' lang='lat' dir='ltr'><strong>praesens</strong></span> <span class='ocrx_word' id='word_1_70' title='bbox 1088 1312 1146 1375; x_wconf 91' lang='lat' dir='ltr'><strong>sub</strong></span> <span class='ocrx_word' id='word_1_71' title='bbox 1163 1312 1279 1377; x_wconf 89' lang='lat' dir='ltr'><strong>ratione</strong></span> <span class='ocrx_word' id='word_1_72' title='bbox 1295 1333 1377 1375; x_wconf 88' lang='lat' dir='ltr'><strong>ama·</strong></span> 
     </span>
     <span class='ocr_line' id='line_1_10' title="bbox 274 1421 1377 1509; baseline -0.001 -23"><span class='ocrx_word' id='word_1_73' title='bbox 274 1423 363 1490; x_wconf 86' lang='lat' dir='ltr'><strong>bilis:</strong></span> <span class='ocrx_word' id='word_1_74' title='bbox 387 1446 426 1489; x_wconf 88' lang='lat' dir='ltr'><strong>ex</strong></span> <span class='ocrx_word' id='word_1_75' title='bbox 447 1446 509 1509; x_wconf 90' lang='lat' dir='ltr'><strong>quo</strong></span> <span class='ocrx_word' id='word_1_76' title='bbox 532 1422 670 1508; x_wconf 85' lang='lat' dir='ltr'><strong>sequitur</strong></span> <span class='ocrx_word' id='word_1_77' title='bbox 687 1421 770 1508; x_wconf 92' lang='lat' dir='ltr'><strong>quod</strong></span> <span class='ocrx_word' id='word_1_78' title='bbox 791 1422 978 1507; x_wconf 85' lang='lat' dir='ltr'><strong>intelligens,</strong></span> <span class='ocrx_word' id='word_1_79' title='bbox 994 1430 1029 1485; x_wconf 94' lang='lat' dir='ltr'><strong>ut</strong></span> <span class='ocrx_word' id='word_1_80' title='bbox 1049 1422 1107 1485; x_wconf 87' lang='lat' dir='ltr'><strong>sibi</strong></span> <span class='ocrx_word' id='word_1_81' title='bbox 1128 1423 1280 1505; x_wconf 87' lang='lat' dir='ltr'><strong>cognitus,</strong></span> <span class='ocrx_word' id='word_1_82' title='bbox 1295 1429 1377 1486; x_wconf 89' lang='lat' dir='ltr'><strong>amet</strong></span> 
     </span>
     <span class='ocr_line' id='line_1_11' title="bbox 275 1532 1376 1619; baseline -0.004 -20"><span class='ocrx_word' id='word_1_83' title='bbox 275 1534 408 1619; x_wconf 84' lang='lat' dir='ltr'><strong>seipsum</strong></span> <span class='ocrx_word' id='word_1_84' title='bbox 432 1542 466 1598; x_wconf 91' lang='lat' dir='ltr'><strong>ut</strong></span> <span class='ocrx_word' id='word_1_85' title='bbox 489 1542 732 1617; x_wconf 89' lang='lat' dir='ltr'><strong>cognoscentem.</strong></span> <span class='ocrx_word' id='word_1_86' title='bbox 779 1532 871 1610; x_wconf 82' lang='lat' dir='ltr'><strong>Quod</strong></span> <span class='ocrx_word' id='word_1_87' title='bbox 893 1542 995 1596; x_wconf 88' lang='lat' dir='ltr'><strong>autem</strong></span> <span class='ocrx_word' id='word_1_88' title='bbox 1018 1556 1072 1596; x_wconf 88' lang='lat' dir='ltr'><strong>ens</strong></span> <span class='ocrx_word' id='word_1_89' title='bbox 1095 1532 1324 1611; x_wconf 76' lang='lat' dir='ltr'><strong>intellectivam,</strong></span> <span class='ocrx_word' id='word_1_90' title='bbox 1343 1533 1376 1595; x_wconf 91' lang='lat' dir='ltr'><strong>in</strong></span> 
     </span>
     <span class='ocr_line' id='line_1_12' title="bbox 275 1643 1376 1730; baseline -0.004 -20"><span class='ocrx_word' id='word_1_91' title='bbox 275 1654 426 1730; x_wconf 90' lang='lat' dir='ltr'><strong>quantum</strong></span> <span class='ocrx_word' id='word_1_92' title='bbox 441 1667 627 1729; x_wconf 86' lang='lat' dir='ltr'><strong>cognoscens</strong></span> <span class='ocrx_word' id='word_1_93' title='bbox 643 1645 787 1728; x_wconf 89' lang='lat' dir='ltr'><strong>seipsum,</strong></span> <span class='ocrx_word' id='word_1_94' title='bbox 803 1643 913 1708; x_wconf 88' lang='lat' dir='ltr'><strong>habeat</strong></span> <span class='ocrx_word' id='word_1_95' title='bbox 928 1644 1077 1708; x_wconf 87' lang='lat' dir='ltr'><strong>rationem</strong></span> <span class='ocrx_word' id='word_1_96' title='bbox 1088 1644 1228 1708; x_wconf 89' lang='lat' dir='ltr'><strong>amabilis</strong></span> <span class='ocrx_word' id='word_1_97' title='bbox 1244 1644 1303 1707; x_wconf 89' lang='lat' dir='ltr'><strong>sibi</strong></span> <span class='ocrx_word' id='word_1_98' title='bbox 1317 1644 1376 1728; x_wconf 89' lang='lat' dir='ltr'><strong>ipsi</strong></span> 
     </span>
     <span class='ocr_line' id='line_1_13' title="bbox 275 1754 1378 1855; baseline -0.005 -33"><span class='ocrx_word' id='word_1_99' title='bbox 275 1757 407 1841; x_wconf 88' lang='lat' dir='ltr'><strong>cognit0,</strong></span> <span class='ocrx_word' id='word_1_100' title='bbox 423 1765 507 1840; x_wconf 87' lang='lat' dir='ltr'><strong>patet</strong></span> <span class='ocrx_word' id='word_1_101' title='bbox 530 1776 566 1819; x_wconf 84' lang='lat' dir='ltr'><strong>ex</strong></span> <span class='ocrx_word' id='word_1_102' title='bbox 583 1778 618 1820; x_wconf 88' lang='lat' dir='ltr'><strong>co</strong></span> <span class='ocrx_word' id='word_1_103' title='bbox 639 1754 720 1839; x_wconf 92' lang='lat' dir='ltr'><strong>quod</strong></span> <span class='ocrx_word' id='word_1_104' title='bbox 740 1754 898 1855; x_wconf 75' lang='lat' dir='ltr'><strong>cognitum</strong></span> <span class='ocrx_word' id='word_1_105' title='bbox 916 1765 1048 1839; x_wconf 84' lang='lat' dir='ltr'><strong>nequeat</strong></span> <span class='ocrx_word' id='word_1_106' title='bbox 1063 1777 1129 1818; x_wconf 86' lang='lat' dir='ltr'><strong>esse</strong></span> <span class='ocrx_word' id='word_1_107' title='bbox 1144 1754 1302 1839; x_wconf 89' lang='lat' dir='ltr'><strong>cognitum</strong></span> <span class='ocrx_word' id='word_1_108' title='bbox 1318 1754 1378 1818; x_wconf 91' lang='lat' dir='ltr'><strong>nisi</strong></span> 
     </span>
     <span class='ocr_line' id='line_1_14' title="bbox 275 1865 1378 1951; baseline -0.001 -20"><span class='ocrx_word' id='word_1_109' title='bbox 275 1870 308 1932; x_wconf 92' lang='lat' dir='ltr'><strong>in</strong></span> <span class='ocrx_word' id='word_1_110' title='bbox 338 1876 559 1951; x_wconf 80' lang='lat' dir='ltr'><strong>cognoscente:</strong></span> <span class='ocrx_word' id='word_1_111' title='bbox 596 1865 674 1930; x_wconf 91' lang='lat' dir='ltr'><strong>illud</strong></span> <span class='ocrx_word' id='word_1_112' title='bbox 703 1874 816 1943; x_wconf 86' lang='lat' dir='ltr'><strong>autem,</strong></span> <span class='ocrx_word' id='word_1_113' title='bbox 844 1865 876 1928; x_wconf 94' lang='lat' dir='ltr'><strong>in</strong></span> <span class='ocrx_word' id='word_1_114' title='bbox 907 1888 967 1949; x_wconf 90' lang='lat' dir='ltr'><strong>quo</strong></span> <span class='ocrx_word' id='word_1_115' title='bbox 997 1865 1061 1929; x_wconf 91' lang='lat' dir='ltr'><strong>solo</strong></span> <span class='ocrx_word' id='word_1_116' title='bbox 1091 1867 1249 1949; x_wconf 89' lang='lat' dir='ltr'><strong>cognitum</strong></span> <span class='ocrx_word' id='word_1_117' title='bbox 1276 1875 1378 1949; x_wconf 84' lang='lat' dir='ltr'><strong>potest</strong></span> 
     </span>
     <span class='ocr_line' id='line_1_15' title="bbox 275 1976 1377 2061; baseline -0.001 -19"><span class='ocrx_word' id='word_1_118' title='bbox 275 1979 386 2045; x_wconf 87' lang='lat' dir='ltr'><strong>habere</strong></span> <span class='ocrx_word' id='word_1_119' title='bbox 406 2002 481 2058; x_wconf 88' lang='lat' dir='ltr'><strong>esse,</strong></span> <span class='ocrx_word' id='word_1_120' title='bbox 497 1978 666 2043; x_wconf 85' lang='lat' dir='ltr'><strong>necessario</strong></span> <span class='ocrx_word' id='word_1_121' title='bbox 689 1986 735 2041; x_wconf 88' lang='lat' dir='ltr'><strong>est</strong></span> <span class='ocrx_word' id='word_1_122' title='bbox 752 1977 882 2041; x_wconf 80' lang='lat' dir='ltr'><strong>amabile</strong></span> <span class='ocrx_word' id='word_1_123' title='bbox 899 1978 960 2061; x_wconf 87' lang='lat' dir='ltr'><strong>ipsi</strong></span> <span class='ocrx_word' id='word_1_124' title='bbox 974 1978 1039 2041; x_wconf 90' lang='lat' dir='ltr'><strong>enti</strong></span> <span class='ocrx_word' id='word_1_125' title='bbox 1054 1987 1090 2041; x_wconf 88' lang='lat' dir='ltr'><strong>ut</strong></span> <span class='ocrx_word' id='word_1_126' title='bbox 1105 1978 1237 2061; x_wconf 85' lang='lat' dir='ltr'><strong>cognito.</strong></span> <span class='ocrx_word' id='word_1_127' title='bbox 1284 1976 1377 2053; x_wconf 85' lang='lat' dir='ltr'><strong>Quod</strong></span> 
     </span>
     <span class='ocr_line' id='line_1_16' title="bbox 277 2088 1378 2174; baseline -0.002 -19"><span class='ocrx_word' id='word_1_128' title='bbox 277 2092 386 2155; x_wconf 90' lang='lat' dir='ltr'><strong>deinde</strong></span> <span class='ocrx_word' id='word_1_129' title='bbox 396 2111 582 2174; x_wconf 88' lang='lat' dir='ltr'><strong>cognoscens</strong></span> <span class='ocrx_word' id='word_1_130' title='bbox 594 2089 633 2153; x_wconf 88' lang='lat' dir='ltr'><strong>sit</strong></span> <span class='ocrx_word' id='word_1_131' title='bbox 645 2089 752 2152; x_wconf 90' lang='lat' dir='ltr'><strong>intime</strong></span> <span class='ocrx_word' id='word_1_132' title='bbox 767 2111 899 2173; x_wconf 87' lang='lat' dir='ltr'><strong>praesens</strong></span> <span class='ocrx_word' id='word_1_133' title='bbox 911 2088 969 2154; x_wconf 93' lang='lat' dir='ltr'><strong>sibi</strong></span> <span class='ocrx_word' id='word_1_134' title='bbox 984 2089 1044 2173; x_wconf 89' lang='lat' dir='ltr'><strong>ipsi</strong></span> <span class='ocrx_word' id='word_1_135' title='bbox 1058 2099 1093 2153; x_wconf 89' lang='lat' dir='ltr'><strong>ut</strong></span> <span class='ocrx_word' id='word_1_136' title='bbox 1108 2090 1242 2173; x_wconf 90' lang='lat' dir='ltr'><strong>cognito,</strong></span> <span class='ocrx_word' id='word_1_137' title='bbox 1254 2099 1378 2173; x_wconf 88' lang='lat' dir='ltr'><strong>apparet</strong></span> 
     </span>
     <span class='ocr_line' id='line_1_17' title="bbox 277 2202 1378 2288; baseline -0.001 -20"><span class='ocrx_word' id='word_1_138' title='bbox 277 2228 313 2269; x_wconf 86' lang='lat' dir='ltr'><strong>ex</strong></span> <span class='ocrx_word' id='word_1_139' title='bbox 326 2205 485 2288; x_wconf 87' lang='lat' dir='ltr'><strong>hucusque</strong></span> <span class='ocrx_word' id='word_1_140' title='bbox 501 2202 599 2267; x_wconf 90' lang='lat' dir='ltr'><strong>dictis.</strong></span> <span class='ocrx_word' id='word_1_141' title='bbox 635 2202 726 2279; x_wconf 80' lang='lat' dir='ltr'><strong>Quod</strong></span> <span class='ocrx_word' id='word_1_142' title='bbox 743 2202 874 2287; x_wconf 87' lang='lat' dir='ltr'><strong>denique</strong></span> <span class='ocrx_word' id='word_1_143' title='bbox 888 2202 928 2265; x_wconf 91' lang='lat' dir='ltr'><strong>sit</strong></span> <span class='ocrx_word' id='word_1_144' title='bbox 943 2225 1078 2287; x_wconf 86' lang='lat' dir='ltr'><strong>praesens</strong></span> <span class='ocrx_word' id='word_1_145' title='bbox 1092 2202 1150 2265; x_wconf 83' lang='lat' dir='ltr'><strong>sub</strong></span> <span class='ocrx_word' id='word_1_146' title='bbox 1165 2202 1282 2266; x_wconf 87' lang='lat' dir='ltr'><strong>ratione</strong></span> <span class='ocrx_word' id='word_1_147' title='bbox 1296 2226 1378 2267; x_wconf 88' lang='lat' dir='ltr'><strong>ama-</strong></span> 
     </span>
     <span class='ocr_line' id='line_1_18' title="bbox 277 2313 1379 2397; baseline -0.004 -17"><span class='ocrx_word' id='word_1_148' title='bbox 277 2315 356 2393; x_wconf 88' lang='lat' dir='ltr'><strong>bilis,</strong></span> <span class='ocrx_word' id='word_1_149' title='bbox 381 2313 509 2378; x_wconf 87' lang='lat' dir='ltr'><strong>resultat</strong></span> <span class='ocrx_word' id='word_1_150' title='bbox 533 2336 570 2376; x_wconf 86' lang='lat' dir='ltr'><strong>ex</strong></span> <span class='ocrx_word' id='word_1_151' title='bbox 598 2336 634 2376; x_wconf 91' lang='lat' dir='ltr'><strong>co</strong></span> <span class='ocrx_word' id='word_1_152' title='bbox 657 2313 740 2397; x_wconf 91' lang='lat' dir='ltr'><strong>quod</strong></span> <span class='ocrx_word' id='word_1_153' title='bbox 762 2322 894 2396; x_wconf 86' lang='lat' dir='ltr'><strong>nequeat</strong></span> <span class='ocrx_word' id='word_1_154' title='bbox 917 2335 983 2377; x_wconf 86' lang='lat' dir='ltr'><strong>esse</strong></span> <span class='ocrx_word' id='word_1_155' title='bbox 1007 2336 1139 2397; x_wconf 86' lang='lat' dir='ltr'><strong>praesens</strong></span> <span class='ocrx_word' id='word_1_156' title='bbox 1166 2314 1223 2377; x_wconf 89' lang='lat' dir='ltr'><strong>sub</strong></span> <span class='ocrx_word' id='word_1_157' title='bbox 1248 2314 1379 2397; x_wconf 83' lang='lat' dir='ltr'><strong>simplici</strong></span> 
     </span>
     <span class='ocr_line' id='line_1_19' title="bbox 278 2423 1378 2509; baseline -0.002 -19"><span class='ocrx_word' id='word_1_158' title='bbox 278 2426 396 2491; x_wconf 88' lang='lat' dir='ltr'><strong>ratione</strong></span> <span class='ocrx_word' id='word_1_159' title='bbox 415 2423 648 2509; x_wconf 83' lang='lat' dir='ltr'><strong>cognoscibilis3</strong></span> <span class='ocrx_word' id='word_1_160' title='bbox 671 2423 742 2508; x_wconf 90' lang='lat' dir='ltr'><strong>quia</strong></span> <span class='ocrx_word' id='word_1_161' title='bbox 764 2446 819 2487; x_wconf 89' lang='lat' dir='ltr'><strong>eus</strong></span> <span class='ocrx_word' id='word_1_162' title='bbox 837 2423 1067 2503; x_wconf 86' lang='lat' dir='ltr'><strong>intellectivum,</strong></span> <span class='ocrx_word' id='word_1_163' title='bbox 1083 2433 1118 2488; x_wconf 96' lang='lat' dir='ltr'><strong>ut</strong></span> <span class='ocrx_word' id='word_1_164' title='bbox 1134 2424 1294 2508; x_wconf 90' lang='lat' dir='ltr'><strong>cognitum</strong></span> <span class='ocrx_word' id='word_1_165' title='bbox 1310 2423 1378 2503; x_wconf 91' lang='lat' dir='ltr'><strong>sibi,</strong></span> 
     </span>
     <span class='ocr_line' id='line_1_20' title="bbox 276 2536 1455 2621; baseline -0.005 -19"><span class='ocrx_word' id='word_1_166' title='bbox 276 2547 407 2602; x_wconf 88' lang='lat' dir='ltr'><strong>nonest</strong></span> <span class='ocrx_word' id='word_1_167' title='bbox 429 2559 615 2621; x_wconf 86' lang='lat' dir='ltr'><strong>cognoscens</strong></span> <span class='ocrx_word' id='word_1_168' title='bbox 638 2537 690 2600; x_wconf 82' lang='lat' dir='ltr'><strong>sed</strong></span> <span class='ocrx_word' id='word_1_169' title='bbox 713 2538 893 2620; x_wconf 82' lang='lat' dir='ltr'><strong>cognitum:</strong></span> <span class='ocrx_word' id='word_1_170' title='bbox 918 2536 1078 2600; x_wconf 90' lang='lat' dir='ltr'><strong>terminare</strong></span> <span class='ocrx_word' id='word_1_171' title='bbox 1100 2546 1204 2601; x_wconf 88' lang='lat' dir='ltr'><strong>autem</strong></span> <span class='ocrx_word' id='word_1_172' title='bbox 1222 2545 1324 2600; x_wconf 88' lang='lat' dir='ltr'><strong>actum</strong></span> <span class='ocrx_word' id='word_1_173' title='bbox 1339 2537 1378 2602; x_wconf 84' lang='lat' dir='ltr'><strong>ad</strong></span> <span class='ocrx_word' id='word_1_174' title='bbox 1445 2581 1455 2596; x_wconf 92' lang='lat'><strong>.</strong></span> 
     </span>
     <span class='ocr_line' id='line_1_21' title="bbox 277 2647 1378 2736; baseline -0.003 -21"><span class='ocrx_word' id='word_1_175' title='bbox 277 2651 392 2736; x_wconf 91' lang='lat' dir='ltr'><strong>aliquid</strong></span> <span class='ocrx_word' id='word_1_176' title='bbox 407 2659 442 2713; x_wconf 91' lang='lat' dir='ltr'><strong>ut</strong></span> <span class='ocrx_word' id='word_1_177' title='bbox 458 2648 661 2734; x_wconf 85' lang='lat' dir='ltr'><strong>cognoscibile</strong></span> <span class='ocrx_word' id='word_1_178' title='bbox 676 2647 864 2732; x_wconf 86' lang='lat' dir='ltr'><strong>simpliciter,</strong></span> <span class='ocrx_word' id='word_1_179' title='bbox 879 2649 1012 2733; x_wconf 85' lang='lat' dir='ltr'><strong>pertinet</strong></span> <span class='ocrx_word' id='word_1_180' title='bbox 1030 2648 1070 2712; x_wconf 91' lang='lat' dir='ltr'><strong>ad</strong></span> <span class='ocrx_word' id='word_1_181' title='bbox 1089 2657 1322 2732; x_wconf 87' lang='lat' dir='ltr'><strong>cognoscentem</strong></span> <span class='ocrx_word' id='word_1_182' title='bbox 1342 2659 1378 2713; x_wconf 94' lang='lat' dir='ltr'><strong>ut</strong></span> 
     </span>
     <span class='ocr_line' id='line_1_22' title="bbox 277 2760 1377 2848; baseline -0.005 -19"><span class='ocrx_word' id='word_1_183' title='bbox 277 2772 521 2848; x_wconf 86' lang='lat' dir='ltr'><strong>cognoscentem,</strong></span> <span class='ocrx_word' id='word_1_184' title='bbox 542 2784 605 2824; x_wconf 91' lang='lat' dir='ltr'><strong>non</strong></span> <span class='ocrx_word' id='word_1_185' title='bbox 625 2769 661 2825; x_wconf 92' lang='lat' dir='ltr'><strong>ut</strong></span> <span class='ocrx_word' id='word_1_186' title='bbox 681 2761 851 2844; x_wconf 86' lang='lat' dir='ltr'><strong>cognitum.</strong></span> <span class='ocrx_word' id='word_1_187' title='bbox 895 2761 979 2844; x_wconf 79' lang='lat' dir='ltr'><strong>Ergo</strong></span> <span class='ocrx_word' id='word_1_188' title='bbox 997 2760 1182 2844; x_wconf 89' lang='lat' dir='ltr'><strong>intelligens,</strong></span> <span class='ocrx_word' id='word_1_189' title='bbox 1199 2770 1234 2824; x_wconf 88' lang='lat' dir='ltr'><strong>ut</strong></span> <span class='ocrx_word' id='word_1_190' title='bbox 1251 2760 1309 2824; x_wconf 89' lang='lat' dir='ltr'><strong>sibi</strong></span> <span class='ocrx_word' id='word_1_191' title='bbox 1329 2783 1377 2824; x_wconf 88' lang='lat' dir='ltr'><strong>co-</strong></span> 
     </span>
     <span class='ocr_line' id='line_1_23' title="bbox 278 2872 1380 2960; baseline -0.003 -21"><span class='ocrx_word' id='word_1_192' title='bbox 278 2877 393 2960; x_wconf 87' lang='lat' dir='ltr'><strong>gnitus,</strong></span> <span class='ocrx_word' id='word_1_193' title='bbox 418 2897 480 2938; x_wconf 89' lang='lat' dir='ltr'><strong>non</strong></span> <span class='ocrx_word' id='word_1_194' title='bbox 505 2873 648 2937; x_wconf 89' lang='lat' dir='ltr'><strong>terminat</strong></span> <span class='ocrx_word' id='word_1_195' title='bbox 675 2873 807 2957; x_wconf 88' lang='lat' dir='ltr'><strong>aliquem</strong></span> <span class='ocrx_word' id='word_1_196' title='bbox 829 2881 931 2936; x_wconf 87' lang='lat' dir='ltr'><strong>actum</strong></span> <span class='ocrx_word' id='word_1_197' title='bbox 956 2872 994 2936; x_wconf 91' lang='lat' dir='ltr'><strong>ad</strong></span> <span class='ocrx_word' id='word_1_198' title='bbox 1020 2872 1232 2955; x_wconf 82' lang='lat' dir='ltr'><strong>cognoscibile,</strong></span> <span class='ocrx_word' id='word_1_199' title='bbox 1257 2873 1310 2936; x_wconf 93' lang='lat' dir='ltr'><strong>sed</strong></span> <span class='ocrx_word' id='word_1_200' title='bbox 1333 2882 1380 2936; x_wconf 91' lang='lat' dir='ltr'><strong>est</strong></span> 
     </span>
     <span class='ocr_line' id='line_1_24' title="bbox 276 2981 1378 3071; baseline -0.005 -21"><span class='ocrx_word' id='word_1_201' title='bbox 276 2989 378 3071; x_wconf 89' lang='lat' dir='ltr'><strong>ipsum</strong></span> <span class='ocrx_word' id='word_1_202' title='bbox 398 2984 601 3070; x_wconf 86' lang='lat' dir='ltr'><strong>cognoscibile</strong></span> <span class='ocrx_word' id='word_1_203' title='bbox 620 2992 691 3046; x_wconf 89' lang='lat' dir='ltr'><strong>actu</strong></span> <span class='ocrx_word' id='word_1_204' title='bbox 713 2983 881 3065; x_wconf 88' lang='lat' dir='ltr'><strong>cognitum.</strong></span> <span class='ocrx_word' id='word_1_205' title='bbox 930 2981 1022 3046; x_wconf 90' lang='lat' dir='ltr'><strong>Unde</strong></span> <span class='ocrx_word' id='word_1_206' title='bbox 1043 2982 1236 3067; x_wconf 90' lang='lat' dir='ltr'><strong>relinquitur,</strong></span> <span class='ocrx_word' id='word_1_207' title='bbox 1256 2992 1292 3046; x_wconf 94' lang='lat' dir='ltr'><strong>ut</strong></span> <span class='ocrx_word' id='word_1_208' title='bbox 1318 2993 1378 3046; x_wconf 90' lang='lat' dir='ltr'><strong>ter·</strong></span> 
     </span>
     <span class='ocr_line' id='line_1_25' title="bbox 277 3091 1379 3177; baseline -0.004 -17"><span class='ocrx_word' id='word_1_209' title='bbox 277 3097 373 3160; x_wconf 92' lang='lat' dir='ltr'><strong>minet</strong></span> <span class='ocrx_word' id='word_1_210' title='bbox 396 3104 498 3159; x_wconf 84' lang='lat' dir='ltr'><strong>actum</strong></span> <span class='ocrx_word' id='word_1_211' title='bbox 514 3094 553 3158; x_wconf 88' lang='lat' dir='ltr'><strong>ad</strong></span> <span class='ocrx_word' id='word_1_212' title='bbox 568 3116 599 3157; x_wconf 86' lang='lat' dir='ltr'><strong>se</strong></span> <span class='ocrx_word' id='word_1_213' title='bbox 616 3103 650 3155; x_wconf 89' lang='lat' dir='ltr'><strong>ut</strong></span> <span class='ocrx_word' id='word_1_214' title='bbox 666 3091 837 3169; x_wconf 88' lang='lat' dir='ltr'><strong>amabilem,</strong></span> <span class='ocrx_word' id='word_1_215' title='bbox 853 3114 907 3155; x_wconf 88' lang='lat' dir='ltr'><strong>seu</strong></span> <span class='ocrx_word' id='word_1_216' title='bbox 923 3101 957 3155; x_wconf 92' lang='lat' dir='ltr'><strong>ut</strong></span> <span class='ocrx_word' id='word_1_217' title='bbox 976 3093 1041 3177; x_wconf 91' lang='lat' dir='ltr'><strong>ipse</strong></span> <span class='ocrx_word' id='word_1_218' title='bbox 1056 3092 1114 3156; x_wconf 86' lang='lat' dir='ltr'><strong>sibi</strong></span> <span class='ocrx_word' id='word_1_219' title='bbox 1134 3093 1276 3177; x_wconf 89' lang='lat' dir='ltr'><strong>cognitus</strong></span> <span class='ocrx_word' id='word_1_220' title='bbox 1298 3102 1379 3157; x_wconf 87' lang='lat' dir='ltr'><strong>amet</strong></span> 
     </span>
     <span class='ocr_line' id='line_1_26' title="bbox 278 3204 944 3289; baseline -0.006 -17"><span class='ocrx_word' id='word_1_221' title='bbox 278 3232 309 3272; x_wconf 88' lang='lat' dir='ltr'><strong>se</strong></span> <span class='ocrx_word' id='word_1_222' title='bbox 324 3214 568 3289; x_wconf 88' lang='lat' dir='ltr'><strong>cognoscentem,</strong></span> <span class='ocrx_word' id='word_1_223' title='bbox 581 3216 611 3268; x_wconf 90' lang='lat' dir='ltr'><strong>et</strong></span> <span class='ocrx_word' id='word_1_224' title='bbox 627 3204 751 3289; x_wconf 89' lang='lat' dir='ltr'><strong>quidem</strong></span> <span class='ocrx_word' id='word_1_225' title='bbox 766 3204 944 3268; x_wconf 88' lang='lat' dir='ltr'><strong>necessario.</strong></span> 
     </span>
    </p>

    <p class='ocr_par' dir='ltr' id='par_1_5' title="bbox 277 3314 1380 4291">
     <span class='ocr_line' id='line_1_27' title="bbox 321 3314 1378 3398; baseline 0 -18"><span class='ocrx_word' id='word_1_226' title='bbox 321 3319 398 3380; x_wconf 90' lang='lat' dir='ltr'><strong>Rem</strong></span> <span class='ocrx_word' id='word_1_227' title='bbox 419 3326 519 3380; x_wconf 88' lang='lat' dir='ltr'><strong>autem</strong></span> <span class='ocrx_word' id='word_1_228' title='bbox 539 3315 637 3398; x_wconf 86' lang='lat' dir='ltr'><strong>magis</strong></span> <span class='ocrx_word' id='word_1_229' title='bbox 661 3314 812 3377; x_wconf 88' lang='lat' dir='ltr'><strong>declarare</strong></span> <span class='ocrx_word' id='word_1_230' title='bbox 833 3337 997 3398; x_wconf 87' lang='lat' dir='ltr'><strong>possumus</strong></span> <span class='ocrx_word' id='word_1_231' title='bbox 1017 3337 1071 3398; x_wconf 91' lang='lat' dir='ltr'><strong>per</strong></span> <span class='ocrx_word' id='word_1_232' title='bbox 1093 3316 1218 3379; x_wconf 89' lang='lat' dir='ltr'><strong>solitum</strong></span> <span class='ocrx_word' id='word_1_233' title='bbox 1238 3326 1378 3380; x_wconf 88' lang='lat' dir='ltr'><strong>nostrum</strong></span> 
     </span>
     <span class='ocr_line' id='line_1_28' title="bbox 278 3425 1380 3512; baseline -0.001 -19"><span class='ocrx_word' id='word_1_234' title='bbox 278 3429 448 3512; x_wconf 86' lang='lat' dir='ltr'><strong>exemplum</strong></span> <span class='ocrx_word' id='word_1_235' title='bbox 465 3425 599 3490; x_wconf 85' lang='lat' dir='ltr'><strong>materiae</strong></span> <span class='ocrx_word' id='word_1_236' title='bbox 614 3433 644 3488; x_wconf 91' lang='lat' dir='ltr'><strong>et</strong></span> <span class='ocrx_word' id='word_1_237' title='bbox 659 3426 774 3489; x_wconf 87' lang='lat' dir='ltr'><strong>formae.</strong></span> <span class='ocrx_word' id='word_1_238' title='bbox 814 3425 895 3488; x_wconf 90' lang='lat' dir='ltr'><strong>Nam</strong></span> <span class='ocrx_word' id='word_1_239' title='bbox 908 3426 986 3489; x_wconf 87' lang='lat' dir='ltr'><strong>sicut</strong></span> <span class='ocrx_word' id='word_1_240' title='bbox 997 3427 1029 3488; x_wconf 91' lang='lat' dir='ltr'><strong>in</strong></span> <span class='ocrx_word' id='word_1_241' title='bbox 1041 3434 1112 3490; x_wconf 90' lang='lat' dir='ltr'><strong>ente</strong></span> <span class='ocrx_word' id='word_1_242' title='bbox 1125 3428 1272 3491; x_wconf 87' lang='lat' dir='ltr'><strong>materiali</strong></span> <span class='ocrx_word' id='word_1_243' title='bbox 1283 3429 1380 3492; x_wconf 88' lang='lat' dir='ltr'><strong>forma</strong></span> 
     </span>
     <span class='ocr_line' id='line_1_29' title="bbox 277 3537 1379 3624; baseline 0 -19"><span class='ocrx_word' id='word_1_244' title='bbox 277 3563 333 3606; x_wconf 87' lang='lat' dir='ltr'><strong>suo</strong></span> <span class='ocrx_word' id='word_1_245' title='bbox 353 3539 443 3603; x_wconf 92' lang='lat' dir='ltr'><strong>modo</strong></span> <span class='ocrx_word' id='word_1_246' title='bbox 463 3546 545 3601; x_wconf 88' lang='lat' dir='ltr'><strong>amat</strong></span> <span class='ocrx_word' id='word_1_247' title='bbox 569 3537 734 3614; x_wconf 87' lang='lat' dir='ltr'><strong>materiam,</strong></span> <span class='ocrx_word' id='word_1_248' title='bbox 751 3537 823 3620; x_wconf 90' lang='lat' dir='ltr'><strong>quia</strong></span> <span class='ocrx_word' id='word_1_249' title='bbox 844 3537 878 3600; x_wconf 90' lang='lat' dir='ltr'><strong>in</strong></span> <span class='ocrx_word' id='word_1_250' title='bbox 898 3560 933 3601; x_wconf 87' lang='lat' dir='ltr'><strong>ea</strong></span> <span class='ocrx_word' id='word_1_251' title='bbox 948 3537 1013 3600; x_wconf 88' lang='lat' dir='ltr'><strong>sola</strong></span> <span class='ocrx_word' id='word_1_252' title='bbox 1027 3560 1092 3601; x_wconf 88' lang='grc' dir='ltr'>θεεθ</span> <span class='ocrx_word' id='word_1_253' title='bbox 1107 3547 1218 3621; x_wconf 89' lang='lat' dir='ltr'><strong>potest,</strong></span> <span class='ocrx_word' id='word_1_254' title='bbox 1235 3549 1379 3624; x_wconf 88' lang='lat' dir='ltr'><strong>utsupra</strong></span> 
     </span>
     <span class='ocr_line' id='line_1_30' title="bbox 277 3647 1379 3730; baseline -0.001 -14"><span class='ocrx_word' id='word_1_255' title='bbox 277 3652 420 3728; x_wconf 90' lang='lat' dir='ltr'><strong>diximus,</strong></span> <span class='ocrx_word' id='word_1_256' title='bbox 435 3649 477 3712; x_wconf 91' lang='lat' dir='ltr'><strong>ita</strong></span> <span class='ocrx_word' id='word_1_257' title='bbox 500 3649 532 3711; x_wconf 93' lang='lat' dir='ltr'><strong>in</strong></span> <span class='ocrx_word' id='word_1_258' title='bbox 555 3648 659 3712; x_wconf 88' lang='lat' dir='ltr'><strong>eodem</strong></span> <span class='ocrx_word' id='word_1_259' title='bbox 683 3658 753 3710; x_wconf 91' lang='lat' dir='ltr'><strong>ente</strong></span> <span class='ocrx_word' id='word_1_260' title='bbox 773 3647 900 3710; x_wconf 87' lang='lat' dir='ltr'><strong>materia</strong></span> <span class='ocrx_word' id='word_1_261' title='bbox 920 3670 975 3710; x_wconf 88' lang='lat' dir='ltr'><strong>suo</strong></span> <span class='ocrx_word' id='word_1_262' title='bbox 994 3648 1085 3712; x_wconf 93' lang='lat' dir='ltr'><strong>modo</strong></span> <span class='ocrx_word' id='word_1_263' title='bbox 1103 3657 1186 3712; x_wconf 87' lang='lat' dir='ltr'><strong>amat</strong></span> <span class='ocrx_word' id='word_1_264' title='bbox 1206 3650 1345 3730; x_wconf 89' lang='lat' dir='ltr'><strong>formam,</strong></span> <span class='ocrx_word' id='word_1_265' title='bbox 1361 3675 1379 3715; x_wconf 87' lang='lat' dir='ltr'><strong>a</strong></span> 
     </span>
     <span class='ocr_line' id='line_1_31' title="bbox 278 3760 1380 3851; baseline 0 -23"><span class='ocrx_word' id='word_1_266' title='bbox 278 3788 338 3851; x_wconf 90' lang='lat' dir='ltr'><strong>qua</strong></span> <span class='ocrx_word' id='word_1_267' title='bbox 361 3763 424 3826; x_wconf 88' lang='lat' dir='ltr'><strong>sola</strong></span> <span class='ocrx_word' id='word_1_268' title='bbox 445 3761 536 3825; x_wconf 91' lang='lat' dir='ltr'><strong>habet</strong></span> <span class='ocrx_word' id='word_1_269' title='bbox 559 3784 642 3839; x_wconf 83' lang='lat' dir='ltr'><strong>esse3</strong></span> <span class='ocrx_word' id='word_1_270' title='bbox 666 3760 745 3824; x_wconf 88' lang='lat' dir='ltr'><strong>sicut</strong></span> <span class='ocrx_word' id='word_1_271' title='bbox 767 3761 849 3824; x_wconf 89' lang='lat' dir='ltr'><strong>enim</strong></span> <span class='ocrx_word' id='word_1_272' title='bbox 872 3761 987 3824; x_wconf 92' lang='lat' dir='ltr'><strong>bonum</strong></span> <span class='ocrx_word' id='word_1_273' title='bbox 1011 3761 1076 3824; x_wconf 90' lang='lat' dir='ltr'><strong>enti</strong></span> <span class='ocrx_word' id='word_1_274' title='bbox 1090 3769 1136 3824; x_wconf 86' lang='lat' dir='ltr'><strong>est</strong></span> <span class='ocrx_word' id='word_1_275' title='bbox 1151 3784 1216 3825; x_wconf 91' lang='lat' dir='ltr'><strong>esse</strong></span> <span class='ocrx_word' id='word_1_276' title='bbox 1230 3763 1263 3827; x_wconf 90' lang='lat' dir='ltr'><strong>in</strong></span> <span class='ocrx_word' id='word_1_277' title='bbox 1278 3787 1380 3828; x_wconf 89' lang='lat' dir='ltr'><strong>rerum</strong></span> 
     </span>
     <span class='ocr_line' id='line_1_32' title="bbox 278 3873 1380 3957; baseline 0 -17"><span class='ocrx_word' id='word_1_278' title='bbox 278 3885 398 3952; x_wconf 88' lang='lat' dir='ltr'><strong>natura,</strong></span> <span class='ocrx_word' id='word_1_279' title='bbox 421 3874 464 3938; x_wconf 90' lang='lat' dir='ltr'><strong>ita</strong></span> <span class='ocrx_word' id='word_1_280' title='bbox 493 3874 608 3937; x_wconf 92' lang='lat' dir='ltr'><strong>bonum</strong></span> <span class='ocrx_word' id='word_1_281' title='bbox 639 3882 685 3937; x_wconf 88' lang='lat' dir='ltr'><strong>est</strong></span> <span class='ocrx_word' id='word_1_282' title='bbox 712 3873 757 3936; x_wconf 92' lang='lat' dir='ltr'><strong>illi</strong></span> <span class='ocrx_word' id='word_1_283' title='bbox 778 3873 812 3936; x_wconf 93' lang='lat' dir='ltr'><strong>id</strong></span> <span class='ocrx_word' id='word_1_284' title='bbox 835 3874 984 3956; x_wconf 84' lang='lat' dir='ltr'><strong>sineque</strong></span> <span class='ocrx_word' id='word_1_285' title='bbox 1007 3895 1072 3936; x_wconf 90' lang='lat' dir='ltr'><strong>esse</strong></span> <span class='ocrx_word' id='word_1_286' title='bbox 1093 3874 1200 3957; x_wconf 89' lang='lat' dir='ltr'><strong>nequit</strong></span> <span class='ocrx_word' id='word_1_287' title='bbox 1223 3875 1255 3937; x_wconf 96' lang='lat' dir='ltr'><strong>in</strong></span> <span class='ocrx_word' id='word_1_288' title='bbox 1279 3899 1380 3940; x_wconf 89' lang='lat' dir='ltr'><strong>rerum</strong></span> 
     </span>
     <span class='ocr_line' id='line_1_33' title="bbox 278 3983 1380 4066; baseline 0 -14"><span class='ocrx_word' id='word_1_289' title='bbox 278 3997 406 4066; x_wconf 72' lang='lat' dir='ltr'><strong>natura,</strong></span> <span class='ocrx_word' id='word_1_290' title='bbox 429 3995 459 4050; x_wconf 89' lang='lat' dir='ltr'><strong>et</strong></span> <span class='ocrx_word' id='word_1_291' title='bbox 478 3985 557 4049; x_wconf 90' lang='lat' dir='ltr'><strong>sicut</strong></span> <span class='ocrx_word' id='word_1_292' title='bbox 578 3985 694 4048; x_wconf 90' lang='lat' dir='ltr'><strong>bonum</strong></span> <span class='ocrx_word' id='word_1_293' title='bbox 717 3985 823 4048; x_wconf 85' lang='lat' dir='ltr'><strong>sormae</strong></span> <span class='ocrx_word' id='word_1_294' title='bbox 845 3992 892 4047; x_wconf 90' lang='lat' dir='ltr'><strong>est</strong></span> <span class='ocrx_word' id='word_1_295' title='bbox 915 4006 979 4047; x_wconf 89' lang='lat' dir='ltr'><strong>esse</strong></span> <span class='ocrx_word' id='word_1_296' title='bbox 999 3983 1032 4046; x_wconf 92' lang='lat' dir='ltr'><strong>in</strong></span> <span class='ocrx_word' id='word_1_297' title='bbox 1051 4006 1105 4046; x_wconf 90' lang='lat' dir='ltr'><strong>sua</strong></span> <span class='ocrx_word' id='word_1_298' title='bbox 1128 3985 1263 4065; x_wconf 89' lang='lat' dir='ltr'><strong>materia,</strong></span> <span class='ocrx_word' id='word_1_299' title='bbox 1280 3987 1333 4065; x_wconf 90' lang='lat' dir='ltr'><strong>ita,</strong></span> <span class='ocrx_word' id='word_1_300' title='bbox 1349 3998 1380 4052; x_wconf 91' lang='lat' dir='ltr'><strong>et</strong></span> 
     </span>
     <span class='ocr_line' id='line_1_34' title="bbox 278 4095 1379 4181; baseline 0.001 -17"><span class='ocrx_word' id='word_1_301' title='bbox 278 4101 377 4164; x_wconf 89' lang='lat' dir='ltr'><strong>adhuc</strong></span> <span class='ocrx_word' id='word_1_302' title='bbox 392 4098 490 4180; x_wconf 86' lang='lat' dir='ltr'><strong>magis</strong></span> <span class='ocrx_word' id='word_1_303' title='bbox 506 4096 741 4180; x_wconf 89' lang='lat' dir='ltr'><strong>quodammodo,</strong></span> <span class='ocrx_word' id='word_1_304' title='bbox 753 4095 870 4158; x_wconf 91' lang='lat' dir='ltr'><strong>bonum</strong></span> <span class='ocrx_word' id='word_1_305' title='bbox 885 4095 1018 4159; x_wconf 87' lang='lat' dir='ltr'><strong>materiae</strong></span> <span class='ocrx_word' id='word_1_306' title='bbox 1034 4103 1080 4158; x_wconf 85' lang='lat' dir='ltr'><strong>est</strong></span> <span class='ocrx_word' id='word_1_307' title='bbox 1096 4118 1161 4159; x_wconf 89' lang='grc' dir='ltr'>θεεθ</span> <span class='ocrx_word' id='word_1_308' title='bbox 1176 4120 1230 4181; x_wconf 92' lang='lat' dir='ltr'><strong>per</strong></span> <span class='ocrx_word' id='word_1_309' title='bbox 1240 4099 1379 4166; x_wconf 82' lang='lat' dir='ltr'><strong>formam.</strong></span> 
     </span>
     <span class='ocr_line' id='line_1_35' title="bbox 279 4204 1379 4291; baseline -0.002 -17"><span class='ocrx_word' id='word_1_310' title='bbox 279 4209 425 4274; x_wconf 84' lang='lat' dir='ltr'><strong>Similiter</strong></span> <span class='ocrx_word' id='word_1_311' title='bbox 445 4231 517 4291; x_wconf 88' lang='lat' dir='ltr'><strong>ergo</strong></span> <span class='ocrx_word' id='word_1_312' title='bbox 540 4207 702 4270; x_wconf 87' lang='lat' dir='ltr'><strong>dicendum</strong></span> <span class='ocrx_word' id='word_1_313' title='bbox 727 4205 763 4268; x_wconf 89' lang='lat' dir='ltr'><strong>dc</strong></span> <span class='ocrx_word' id='word_1_314' title='bbox 786 4205 866 4268; x_wconf 93' lang='lat' dir='ltr'><strong>bono</strong></span> <span class='ocrx_word' id='word_1_315' title='bbox 889 4204 1082 4268; x_wconf 84' lang='lat' dir='ltr'><strong>substantiali</strong></span> <span class='ocrx_word' id='word_1_316' title='bbox 1097 4207 1177 4268; x_wconf 89' lang='lat' dir='ltr'><strong>entis</strong></span> <span class='ocrx_word' id='word_1_317' title='bbox 1191 4206 1379 4290; x_wconf 89' lang='lat' dir='ltr'><strong>intellectivi,</strong></span> 
     </span>
    </p>
   </div>
   <div class='ocr_carea' id='block_1_3' title="bbox 278 4316 1381 4407">
    <p class='ocr_par' dir='ltr' id='par_1_6' title="bbox 278 4316 1381 4407">
     <span class='ocr_line' id='line_1_36' title="bbox 278 4316 1381 4407; baseline -0.002 -20"><span class='ocrx_word' id='word_1_318' title='bbox 278 4324 309 4386; x_wconf 92' lang='lat' dir='ltr'><strong>in</strong></span> <span class='ocrx_word' id='word_1_319' title='bbox 326 4345 385 4407; x_wconf 93' lang='lat' dir='ltr'><strong>quo</strong></span> <span class='ocrx_word' id='word_1_320' title='bbox 401 4328 486 4385; x_wconf 85' lang='lat' dir='ltr'><strong>actus</strong></span> <span class='ocrx_word' id='word_1_321' title='bbox 502 4318 724 4401; x_wconf 86' lang='lat' dir='ltr'><strong>cognoscitivus</strong></span> <span class='ocrx_word' id='word_1_322' title='bbox 739 4317 846 4400; x_wconf 91' lang='lat' dir='ltr'><strong>nequit</strong></span> <span class='ocrx_word' id='word_1_323' title='bbox 869 4338 933 4380; x_wconf 89' lang='lat' dir='ltr'><strong>esse</strong></span> <span class='ocrx_word' id='word_1_324' title='bbox 956 4316 1021 4379; x_wconf 87' lang='lat' dir='ltr'><strong>sine</strong></span> <span class='ocrx_word' id='word_1_325' title='bbox 1044 4317 1176 4382; x_wconf 87' lang='lat' dir='ltr'><strong>termino</strong></span> <span class='ocrx_word' id='word_1_326' title='bbox 1199 4319 1298 4402; x_wconf 89' lang='lat' dir='ltr'><strong>primo</strong></span> <span class='ocrx_word' id='word_1_327' title='bbox 1322 4331 1381 4385; x_wconf 91' lang='lat' dir='ltr'><strong>ter·</strong></span> 
     </span>
    </p>
   </div>
   <div class='ocr_carea' id='block_1_4' title="bbox 0 0 1611 4975">
    <p class='ocr_par' dir='ltr' id='par_1_7' title="bbox 0 0 1611 4975">
     <span class='ocr_line' id='line_1_37' title="bbox 0 0 1611 4975; baseline 0 0"><span class='ocrx_word' id='word_1_328' title='bbox 0 0 1611 4975; x_wconf 95' lang='lat' dir='ltr'><strong> </strong></span> 
     </span>
    </p>
   </div>
  </div>
 </body>
</html>
