3200 4975
282 359 326 422 60
589 380 631 424 na
648 379 852 425 suasrarrrra
867 380 1071 425 aerumnam.
1243 360 1328 445 [car.
1344 378 1386 422 11.

283 544 362 609 sicut
377 544 519 609 voluntas
533 542 641 610 habitu
657 546 778 611 virtutis
798 545 1024 612 accidentaliter
1037 546 1188 631 completa
1203 544 1241 609 ad
1257 547 1386 631 seipsam

282 666 317 721 ut
333 655 574 722 substantialiter
589 664 620 721 et
634 657 733 744 primo
752 656 935 742 completam
958 659 990 721 in
1013 680 1069 722 suo
1091 680 1156 722 esse
1178 680 1231 743 per
1252 680 1387 724 amorem

282 768 331 833 sui
352 790 428 833 esse.
472 770 575 853 Atque
596 768 668 832 binc
690 768 859 847 inferimus,
883 768 976 854 quod,
998 770 1077 834 sicut
1096 792 1133 834 ex
1147 790 1184 834 eo
1198 770 1281 855 quod
1296 770 1387 835 intel·

281 879 378 944 lectus
401 888 431 944 et
446 879 587 945 voluntas
610 880 728 965 possint
751 880 977 946 accidentaliter
998 881 1144 966 compleri
1165 890 1196 946 et
1214 882 1318 967 perfici
1332 904 1388 967 per

282 990 420 1076 proprios
435 990 569 1072 babitus,
585 992 638 1077 qui
654 999 727 1057 sunt
742 992 904 1078 qualitates
922 979 1130 1073 accidentales,
1146 1016 1209 1057 uon
1223 1016 1386 1079 possumus

282 1102 463 1167 concludere
484 1103 584 1188 ipsum
608 1104 797 1169 intellectum
820 1112 851 1169 et
872 1106 970 1189 ipsam
986 1104 1174 1169 voluntatem
1197 1128 1250 1191 per
1272 1129 1303 1170 se
1321 1129 1385 1171 esse

283 1212 454 1297 qualitates,
478 1213 531 1278 sed
554 1214 726 1279 subiectum
748 1214 932 1300 qualitatum
954 1214 1159 1300 receptivum
1181 1216 1225 1279 ita
1244 1218 1334 1281 etiam
1349 1239 1386 1281 ex

282 1346 319 1389 eo
334 1325 416 1411 quod
430 1326 526 1390 virtus
541 1326 742 1391 illuminativa
756 1326 853 1411 possit
874 1326 1099 1393 accidentaliter
1113 1328 1258 1413 compleri
1273 1338 1303 1394 et
1317 1352 1385 1414 per-

282 1436 332 1502 fici
352 1460 406 1522 per
426 1438 632 1523 intelligibilia
655 1437 744 1522 plura
770 1447 800 1503 et
830 1438 920 1523 plura
942 1439 1166 1505 accidentaliter
1189 1443 1386 1527 apprehensa,

282 1569 346 1613 non
362 1549 509 1635 sequitur,
524 1548 623 1635 ipsam
637 1550 781 1614 virtutem
796 1549 1029 1615 illuminativam
1044 1551 1143 1636 primo
1158 1573 1192 1616 ac
1206 1574 1261 1638 per
1274 1576 1307 1617 se
1321 1576 1386 1618 esse

283 1661 432 1737 accidens,
463 1661 516 1726 sed
545 1661 716 1727 subiectum
746 1662 972 1728 accidentaliter
1002 1664 1196 1749 perfectibile.
1249 1666 1296 1730 Ex
1324 1688 1386 1752 quo

192 1811 197 1819 ·
282 1773 410 1838 ulterius
425 1773 564 1853 infertur,
580 1796 647 1838 eam
662 1774 805 1838 virtutem
826 1773 1070 1855 illuminativam,
1091 1798 1159 1861 quae
1176 1784 1223 1841 est
1237 1800 1291 1862 per
1306 1800 1337 1842 se
1351 1779 1384 1842 in

283 1884 455 1949 substantia
470 1883 630 1968 spirituali,
645 1907 710 1948 esse
725 1884 823 1968 ipsam
843 1884 1045 1950 substantiam
1070 1886 1258 1971 spiritualem
1278 1911 1384 1954 secuu-

283 1994 358 2059 dum
373 1994 456 2080 quod
471 1994 545 2059 dicit
559 1994 674 2079 aliquid
689 1993 891 2078 intelligibile.

326 2110 380 2173 47.
404 2107 561 2183 Quaeritur
579 2105 798 2184 tertiodecim0,
813 2114 912 2171 utrum
933 2108 1028 2171 uirtus
1049 2108 1246 2172 illuminativa
1266 2111 1298 2174 in
1317 2113 1384 2175 rud-

282 2220 401 2284 etantiis
414 2219 618 2302 spiritualibus
631 2221 672 2283 eit
686 2219 761 2281 idem
775 2218 854 2301 quod
859 2218 993 2302 facultas
1008 2220 1171 2283 locutionis.

326 2329 519 2416 Respondes,
536 2329 629 2395 videri
649 2330 713 2395 haec
735 2329 795 2393 duo
820 2329 991 2414 significare
1016 2353 1114 2395 unum
1137 2340 1168 2395 et
1191 2331 1270 2396 idem
1280 2359 1290 2412 3
1313 2334 1385 2418 qnia

283 2443 367 2530 loqui
377 2451 423 2508 est
433 2443 625 2508 manifestare
637 2441 751 2528 aliquid
760 2468 770 2521 ;
793 2441 986 2508 manifestere
997 2452 1100 2508 autem
1109 2442 1225 2529 aliquid
1235 2444 1326 2510 alicui
1337 2456 1384 2511 est

283 2556 455 2622 illuminare
476 2555 564 2620 illum
580 2555 658 2619 circa
673 2576 736 2618 rem
752 2554 987 2619 manifestatam.
1043 2556 1189 2620 Attamen
1205 2556 1237 2619 S.
1253 2556 1385 2622 Thomas

282 2669 446 2754 distinguit
460 2691 553 2732 unam
569 2666 607 2732 ab
622 2666 715 2731 alteru
724 2692 734 2745 3
756 2668 798 2730 ait
817 2666 899 2729 enim
917 2667 959 2752 (p.
977 2671 1005 2731 1.
1022 2690 1052 2752 q.
1070 2669 1142 2732 107.
1158 2691 1185 2730 a.
1201 2670 1255 2751 2):
1283 2670 1385 2734 Omnia

282 2783 457 2846 illuminatio
473 2789 516 2845 eat
531 2780 636 2844 locutio
652 2782 683 2842 in
697 2779 818 2863 cupedia,
833 2779 886 2843 aed
902 2802 961 2843 non
980 2781 1073 2842 omnia
1091 2779 1198 2843 locutio
1218 2789 1262 2844 ecl
1276 2782 1383 2846 illumi·

283 2897 385 2970 natio,·
409 2896 489 2979 quia,
509 2895 585 2958 sicut
607 2893 716 2956 dietum
741 2900 785 2956 eat
808 2900 866 2956 art.
886 2913 991 2974 praec,
1017 2892 1151 2974 anqelum
1176 2893 1257 2976 loqui
1282 2896 1384 2976 anpela

282 3008 358 3072 nillil
370 3007 453 3070 aliud
464 3015 516 3086 eat,
533 3028 620 3089 quam
638 3013 808 3088 conceptum
829 3027 913 3067 auum
932 3005 1066 3067 ordinare
1081 3004 1122 3067 ad
1133 3007 1197 3084 lanc,
1212 3015 1247 3070 ut
1261 3008 1289 3069 ei
1302 3009 1384 3070 inna-

283 3129 374 3185 tescat
391 3142 448 3204 per
465 3120 619 3203 propriam
648 3118 825 3181 uoluntatem
828 3164 937 3181 .....
955 3116 1163 3200 Manifestatia
1183 3140 1289 3197 eorum,
1320 3140 1386 3202 quc

283 3232 441 3316 dependent
456 3253 492 3294 ea
506 3230 653 3293 voluntate
667 3229 866 3312 intellegentia,
881 3251 940 3292 non
948 3236 1049 3313 pateat
1062 3229 1121 3293 dici
1135 3229 1387 3310 illuminataque}

282 3343 389 3408 locutio
405 3350 537 3406 tantum:
556 3341 673 3422 putari
693 3339 800 3422 aliquio
823 3340 911 3402 alteri
929 3340 1028 3402 dieat:
1058 3340 1129 3403 Volo
1144 3341 1198 3404 boc
1216 3342 1383 3406 addiscere:

288 3453 361 3518 Volo
376 3453 430 3516 doc
443 3453 488 3515 vel
501 3451 578 3515 illud
585 3453 698 3535 faeere.
745 3451 837 3513 Cuius
855 3451 932 3513 ratio
955 3459 1008 3528 eat,
1034 3453 1103 3534 quia
1126 3451 1261 3516 coluntur
1285 3462 1385 3518 creata

281 3588 339 3629 non
356 3572 400 3628 eat
422 3564 483 3642 lua,
506 3585 559 3627 nec
581 3562 682 3646 reputa
704 3563 848 3640 ueritatis,
874 3562 927 3625 red
941 3563 1131 3646 participana
1153 3564 1253 3627 lucem.
1304 3565 1385 3628 Unde

282 3677 492 3742 communicare
506 3697 549 3755 ea,
565 3697 628 3758 que
642 3680 710 3737 aunt
730 3695 748 3736 a
771 3674 923 3736 voluntate
945 3682 1054 3753 creata,
1078 3676 1110 3736 in
1130 3683 1270 3758 wantum
1283 3676 1384 3739 huiua-

281 3790 369 3868 modi,
394 3810 452 3852 non
474 3795 518 3851 ert
541 3786 715 3850 illuminare.
761 3785 833 3848 Non
861 3787 937 3848 enim
959 3788 1091 3869 pertinet
1113 3786 1154 3849 ad
1173 3787 1384 3870 perfectionem

280 3902 442 3968 intellectus
456 3901 522 3979 mei,
538 3900 610 3983 quid
623 3907 655 3962 tu
669 3898 749 3978 velia,
765 3898 813 3962 vel
832 3899 904 3980 quid
917 3906 949 3961 tu
963 3897 1120 3981 intellipna,
1143 3921 1319 3982 cognoscere,
1333 3901 1386 3963 aed

279 4011 725 4097 solumquidreiueritaalrnbet.
770 4010 812 4074 Et
823 4019 1042 4094 consequenter
1052 4010 1082 4074 S.
1094 4011 1227 4074 Thomas
1236 4011 1382 4090 admittit,

279 4149 368 4211 posse
383 4123 507 4208 angelos
521 4121 678 4186 inferiores
688 4120 773 4206 loqui
785 4118 1000 4205 superioribus,
1013 4120 1093 4185 solos
1102 4129 1205 4184 tamen
1214 4123 1383 4206 superiores

280 4261 368 4324 posse
386 4235 560 4300 illuminare
579 4233 745 4313 inferiores,
766 4241 802 4296 ut
817 4241 940 4319 apparet
956 4253 992 4295 ex
1006 4256 1037 4316 p.
1055 4235 1084 4296 1.
1100 4254 1130 4316 q.
1148 4235 1221 4298 100.
1238 4257 1265 4297 a.
1281 4235 1312 4312 3,
1328 4234 1382 4298 ubi

280 4349 340 4414 ait:
364 4346 532 4429 Respondm
549 4345 707 4421 dicendum,
724 4345 803 4426 quod
820 4343 972 4426 inferiores
989 4343 1086 4427 anpeli
1103 4366 1259 4426 numquam
1273 4344 1382 4408 illumi-
