3200 4975
293 348 359 410 362
680 368 723 413 nr
737 367 995 417 accrururrnus.
1236 351 1322 435 [aar.
1341 371 1398 416 111.

336 537 389 602 60.
412 532 490 611 Quae
508 533 668 620 bucusque
688 534 820 601 diximus
842 536 1008 621 respiciunt
1030 534 1226 601 intrinsecam
1245 538 1396 604 coustitu-

290 648 406 711 tiouem
428 646 583 711 moleculae
605 646 705 731 quoad
725 669 758 711 se
777 646 884 713 solam.
930 647 991 712 Sed
1010 648 1231 733 progrediendo
1254 649 1393 729 ulterius,

289 759 515 824 consideremus
544 759 697 844 quomodo
726 760 830 845 plures
859 759 1015 825 moloculae
1043 761 1218 845 conspirent
1239 761 1273 823 in
1295 783 1393 825 unum

289 893 398 955 corpus
412 870 500 935 nobis
515 870 666 935 sensibile.
710 870 799 935 Vires
814 871 928 952 activae,
948 871 1061 960 quibus
1081 870 1224 956 quaelibet
1243 871 1394 937 molocula

288 983 461 1062 instruitur,
477 990 550 1047 sunt
564 982 607 1047 ita
620 991 734 1067 paratoe
748 982 787 1047 ad
802 983 957 1069 agendum
972 984 1005 1046 in
1021 982 1156 1068 qualibet
1177 982 1333 1063 molecula,
1355 994 1393 1049 ut

287 1117 343 1179 pro
358 1093 475 1160 diversa
489 1092 699 1173 multitudine,
714 1094 917 1174 ordinatione,
933 1095 1120 1174 intensitate,
1132 1094 1280 1160 diversam
1295 1096 1392 1160 resul-

286 1215 403 1270 tantem
418 1205 560 1285 babeant,
576 1227 640 1269 non
654 1206 754 1270 solum
774 1206 876 1292 quoad
896 1215 999 1271 motus
1019 1206 1167 1285 internos,
1184 1206 1342 1271 sedetiam
1357 1207 1391 1271 in

284 1317 391 1382 ordine
402 1317 442 1382 ad
450 1316 646 1403 attingendus
656 1316 820 1381 moleculas
831 1318 1072 1397 circumstantes,
1084 1327 1119 1381 ut
1130 1326 1233 1402 patet:
1256 1327 1287 1381 et
1298 1316 1392 1382 huius

283 1429 461 1495 resultantis
474 1428 636 1493 intensitas
655 1428 800 1514 pendebit
814 1437 960 1514 praeterea
973 1452 991 1493 a
1006 1428 1153 1493 distantia
1167 1430 1279 1493 actuali
1293 1429 1389 1493 mole-

283 1541 360 1609 culae
373 1551 405 1607 et
419 1540 587 1606 moleculae.

328 1656 362 1720 Si
376 1655 478 1741 itaque
493 1654 611 1719 dicatur
622 1653 797 1718 ddistantia
812 1654 892 1718 iuter
906 1662 1011 1718 centra
1025 1653 1155 1717 duarum
1171 1651 1389 1717 molecularum

282 1766 450 1832 vicinarum
472 1765 608 1830 eiusdem
638 1764 782 1850 corporis,
811 1786 908 1829 nexus
931 1765 1110 1853 dynamicus
1131 1765 1212 1829 inter
1233 1765 1288 1828 has
1311 1764 1389 1829 duas

282 1878 446 1943 moleculas
460 1876 594 1941 exhiberi
608 1878 721 1962 poterit
735 1876 834 1941 tribus
850 1877 1033 1961 quibusdam
1050 1876 1260 1941 functionibus

282 1989 606 2075 F(w,c,m,a,.c,d)‚
655 1984 991 2071 F‘(w,o,m,n,.c,d),
1043 1984 1385 2072 F'¹(w,c,m,a,.c,d);

281 2124 410 2187 quarum
440 2100 538 2185 prima
566 2099 720 2163 exhibebit
748 2100 899 2164 actionem
922 2122 958 2162 ex
980 2097 1129 2163 molecula
1150 2098 1183 2161 in
1206 2099 1384 2164 moleculam

280 2210 495 2298 (resolvibilem
509 2212 543 2274 in
557 2219 630 2291 tres,
645 2211 730 2275 iuxta
744 2221 807 2275 tres
822 2212 916 2293 axes),
931 2210 1018 2274 cuius
1041 2208 1166 2273 effectus
1183 2218 1230 2273 est
1252 2210 1384 2274 cohaesio

278 2324 375 2388 maior
388 2322 436 2387 vel
450 2323 560 2402 minor,
575 2321 623 2387 vel
637 2322 732 2402 nulla,
748 2322 830 2386 iuter
845 2321 936 2407 ipsas,
956 2329 1010 2384 aut
1031 2320 1188 2384 tendentia
1210 2320 1249 2383 ad
1271 2343 1383 2405 expan-

278 2436 405 2515 sionem,
442 2457 498 2521 pro
536 2434 661 2500 diversis
697 2434 835 2501 valorum
873 2432 1185 2500 determinationibus.
1244 2434 1384 2500 Secunda

277 2549 430 2614 exhibebit
449 2547 639 2614 velocitatem
669 2556 781 2625 motus,
804 2547 852 2612 vel
873 2546 1090 2631 aequilibrium,
1112 2545 1193 2610 inter
1219 2545 1383 2612 moleculas

275 2662 353 2740 illas,
389 2682 444 2745 pro
473 2660 562 2723 variis
597 2657 830 2745 hypothesibus,
865 2666 900 2721 ut
935 2680 1037 2742 supra.
1091 2657 1193 2721 Tertia
1228 2658 1382 2724 exhibebit

275 2782 418 2837 naturam
432 2772 528 2855 ipsam
545 2769 719 2857 systematis
736 2792 773 2833 ex
792 2769 853 2833 illis
874 2768 993 2835 duabus
1015 2767 1171 2833 moleculis
1193 2769 1381 2850 resultantis,

275 2884 348 2969 quia
368 2882 486 2947 functio
508 2883 550 2946 1³1¹
565 2882 702 2946 continet
723 2881 871 2966 implicite
893 2881 1067 2946 functiones
1091 2877 1123 2944 ΙΝ
1143 2889 1174 2945 et
1195 2881 1231 2960 F,
1255 2905 1323 2966 quae
1344 2906 1381 2947 ex

276 2995 341 3079 ipsa
369 3002 521 3058 eruuntur
555 2992 806 3072 differentiand03
837 3001 867 3057 et
897 2993 1113 3058 determinabit
1148 2993 1378 3079 dispositionem

273 3105 407 3190 partium
426 3104 459 3167 in
479 3103 577 3188 spatio
599 3126 655 3189 pro
679 3103 763 3167 omni
787 3103 935 3187 temporis
958 3103 1123 3167 instanti*.
1170 3103 1263 3185 Hinc,
1286 3115 1379 3189 prout

273 3218 446 3282 functiones
465 3208 500 3297 F,
522 3213 565 3296 Il',
585 3214 628 3280 ΙΨ
643 3217 761 3282 diverso
780 3216 872 3280 modo
893 3239 925 3280 se
946 3215 1115 3296 habebunt,
1139 3216 1263 3282 diversae
1286 3230 1378 3285 erunt

272 3329 470 3413 proprietates
500 3327 660 3412 compositi
688 3334 751 3392 tam
776 3327 892 3408 activae,
916 3350 1007 3412 quam
1037 3327 1174 3412 passivae,
1200 3335 1231 3392 et
1258 3329 1377 3395 diversa

269 3487 371 3544 ctiones
381 3488 410 3561 s,
428 3487 461 3556 γ’,
471 3487 511 3559 f'
527 3487 703 3544 continebunt
719 3489 850 3544 maiorem
867 3505 1010 3544 numerum
1028 3488 1221 3561 quantitatum,
1240 3495 1268 3545 et
1285 3508 1377 3545 earum

269 3574 388 3629 calcuulus
405 3574 453 3629 fiet
469 3573 735 3648 complicatissimus:
754 3575 802 3630 sed
818 3592 923 3648 semper
938 3593 994 3629 una
1005 3593 1040 3628 ox
1051 3575 1107 3629 illis
1119 3576 1252 3647 exprimet
1262 3577 1374 3631 modum

269 3661 412 3734 specialem
424 3661 530 3734 agendi,
543 3661 598 3716 alia
609 3663 720 3716 modum
737 3661 881 3734 specialem
899 3662 1028 3734 patiendi,
1046 3661 1128 3717 tertia
1144 3669 1272 3718 naturam
1288 3665 1374 3719 mola·

268 3750 337 3804 culae
355 3755 383 3804 et
400 3748 605 3823 dispositionem
628 3749 826 3804 elementorum
850 3747 908 3803 eius
929 3749 958 3802 in
982 3749 1077 3821 spatio.
1116 3748 1238 3815 Quodsi
1255 3755 1376 3822 parties

267 3837 432 3909 aquationes
443 3842 580 3908 nequeant
590 3836 651 3892 hae
661 3836 754 3892 omnia
769 3835 901 3906 exhiberi,
920 3834 1121 3894 exhibebuntur
1138 3855 1186 3909 per
1200 3855 1257 3908 sex,
1270 3838 1300 3892 in
1312 3839 1374 3910 qui·

266 3922 316 3979 bus
328 3928 448 3996 separate
460 3923 643 3978 consideretur
653 3928 751 3976 natura
761 3923 852 3978 nuclei
864 3928 892 3978 et
903 3927 1000 3977 natura
1012 3921 1160 3978 involucri:
1179 3928 1207 3977 et
1218 3941 1267 3998 per
1280 3941 1373 3979 earum

265 4009 506 4065 considerationem
517 4009 660 4081 colligetur
670 4014 768 4063 natura
778 4008 928 4082 compositi.

299 4098 318 4135 ⁴
335 4095 524 4168 simplicitatis
536 4113 618 4150 eausa
629 4100 683 4149 tres
694 4095 765 4149 solas
776 4095 929 4150 structiones
941 4095 1027 4168 posui,
1039 4096 1087 4150 sad
1098 4113 1268 4168 unaquaque
1280 4115 1371 4152 aarum

263 4185 353 4252 potest
364 4200 421 4237 esse
432 4182 576 4254 multiplex
588 4199 622 4236 ex
634 4180 693 4253 ipsa
704 4186 801 4241 nature
812 4181 859 4252 rei,
869 4199 953 4254 quum
964 4187 1095 4254 augeatur
1105 4183 1277 4255 complicatio
1289 4189 1369 4240 aucto

262 4284 373 4322 numero
385 4267 612 4339 componentium.
648 4267 686 4321 Et
698 4267 749 4322 hoc
761 4284 778 4321 a
788 4267 892 4323 fortiori
904 4267 1015 4338 valebit,
1035 4267 1058 4322 si
1076 4274 1172 4340 agatur
1184 4270 1218 4324 de
1229 4269 1370 4326 moloculis

261 4352 402 4421 nucleatis,
415 4359 463 4407 aut
474 4352 628 4425 irregularis
640 4353 741 4424 figurae.
