3200 4975
272 334 337 397 216
722 355 764 397 nu
781 355 928 400 nonme.
1234 335 1317 418 [car.
1334 355 1372 397 11.

270 519 408 585 eamdem
422 521 615 606 rapiditatem
632 520 841 602 successionis,
851 530 881 585 et
897 521 1001 585 eodem
1018 543 1145 585 numero
1161 519 1371 604 perficiuntur.

272 632 369 717 Atqui
390 632 489 717 frigus
508 654 569 696 non
591 641 638 696 est
661 632 721 696 nisi
744 633 858 717 gradus
881 633 987 697 caloris
1009 632 1133 696 inferior
1156 631 1264 716 gradu,
1279 653 1371 714 quem

272 744 365 808 habet
378 766 527 828 organum
543 743 730 808 sensitivum.
775 743 860 827 Ilrgo
875 743 1129 829 quandocumque
1142 751 1243 807 taetus
1257 741 1373 827 aliquid

272 855 365 920 sentit
379 864 416 920 ut
431 855 563 919 calidum
578 865 632 920 aut
651 855 808 940 frigidum,
825 855 917 919 sentit
940 878 994 940 per
1008 855 1192 920 vibrationes
1207 854 1372 939 rapidiores

270 991 363 1055 quam
387 968 449 1032 sint
463 968 647 1033 vibrationes
662 990 788 1047 sonorae,
804 977 836 1032 et
857 969 919 1033 fere
934 969 1009 1034 adeo
1028 969 1201 1054 frequentes
1224 989 1258 1031 ac
1272 966 1371 1031 vibra·

268 1079 369 1143 tiones
382 1077 468 1143 lucis.
515 1077 598 1142 Hinc
612 1078 767 1142 calefactio
778 1079 814 1142 fit
829 1079 860 1142 in
876 1102 970 1143 manu
981 1101 1036 1164 per
1049 1079 1117 1158 hoe,
1128 1077 1210 1164 quod
1225 1087 1372 1162 augeatur

269 1189 431 1253 intensitas
445 1195 476 1253 et
493 1188 665 1274 amplitudo
678 1189 883 1254 vibrationum
899 1191 932 1254 in
955 1191 1020 1254 eius
1034 1188 1190 1275 particulis
1210 1188 1370 1274 organicis,

270 1300 439 1384 frigefactio
453 1323 524 1365 vero
539 1323 593 1386 per
607 1300 676 1380 hoe,
692 1300 775 1386 quod
794 1301 983 1366 diminuatur
998 1300 1066 1367 talis
1086 1302 1246 1366 intensitas
1261 1309 1291 1364 et
1306 1323 1369 1364 am·

267 1412 409 1498 plitudo;
431 1421 463 1477 et
480 1412 512 1477 in
527 1436 631 1491 manu,
648 1413 726 1479 sieut
748 1413 780 1477 in
795 1413 863 1478 aliis
880 1414 1066 1499 corporibus,
1082 1413 1108 1477 si
1122 1413 1305 1478 vibrationes
1324 1394 1371 1476 vel

270 1525 333 1588 sint
346 1524 528 1589 intensiores
551 1533 582 1589 et
604 1525 764 1609 ampliores
786 1547 878 1610 quam
895 1548 1000 1590 eorum
1022 1533 1142 1589 textura
1164 1523 1308 1609 patiatur,
1324 1525 1370 1591 vel

269 1636 333 1700 siut
351 1635 537 1700 remissiores
557 1635 753 1700 et‘brevioris
774 1635 1105 1720 amplitudinis,'quam
1130 1643 1240 1699 natura
1265 1637 1369 1722 exigit,

268 1748 387 1812 eveniet
401 1747 550 1827 alteratio,
566 1748 613 1812 vel
628 1748 782 1832 corruptio
797 1748 914 1832 organi,
931 1755 984 1810 aut
999 1756 1116 1812 naturae
1130 1747 1303 1813 cuiuslibet.

312 1857 444 1933 Quando
453 1880 522 1923 vero
534 1879 598 1921 non
613 1858 768 1942 tangimus
783 1856 900 1942 aliquid
915 1865 950 1920 ut
965 1857 1096 1921 calidum
1109 1857 1155 1922 vel
1166 1867 1202 1920 ut
1211 1858 1369 1942 frigidum,
1418 1883 1421 1891 ·

269 1968 322 2032 sed
341 1977 378 2032 ut
398 1968 577 2053 simpliciter
597 1969 741 2033 resistens
761 1969 823 2033 sive
842 1968 912 2053 plus
931 1969 992 2034 sive
1010 1968 1112 2032 minus
1135 1969 1181 2052 (ut
1199 1991 1296 2054 quum
1316 1993 1369 2054 pes

269 2080 369 2164 tangit
380 2082 517 2164 terram),
526 2080 688 2144 dicendum
701 2089 757 2159 eat,
773 2081 976 2144 sensationem
988 2088 1088 2144 tactus
1098 2080 1255 2164 provenire
1269 2082 1369 2146 adhuc

267 2213 303 2255 ex
317 2189 426 2254 iisdem
441 2190 670 2270 vibrationibus,
695 2214 764 2276 quae
783 2213 837 2275 per
856 2190 1134 2275 frequentissimam
1156 2191 1367 2275 repetitionem

266 2301 421 2385 applicant
437 2302 555 2386 corpori
569 2302 709 2384 tangenti
726 2301 860 2366 actiones
881 2301 1062 2366 sensibiliter
1084 2302 1244 2366 continuas
1258 2303 1368 2392 virium

265 2411 494 2497 repulsivarum,
510 2412 623 2499 quibus
637 2433 762 2497 corpora
780 2420 920 2476 mutuam
940 2411 1249 2497 compenetrationem
1272 2412 1367 2499 impe·

269 2525 368 2589 diunt.
413 2524 600 2589 Resistentia
615 2525 671 2589 soli
685 2534 866 2611 provocatur
881 2547 934 2609 per
949 2524 1133 2610 pressionem
1153 2524 1248 2609 pedis,
1265 2534 1370 2591 contra

265 2660 357 2723 quam
377 2637 477 2701 solum
499 2636 596 2722 reagit
619 2637 703 2701 iuxta
724 2659 812 2700 suam
834 2645 974 2701 naturam
993 2636 1063 2721 plus
1078 2636 1124 2701 vel
1140 2637 1252 2716 minus,
1268 2646 1299 2702 et
1314 2662 1368 2724 per

264 2747 475 2832 repetitionem
498 2746 653 2811 actionum
673 2746 748 2811 adeo
767 2747 970 2830 frequentem,
986 2754 1022 2809 ut
1037 2768 1092 2831 pro
1107 2747 1254 2811 continua
1272 2749 1366 2813 sen'si·

263 2860 366 2925 biliter
379 2859 536 2946 habeatur.
578 2859 648 2922 Nisi
658 2858 740 2922 enim
756 2858 876 2923 assidue
890 2858 1086 2943 replicaretur
1100 2858 1259 2942 impressio
1274 2868 1365 2945 quain

262 2972 335 3036 facit
351 2972 451 3035 solum
466 2979 571 3036 eontra
585 2969 706 3054 pedem,
726 2991 788 3033 non
812 2969 956 3034 continue
978 2969 1100 3033 duraret
1123 2970 1254 3034 sensatio
1277 2972 1367 3036 resis-

264 3084 377 3162 tentiae,
401 3083 454 3146 sed
477 3091 605 3147 cessaret
627 3092 789 3168 postquam
813 3081 904 3145 semel
924 3080 958 3143 in
977 3080 1076 3166 primo
1098 3088 1242 3145 contactu
1262 3083 1367 3149 habita

262 3204 320 3275 est,
340 3203 371 3258 et
391 3195 514 3258 duraret
537 3194 601 3257 sola
621 3191 850 3276 impossibilitas
872 3190 1054 3275 procedendi
1076 3192 1158 3256 intra
1180 3193 1288 3271 solum,
1313 3196 1366 3259 sed

263 3306 329 3371 sine
351 3306 414 3371 ullo
436 3329 528 3370 sensu
550 3304 739 3369 resistentiae.
783 3303 825 3367 Et
840 3303 921 3367 idem
937 3302 1019 3367 dicas
1035 3301 1072 3367 de
1093 3326 1186 3368 manu
1207 3314 1366 3389 premente

263 3440 411 3495 mensam,
427 3426 457 3480 et
472 3417 539 3481 aliis
554 3416 758 3480 innumeris*.

305 3528 354 3591 De
379 3550 470 3591 sensu
498 3525 598 3591 ruvidi
620 3534 651 3590 et
674 3526 807 3609 laevigati
836 3526 922 3590 nulla
944 3535 991 3589 est
1016 3525 1197 3591 difficultas:
1220 3526 1361 3591 rnvidum

261 3640 343 3704 enim
370 3638 545 3722 agnoscitur
567 3659 604 3701 ex
628 3638 771 3723 inaequali
794 3646 827 3707 et
851 3637 944 3702 veluti
970 3635 1163 3701 discontinua
1192 3639 1363 3704 resistentia

261 3772 353 3835 quam
376 3771 486 3834 corpus
508 3748 635 3833 opponit
656 3748 815 3833 tangenti:
838 3749 1011 3833 laevigatum
1027 3770 1063 3811 ex
1078 3750 1248 3812 resistentia
1267 3751 1381 3815 sensi:

296 3888 312 3923 *
330 3886 516 3941 Recolendum
528 3890 569 3940 est
580 3884 634 3954 hic,
653 3885 726 3957 quod
743 3889 882 3940 contactus
899 3884 1026 3956 physicus
1043 3902 1098 3938 non
1113 3884 1146 3937 fit
1157 3901 1205 3957 per
1216 3888 1363 3960 appropin-

261 3972 416 4045 quationem
428 3990 453 4026 v.
467 3988 505 4042 gr.
518 3988 614 4023 manus
626 3970 661 4024 sd
669 3988 798 4040 mensam,
809 3971 967 4042 usquedum
979 3969 1083 4041 aliquid
1094 3987 1191 4024 manus
1203 3972 1239 4026 sit
1251 3974 1361 4044 praeoise

259 4059 307 4114 ubi
320 4065 361 4113 est
369 4057 472 4128 aliquid
483 4074 592 4127 mensae,
602 4057 650 4111 sed
657 4061 765 4111 tantum
777 4075 825 4129 per
834 4056 1120 4129 appropinquationem
1131 4074 1217 4129 usque
1225 4057 1302 4129 illuc,
1313 4060 1361 4116 ubi

258 4146 329 4202 viras
339 4143 483 4216 repulsivas
495 4143 668 4198 moleculares
680 4161 776 4198 manus
788 4150 816 4198 et
828 4160 927 4197 mensae
944 4150 1008 4197 aunt
1025 4143 1090 4197 satis
1101 4143 1207 4213 vicinae,
1226 4151 1258 4199 ut
1273 4146 1360 4221 impe-

258 4232 335 4286 diant
353 4230 508 4285 ulteriorem
526 4229 819 4302 appropinquationem.
856 4230 927 4285 Vide
943 4245 1003 4302 quae
1022 4229 1141 4285 diximus
1158 4231 1192 4285 dc
1209 4232 1360 4291 substantia

259 4335 382 4391 corporea
394 4316 513 4389 pluribus
525 4316 599 4371 locis.
