3200 4975
271 342 333 403 158
706 362 750 404 na
768 361 914 404 nonina.
1244 342 1332 426 [car.
1349 359 1372 400 1.

266 526 431 603 conversio,
466 525 663 610 probabiliter
696 527 839 612 explicari
874 535 984 613 potest,
1021 526 1150 592 dicendo
1179 528 1262 613 quod
1292 551 1373 592 uuus

266 638 391 721 spiritua
405 659 441 701 eo
456 638 523 721 ipso
537 638 620 722 quod
635 661 726 704 suum
748 662 813 704 esse
834 638 1035 704 substantiale
1056 639 1143 704 alteri
1163 639 1277 724 praebet
1293 641 1372 725 aspi-

264 748 418 827 ciendum,
441 747 545 813 obiicit
570 749 656 814 alteri
682 773 773 815 auum
804 760 905 815 actum
928 750 1148 816 intellectivam
1170 751 1297 816 alicuius
1319 753 1371 829 rei,

265 859 432 924 dummodo
462 868 583 924 maneat
605 861 638 923 in
661 869 732 925 actu
753 861 895 926 intuendi
917 885 982 927 rem
1005 862 1098 940 illam,
1123 862 1195 926 dum
1220 864 1318 928 noscit
1341 886 1372 926 se

265 971 359 1054 aspici
374 971 412 1036 ab
432 971 503 1051 alio,
524 982 555 1036 et
577 981 680 1036 actum
704 995 795 1038 suum
812 973 969 1038 voluntate
992 973 1104 1058 dirigat
1126 974 1159 1037 in
1181 974 1285 1038 alium.
1330 974 1371 1036 Et

265 1083 308 1146 sic
323 1083 461 1167 quaestio,
477 1106 545 1168 quae
558 1084 594 1147 fit
615 1083 653 1148 de
674 1084 766 1148 modo
789 1085 1006 1150 manifestandi
1029 1107 1099 1149 suas
1122 1085 1370 1163 modificationes,

264 1194 419 1258 reducitur
433 1194 472 1258 ad
487 1194 582 1258 hanc:
607 1193 770 1270 Quomodo
792 1196 920 1280 spiritus
942 1196 1075 1282 praebeat
1098 1220 1189 1262 suum
1211 1220 1276 1262 esse
1299 1196 1370 1260 rub-

264 1305 406 1368 stantiale
427 1305 637 1390 aspiciendum
659 1306 758 1370 alteri.
805 1306 865 1372 Hie
883 1329 963 1387 vero,
986 1317 1022 1372 ut
1044 1307 1076 1372 in
1099 1331 1131 1372 re
1153 1308 1240 1372 valde
1263 1329 1371 1372 arcana

263 1417 403 1481 iuvemur
428 1417 529 1501 aliqua
558 1417 768 1497 similitudine,
798 1440 963 1502 possumus
994 1418 1102 1498 dicere,
1132 1419 1216 1504 quod
1245 1419 1370 1502 spiritus

263 1551 349 1592 suam
366 1528 569 1593 substantiam
583 1528 671 1592 alteri
685 1528 848 1593 videndam
864 1529 978 1614 praebet
993 1530 1099 1594 eodem
1114 1531 1177 1595 fere
1193 1530 1292 1610 modo,
1308 1551 1369 1616 quo

264 1663 345 1704 unus
360 1640 452 1704 homo
467 1640 602 1724 seipsum
617 1641 704 1704 alteri
724 1641 909 1720 manifestat,
930 1641 1144 1706 constituendo
1159 1642 1238 1706 sein
1253 1641 1305 1706 illo
1319 1643 1370 1706 ubi

261 1773 366 1817 versus
399 1752 484 1836 quod
516 1751 596 1816 oculi
630 1751 756 1816 alterius
796 1751 977 1816 intuentur:
1002 1751 1156 1820 sensibilia
1184 1753 1266 1818 enim
1296 1762 1370 1822 sunt

263 1862 392 1946 analoga
420 1860 675 1945 intelligibilibus.
721 1861 828 1938 Quum
854 1884 923 1926 vero
947 1865 998 1928 ubi
1022 1863 1229 1928 intellectuale
1253 1864 1293 1928 sit
1318 1863 1369 1928 ille

263 1974 414 2037 terminus
442 1973 713 2057 intelligibilitatis,
743 1973 783 2038 ad
811 1996 904 2058 quem
937 1975 1120 2040 terminatur
1154 1975 1286 2040 intuitus
1316 1998 1369 2060 per

263 2085 404 2168 speciem,
419 2106 474 2148 seu
488 2084 555 2169 ipsa
569 2086 683 2169 species
701 2084 903 2169 intelligibilis
924 2095 960 2151 ut
980 2087 1225 2171 repraesentativa
1247 2087 1368 2166 obiecti,

263 2195 384 2260 videtur
405 2194 570 2281 probabile,
594 2196 679 2279 quod
698 2195 824 2280 spiritus
845 2219 876 2260 se
900 2198 1067 2262 constituat
1085 2198 1119 2261 in
1134 2219 1170 2262 eo
1184 2200 1235 2262 udi
1249 2199 1368 2264 intelle-

262 2307 356 2371 ctuali
369 2308 401 2370 in
417 2330 479 2391 quo
494 2314 541 2372 est
558 2307 635 2370 alter
650 2307 785 2392 spiritus,
802 2308 828 2372 si
847 2309 1014 2373 constituat
1037 2331 1069 2373 se
1091 2318 1161 2373 actu
1183 2310 1368 2394 cogitantem

262 2443 329 2484 eam
343 2441 408 2483 rem
428 2417 662 2503 intelligibilem,
686 2441 779 2503 quam
800 2427 871 2484 actu
886 2419 1002 2505 cogitat
1016 2420 1067 2487 ille
1082 2421 1157 2486 alter
1172 2421 1306 2506 spiritus,
1323 2419 1368 2486 vel

262 2533 370 2597 saltem
385 2531 500 2616 aliquid
515 2554 586 2596 cum
601 2554 636 2596 ea
650 2554 683 2595 re
698 2554 880 2597 connexum.
927 2533 1002 2599 Haec
1022 2534 1104 2601 enim
1128 2534 1190 2599 sive
1213 2534 1366 2612 identitas,

232 2705 249 2733 ,
262 2644 324 2709 sive
345 2644 558 2730 propinquitas
583 2643 782 2725 obiectorum,
806 2645 844 2709 de
866 2645 978 2729 quibus
1000 2654 1129 2730 uterque
1151 2655 1221 2711 actu
1243 2646 1367 2730 cogitat,

261 2756 352 2821 faciet
373 2755 632 2841 propinquitatem
647 2756 680 2820 in
695 2758 745 2820 udi
765 2757 916 2841 spirituali
934 2758 1106 2841 utriusque,
1122 2765 1153 2821 et
1169 2780 1265 2823 nuum
1281 2758 1367 2822 alteri

262 2877 442 2952 praesentem
471 2867 648 2932 constituet.
692 2868 765 2931 Non
795 2868 915 2933 difficile
943 2877 1047 2933 autem
1076 2868 1133 2933 erit
1162 2868 1217 2932 nni
1243 2869 1367 2953 spiritui

262 2979 398 3044 invenire
412 2979 576 3057 obiectum,
593 2979 630 3043 de
645 3001 706 3063 quo
721 2979 799 3043 alius
820 2980 945 3063 spiritus
964 2979 1133 3064 specialiter
1148 2988 1219 3044 actu
1234 2981 1366 3064 cogitat:

261 3091 430 3156 necessario
451 3091 535 3155 enim
556 3090 671 3175 cogitat
693 3091 732 3154 de
754 3092 862 3176 seipso,
885 3100 916 3157 et
939 3090 1030 3155 habet
1047 3091 1082 3154 in
1097 3091 1196 3175 seipso
1211 3114 1303 3157 auum
1317 3092 1368 3156 ubi

263 3202 473 3281 substantiale,
496 3201 681 3282 absolutum,
704 3202 904 3268 intrinsecum
929 3204 976 3285 (ut
999 3203 1117 3267 dicetur
1134 3203 1168 3267 iu
1182 3212 1316 3269 tractatu
1330 3203 1368 3269 dc

262 3314 469 3381 accidentibus
484 3337 549 3398 cap.
565 3314 617 3397 L).
663 3314 698 3377 Si
711 3334 785 3397 ergo
799 3337 882 3379 unus
903 3316 1028 3399 spiritus
1048 3315 1163 3399 cogitet
1178 3315 1216 3381 de
1230 3315 1299 3395 alio,
1315 3316 1367 3379 fiet

262 3429 328 3514 ipse
342 3449 398 3512 per
411 3428 462 3491 udi
481 3424 665 3493 accidentale
687 3433 718 3489 et
740 3425 901 3489 relativum
923 3427 955 3490 in
978 3448 1014 3490 eo
1035 3428 1086 3490 ubi
1105 3425 1138 3491 iu
1153 3448 1214 3512 quo
1228 3426 1306 3490 alius
1321 3435 1368 3490 est

263 3537 503 3603 substantialiter
528 3544 559 3601 et
578 3537 726 3601 absolute.
773 3536 861 3603 Nihil
884 3536 968 3601 aliud
991 3536 1087 3621 igitur
1109 3538 1230 3603 videtur
1255 3537 1368 3624 requiri

262 3649 302 3713 ad
316 3649 374 3712 hoc
388 3655 424 3711 ut
439 3646 565 3730 spiritus
579 3645 631 3713 det
646 3670 679 3711 se
691 3646 786 3711 libere
801 3647 965 3712 videndum
990 3648 1077 3713 alteri
1100 3648 1230 3733 spiritui,
1251 3649 1311 3713 nisi
1332 3658 1368 3715 ut

262 3761 300 3825 de
314 3759 369 3824 illo
383 3767 454 3823 actu
468 3758 590 3843 cogitet,
606 3766 659 3823 aut
674 3759 781 3825 saltem
797 3760 835 3824 de
849 3783 882 3825 re
897 3760 935 3825 ab
951 3782 986 3825 eo
1001 3761 1150 3844 cogitata:
1174 3761 1257 3846 quod
1270 3785 1380 3846 quum·

262 3874 315 3938 fiet
329 3895 366 3937 ex
380 3871 536 3935 voluntate
551 3870 726 3951 deliberata,
742 3872 860 3938 dicetur
875 3872 1015 3936 voluntas
1033 3879 1208 3936 convertere
1223 3871 1368 3937 virtutem

262 3984 450 4071 specularem
485 3981 720 4047 intellectualem
755 3984 796 4047 ad
830 3992 934 4063 extra3
965 3992 1040 4049 tuno
1077 3982 1160 4047 enim
1197 3983 1368 4049 subiectum

260 4095 396 4163 ostendit
411 4103 442 4160 et
457 4095 602 4180 seipsum,
618 4104 658 4174 et,
674 4096 700 4159 si
715 4095 791 4176 vult,
813 4118 883 4161 suas
906 4096 1039 4187 actuales
1061 4094 1312 4177 modificationes,
1335 4105 1368 4161 ut

259 4209 385 4293 aliquod
420 4206 614 4291 intelligibile
650 4206 737 4271 alteri
771 4230 915 4292 praesens.
974 4208 1079 4271 Potest
1109 4216 1213 4271 antem
1232 4215 1274 4277 ,et
1302 4208 1369 4272 sina

260 4321 487 4401 deliberatione,
510 4334 566 4386 seu
589 4334 661 4386 casu
686 4321 824 4401 fortuito,
851 4320 962 4405 aliquis
986 4320 1113 4406 spiritus
1138 4320 1224 4385 alteri
1248 4319 1368 4387 obviam
