3200 4975
277 329 321 389 48
574 350 616 393 ns
633 349 838 393 sonsrsurrs
855 348 1054 392 srrsrrussr.
1234 328 1321 412 [cnr.
1338 349 1378 393 rr.

276 517 323 573 est
332 508 397 593 ipsa
406 509 578 575 substantia
589 511 647 576 sub
656 511 793 597 quodam
802 523 939 596 respectu
951 510 1150 577 considerata.
1174 515 1219 579 2⁰.
1229 512 1380 576 Voluntas

275 620 430 707 ahquate
450 624 650 687 constituitur
672 624 704 687 in
721 646 776 687 suo
791 646 857 687 esse
871 646 927 709 per
941 624 1057 709 aliquid
1071 646 1165 709 aquo
1179 624 1380 710 principiatur

275 733 381 811 active,
396 744 427 798 et
443 756 497 819 per
511 734 627 820 aliquid
642 736 681 800 ad
696 735 779 820 quod
794 734 977 800 terminatur
989 734 1116 820 passive.
1160 736 1205 799 3⁰.
1228 733 1380 799 Voluntas

276 853 322 909 est
338 845 462 910 domina
477 869 604 912 suorum
618 855 753 912 actuum.

319 956 364 1020 Ex
387 957 436 1021 his
459 957 559 1022 tribus
584 959 720 1043 primum
745 958 907 1024 manifeste
934 959 1072 1045 sequitur
1094 982 1132 1024 ex
1153 981 1282 1024 numero
1302 982 1378 1045 prae·

276 1068 402 1133 cedente
410 1094 420 1147 ;
444 1068 521 1134 nihil
537 1072 619 1134 enim
634 1071 809 1136 addidimus
825 1071 1005 1136 snbstantias
1019 1072 1182 1157 spirituali,
1192 1081 1228 1137 ut
1243 1072 1308 1138 eius
1317 1072 1377 1137 vim

275 1180 428 1245 volitivam
437 1181 677 1263 ostenderemus,
690 1184 744 1248 sed
753 1192 876 1248 tantum
887 1183 1144 1249 consideravimus
1158 1185 1261 1269 ipsum
1275 1194 1377 1249 actum

274 1293 461 1379 completum
486 1294 718 1361 substantialem
741 1306 900 1383 tamquam
925 1297 1075 1362 dicentem
1101 1297 1239 1362 ordinem
1269 1307 1377 1383 poten·

275 1406 379 1469 tialem
399 1406 439 1471 ad
459 1406 576 1472 bouum
594 1410 797 1474 extrinsecum
818 1409 877 1495 ipsi
897 1409 1098 1476 substantiae:
1121 1410 1172 1474 hic
1187 1420 1289 1474 autem
1304 1410 1379 1473 ordo

274 1518 460 1603 respectivus
480 1529 609 1584 nonest
629 1521 746 1606 aliquid
766 1521 888 1586 realiter
908 1530 1065 1606 receptum
1080 1522 1113 1585 in
1128 1520 1309 1600 substantia,
1325 1520 1379 1585 sed

275 1651 352 1713 pura
373 1630 559 1716 possibilitas
579 1642 736 1717 respectus
756 1632 883 1697 actualis
897 1633 938 1698 ad
952 1632 1069 1717 aliquid
1082 1632 1295 1711 extrinsecum,
1310 1654 1379 1717 quae

275 1740 349 1806 dicit
371 1742 598 1822 formalitatem,
615 1744 784 1809 secundum
805 1767 900 1830 quam
920 1756 1007 1809 actus
1024 1745 1076 1809 ille
1090 1753 1216 1809 vocatur
1230 1744 1377 1829 putentia,

275 1854 323 1917 vel
337 1854 477 1918 facultas.

320 1966 497 2031 Secundum
511 1967 602 2033 etiam
615 1978 709 2053 patet.
756 1968 838 2033 Nam
853 1969 1248 2054 exigentiacoinexisteutiae
1262 1968 1378 2053 cogniti

276 2079 308 2142 in
323 2067 525 2164 cognoscente
540 2090 570 2145 et
585 2082 796 2165 cognoscentis
812 2082 845 2145 in
863 2082 997 2166 cognito,
1012 2103 1080 2166 quae
1094 2080 1169 2146 dicit
1183 2080 1378 2165 spirationem

275 2191 404 2255 activam
419 2191 529 2255 amoris
552 2193 664 2272 mutui,
679 2192 841 2258 constituit
856 2202 956 2259 actum
980 2194 1115 2280 primum
1130 2192 1283 2257 volitionis
1306 2192 1377 2256 sub-

275 2302 446 2369 stantialis:
470 2314 557 2368 actus
572 2314 674 2369 autem
697 2305 815 2390 primus
830 2306 873 2369 rei
894 2314 942 2369 est
955 2308 1021 2369 eius
1035 2305 1220 2390 principium
1242 2304 1376 2368 formale.

275 2416 349 2500 Ipsa
362 2438 433 2479 vero
455 2417 684 2482 coinexistentia
701 2418 819 2503 cogniti
838 2418 872 2482 in
893 2428 1095 2503 cognoscente
1117 2426 1149 2481 et
1167 2417 1379 2503 cognoscentis

275 2529 307 2591 in
323 2528 457 2612 cognito,
472 2552 540 2614 quae
563 2530 636 2595 dicit
652 2553 796 2610 amorem,
812 2530 1064 2615 complacentiam
1087 2551 1123 2594 ae
1134 2530 1268 2615 quietem
1285 2530 1378 2593 unius

276 2640 309 2704 in
325 2641 383 2704 alio
405 2641 511 2705 extuli
527 2641 750 2726 conspiratione
772 2642 982 2720 resultantem,
997 2651 1044 2706 est
1067 2642 1216 2705 terminus
1237 2649 1378 2704 actuatus

275 2753 308 2816 iu
331 2776 395 2817 esse
416 2753 454 2818 ab
476 2753 530 2818 illo
551 2763 622 2818 actu
640 2755 748 2838 primo,
769 2762 800 2819 et
820 2755 952 2840 complet
977 2752 1116 2817 illumin
1136 2762 1207 2818 actu
1224 2752 1357 2817 secundo
1368 2778 1377 2829 3

275 2888 369 2950 quare
384 2864 448 2930 haec
462 2865 682 2950 complacentia
695 2866 789 2930 habet
804 2890 836 2930 se
851 2876 1007 2951 tamquam
1022 2865 1178 2929 materiale
1192 2864 1359 2928 voluntatis
1367 2890 1377 2942 ;

276 3002 346 3042 nam
362 2978 445 3064 quod
459 2978 527 3043 ideo
542 2988 588 3043 est
603 2981 675 3065 quia
690 2988 841 3057 actuatus,
855 2978 948 3044 habet
962 2978 1111 3042 rationem
1126 2977 1268 3063 principii
1282 2987 1378 3042 mate-

275 3090 367 3155 rialis.
414 3091 497 3155 Hinc
512 3091 640 3154 facultas
655 3090 778 3156 volitiva
792 3101 839 3155 est
861 3090 972 3175 partim
987 3090 1093 3168 activa,
1109 3090 1218 3174 partim
1242 3090 1378 3174 passiva:

275 3203 383 3282 activa,
405 3203 436 3267 in
460 3212 613 3287 quantum
635 3213 682 3266 est
709 3203 773 3287 ipse
796 3211 883 3267 actus
907 3202 1117 3267 substantialis
1139 3202 1380 3267 substantialiter

275 3313 457 3377 terminatus
475 3313 512 3378 ad
536 3337 567 3377 se
582 3315 683 3398 ipsum
707 3313 738 3377 in
759 3336 826 3378 esse
847 3322 932 3377 actus
952 3314 1044 3398 primi
1067 3313 1189 3394 volitivi,
1204 3323 1236 3378 et
1250 3314 1379 3378 ulterius

276 3424 477 3489 terminabilis
499 3425 539 3490 ad
560 3426 708 3489 terminos
731 3447 748 3488 a
773 3447 806 3489 se
828 3424 1008 3489 distinctos:
1031 3426 1159 3509 passiva,
1174 3417 1207 3489 in
1227 3434 1377 3510 quantum

276 3545 322 3601 est
351 3537 500 3601 terminus
531 3561 605 3601 suus
634 3537 819 3600 intrinsecus
847 3546 917 3600 actu
946 3536 1138 3602 substantiali
1168 3547 1317 3616 actuatus,
1347 3552 1378 3600 et

276 3647 403 3713 ulterius
419 3647 577 3712 actuabilis
592 3656 746 3732 peractus
761 3647 1001 3712 accidentales*.

313 3821 326 3847 *
347 3816 425 3872 Circa
444 3809 613 3871 voluntatem
636 3815 663 3870 S.
676 3815 794 3894 Thomas
815 3817 853 3888 (p.
869 3817 892 3870 1.
905 3835 931 3888 q.
944 3817 987 3871 83.
1001 3835 1024 3871 a
1037 3817 1069 3888 4)
1090 3799 1149 3871 sibi
1162 3817 1289 3889 proponit
1308 3817 1378 3870 hanc

276 3903 473 3958 obiectionem:
498 3903 622 3956 Voluntas
633 3909 670 3956 cat
681 3903 809 3973 opperitus
822 3903 993 3958 intellectivam.
1032 3904 1084 3956 Sed
1098 3922 1130 3956 es·
1144 3909 1224 3973 parte
1240 3903 1379 3957 intedcctua

276 3999 335 4048 sunt
356 3995 413 4046 duce
427 3992 556 4064 potentie.
601 3991 675 4062 Erpa
686 3991 765 4045 etium
783 4011 816 4045 cs
829 3997 909 4062 parte
926 3992 1054 4062 oppetatur
1073 3991 1220 4045 {mucias
1236 3992 1308 4046 debet
1327 4010 1379 4044 csse

276 4080 364 4152 aliquo
378 4079 495 4150 potentia
507 4085 606 4150 preter
618 4081 782 4134 voluntatem.
819 4078 858 4133 Et
874 4079 1035 4151 respondet:
1054 4079 1102 4131 Ad
1112 4078 1217 4132 mium
1234 4078 1382 4145 dommum,

276 4171 345 4242 qood
360 4169 499 4222 intellectus
518 4173 685 4238 conparatur
702 4169 739 4220 od
754 4167 911 4222 voluntatem
926 4172 1084 4220 utmorem
1103 4171 1128 4218 ct
1139 4165 1196 4218 ideo
1212 4183 1265 4218 aron
1280 4171 1378 4235 oportet

275 4255 430 4325 dratinpucre
446 4255 615 4310 inuoluptate
633 4271 710 4324 aperta
722 4259 746 4306 et
762 4253 889 4324 posssbsle.
926 4251 996 4306 Haee
1012 4250 1148 4323 responsio
1165 4269 1220 4304 non
1232 4256 1274 4305 est
1285 4254 1379 4305 vcontra

275 4342 304 4396 id
316 4341 388 4413 quod
405 4357 454 4396 nos
472 4341 601 4396 dicimus:
620 4341 733 4396 resultat
747 4340 863 4394 enimex
881 4339 1101 4411 praecedentibus,
1113 4339 1283 4392 voluntatem
1300 4338 1378 4394 iuxta
