3200 4975
251 361 325 406 ear.
343 343 398 428 1.]
708 366 751 408 nn
768 366 915 409 10111111.
1291 348 1355 412 237

248 527 381 612 plurima
394 528 597 613 particularia,
613 552 681 614 quae
696 530 887 616 adipiscitur,
899 554 962 595 non
978 531 1087 596 satiare
1101 532 1283 617 appetitum,
1299 553 1355 596 nec

247 639 347 703 ullum
368 639 567 705 determinate
587 664 624 705 ex
649 641 709 705 illis
732 642 771 706 ad
796 666 884 707 suam
908 643 1085 708 felicitatem
1103 644 1224 729 requiri.
1269 643 1355 708 Licet

247 773 321 836 ergo
335 752 526 817 ‘felicitatem
554 755 723 844 necessario
752 763 885 840 appetat,
913 755 1021 840 nequit
1051 755 1089 819 ab
1118 754 1177 819 hoc
1202 754 1357 819 felicitatis
1411 823 1415 831 ,

247 887 349 928 amore
367 864 562 930 determinari
580 865 620 929 ad
641 865 758 931 bonum
776 867 968 951 particulare,
994 875 1029 931 ut
1053 867 1245 932 ostendimus
1263 867 1355 930 etiam

247 976 280 1040 in
295 984 429 1041 tractatu
444 977 633 1062 praecedente
650 978 693 1061 (11.
711 981 763 1058 74,
781 980 848 1062 75),
864 979 918 1043 sed
933 988 1055 1043 tantum
1070 979 1192 1042 invitari
1214 978 1253 1042 ad
1272 1001 1353 1062 quae·

246 1088 378 1152 rendum
400 1089 481 1153 inter
504 1089 584 1153 bona
610 1089 805 1174 particularia
830 1090 862 1155 id
886 1090 968 1174 quod
991 1090 1137 1154 maiorem
1155 1090 1206 1154 hic
1225 1097 1256 1153 et
1270 1111 1353 1153 nunc

246 1200 396 1264 rationem
421 1201 494 1265 boni
516 1201 629 1265 habere
648 1201 786 1266 videatur
806 1203 839 1265 in
864 1201 970 1266 ordine
990 1201 1030 1267 ad
1051 1193 1227 1266 felicitatem
1247 1223 1352 1265 conse-

247 1312 411 1396 quendam.
456 1313 530 1377 Non
545 1313 642 1397 igitur
656 1313 790 1398 erumpit
806 1337 842 1378 ex
856 1314 1025 1378 necessario
1049 1322 1136 1378 motu
1151 1313 1184 1376 in
1199 1312 1353 1378 consulta-

245 1423 362 1488 tionem
377 1425 416 1488 de
430 1425 548 1489 obiecto
564 1424 776 1504 determinato,
795 1447 852 1490 nec
871 1424 963 1489 habet
983 1448 1081 1489 unum
1101 1424 1227 1489 modum
1248 1446 1352 1487 neces-

245 1536 359 1602 sarium
373 1536 514 1601 intuendi
529 1536 607 1600 illud
621 1535 785 1616 obiectum,
803 1536 856 1600 sed
872 1535 1008 1620 procedit
1023 1536 1215 1610 considerate,
1225 1535 1264 1599 ad
1278 1557 1349 1598 con-

245 1646 424 1712 sultandum
445 1648 483 1711 de
502 1647 631 1726 obiecto,
654 1647 737 1731 quod
759 1646 853 1730 elegit
873 1646 904 1709 in
928 1646 1086 1710 materiam
1109 1647 1350 1724 consultationis,

245 1757 405 1843 suspendit
423 1758 689 1837 consultationem,
710 1757 735 1822 si
756 1758 838 1837 velit,
856 1758 901 1822 vel
924 1781 991 1822 eam
1011 1758 1142 1823 inflectit
1157 1758 1195 1823 ad
1210 1758 1304 1837 aliud,
1320 1766 1350 1822 et

243 1868 276 1933 in
291 1868 383 1934 rebus
396 1869 535 1934 intuetur
549 1870 616 1934 illas
636 1869 770 1934 rationes
791 1869 938 1935 bonitatis
958 1871 1172 1956 apprehensas,
1194 1893 1270 1956 quas
1286 1870 1351 1935 vult

243 1980 366 2061 intueri,
382 1981 500 2046 etfacit
515 2005 547 2046 se
562 1980 600 2046 ab
615 1981 663 2053 his
678 1982 792 2046 moveri
807 1983 906 2066 magis
922 2005 1014 2068 quam
1033 1984 1070 2046 ab
1092 1982 1163 2064 illis,
1186 2005 1350 2067 repraesen-

243 2092 340 2171 tando
355 2092 414 2157 sibi
427 2092 483 2158 has
498 2103 654 2178 tamquam
671 2093 721 2157 hic
736 2101 767 2157 et
781 2115 866 2157 nunc
881 2093 1010 2157 maiorer
1025 2092 1096 2158 illis.

289 2208 341 2271 77.
365 2205 528 2282 Quomodo
543 2215 646 2269 autem
661 2205 803 2270 voluntas
817 2206 915 2290 possit
930 2205 988 2270 hoc
1002 2205 1111 2285 facere,
1127 2206 1169 2271 sic
1184 2206 1350 2291 explicatur

242 2339 279 2380 en
293 2317 359 2402 ipsa
379 2318 488 2382 animae
507 2327 627 2383 natura.
675 2317 760 2382 Sicut
780 2318 939 2403 proprium
958 2327 1006 2382 est
1025 2318 1199 2383 intellectus
1218 2319 1348 2402 agentis,

242 2427 357 2515 absque
372 2429 436 2494 ullo
449 2430 616 2495 voluntatis
636 2429 773 2515 imperio,
789 2430 844 2496 sed
858 2454 895 2497 ex
916 2430 1073 2495 tendentia
1089 2454 1143 2495 sua
1158 2430 1291 2495 naturali
1310 2430 1350 2495 ad

242 2564 358 2621 verum,
382 2542 532 2625 attingere
554 2542 661 2621 obiter,
680 2550 711 2608 et
733 2542 820 2627 quasi
843 2565 1057 2627 recognoscere
1080 2565 1149 2607 suas
1172 2542 1295 2626 species,
1319 2552 1349 2605 et

242 2675 298 2737 per
311 2676 362 2717 cas
377 2653 414 2717 ab
437 2676 500 2717 uno
514 2653 704 2738 intelligibili
718 2655 757 2718 ad
773 2653 856 2718 alind
879 2654 1017 2732 transire,
1033 2662 1125 2739 atque
1146 2654 1179 2716 in
1195 2676 1230 2717 eo
1250 2654 1349 2737 magis
1378 2662 1380 2668 '

243 2764 407 2845 immorari,
416 2766 449 2829 in
465 2788 526 2851 quo
541 2766 651 2830 melius
665 2766 780 2830 intueri
794 2775 848 2831 aut
860 2766 982 2830 suavius
996 2776 1097 2851 potest
1105 2793 1115 2846 3
1125 2840 1127 2846 Α
1137 2766 1180 2830 ita
1190 2766 1348 2851 proprium

243 2885 290 2939 est
314 2876 488 2956 voluntatis,
513 2876 629 2962 absque
651 2876 714 2944 ulla
738 2876 965 2957 deliberatione,
986 2878 1039 2942 sed
1060 2901 1095 2942 ex
1119 2877 1274 2942 tendentia
1295 2900 1349 2941 sua

242 2987 375 3051 naturali
390 2988 429 3051 ad
451 2988 578 3068 bonum,
599 2989 749 3073 attingere
764 2989 863 3054 obiter
882 2999 912 3054 11
935 2990 1022 3075 quasi
1044 3011 1256 3073 recognoscere
1279 3012 1349 3053 suas

242 3099 425 3179 affectiones,
442 3108 472 3164 et
486 3123 542 3185 per
556 3122 608 3165 cas
622 3099 661 3164 ab
676 3123 738 3164 uno
753 3100 834 3165 bono
849 3101 935 3164 finito
950 3100 989 3165 ad
1003 3100 1087 3166 aliud
1101 3101 1240 3181 transire,
1256 3110 1348 3186 atque

241 3210 275 3273 in
289 3234 325 3275 eo
340 3212 447 3296 magis¹
461 3212 624 3296 quiescere,
640 3233 710 3275 cum
731 3234 792 3297 quo
809 3212 917 3276 melius
932 3213 1102 3277 consentire
1121 3220 1232 3297 potest.
1279 3213 1348 3276 Hoc

242 3332 344 3387 autem
359 3323 468 3388 accidit
488 3323 740 3408 quotiescumque
754 3346 817 3388 non
840 3324 1080 3409 apprehenditur
1094 3347 1226 3408 praeseus
1244 3346 1346 3387 neees-

239 3484 309 3539 liber
319 3490 368 3554 eat,
382 3502 463 3556 quam
481 3485 511 3537 in
527 3484 639 3537 homine
656 3483 780 3556 perfecto.
817 3484 900 3539 Pueri
917 3484 990 3538 enim
1007 3484 1128 3539 nondum
1146 3484 1251 3556 experti
1268 3484 1346 3539 vani·

240 3575 327 3623 tatem
338 3570 436 3625 talium
447 3571 588 3641 bonorum,
599 3588 650 3624 nec
662 3570 733 3625 vires
747 3570 947 3623 intellectuales
959 3570 1024 3623 satis
1037 3570 1158 3625 evolutas
1170 3569 1299 3623 habentes
1311 3570 1346 3625 ad

239 3655 422 3712 discutiendas
439 3657 557 3711 rationes
574 3674 672 3726 rerum,
690 3656 892 3711 hallucinantur
904 3656 991 3729 specie
1003 3656 1075 3725 boni,
1095 3662 1122 3711 et
1139 3656 1278 3727 attingrmt
1296 3655 1346 3709 sub

239 3743 344 3799 ratione
355 3744 494 3800 felicitatis
506 3743 647 3798 cuiusdam
658 3742 689 3796 in
700 3743 812 3797 confuso
824 3742 853 3797 id
863 3744 935 3815 quod
944 3749 1047 3798 naturae
1057 3742 1195 3811 satisfacit,
1206 3742 1272 3814 quin
1281 3760 1346 3796 eon-

239 3828 358 3885 siderent
374 3831 492 3886 rationes
511 3828 663 3885 contrarias.
701 3828 756 3883 Sed
775 3835 909 3883 crescente
930 3834 1019 3898 aetate,
1041 3833 1068 3882 et
1087 3835 1166 3884 aucto
1184 3847 1239 3882 non
1258 3829 1345 3882 solum

238 3916 350 3971 rationis
371 3936 430 3986 usu,
452 3918 499 3971 sed
520 3916 603 3971 etiam
619 3915 793 3988 experientiae
809 3915 972 3987 magisteria
990 3914 1122 3969 minuitur
1131 3914 1276 3987 paullatim
1291 3915 1344 3968 im-

238 4009 317 4073 petus
329 4003 473 4075 appetitus,
493 4009 522 4057 et
541 4003 575 4058 ob
594 4001 760 4058 evidentiam
778 4001 939 4073 acquisitam
955 4001 989 4056 de
1008 4000 1197 4055 insufficientia
1214 4001 1345 4055 bonorum

239 4090 443 4160 particularium
459 4088 555 4145 crescit
570 4089 688 4143 libertas.
725 4088 800 4142 Hinc
815 4105 862 4159 per
882 4106 911 4142 se
927 4093 954 4142 et
971 4086 1132 4142 naturaliter
1146 4087 1288 4159 perfectior
1304 4095 1345 4143 111

237 4175 348 4231 libertas
361 4177 390 4230 in
402 4178 577 4243 adolescente,
590 4193 672 4248 quam
684 4174 714 4227 in
724 4192 815 4246 puero,
828 4181 856 4229 et
867 4174 897 4227 in
909 4192 971 4228 1111
984 4192 1065 4245 quam
1077 4173 1106 4227 in
1116 4172 1297 4227 adolescente:
1316 4181 1344 4228 et

238 4263 299 4316 ideo
312 4264 395 4317 etiam
412 4264 485 4334 leges
500 4264 627 4316 humanae
644 4261 759 4315 maiores
780 4260 824 4313 vel
844 4259 959 4314 minores
972 4259 1105 4335 'infligrmt
1123 4276 1216 4331 poenas
1232 4259 1344 4315 diversis

240 4350 366 4405 aetatibus
378 4368 426 4422 pro
438 4350 535 4403 11111111
547 4348 625 4403 factis
637 4346 827 4402 materialibus.
