3200 4975
270 370 337 432 284
714 390 756 433 na
774 389 920 433 nonius.
1219 370 1303 453 [oar.
1322 390 1379 435 111.

270 553 387 620 lumine
398 555 456 620 sibi
466 556 647 641 participato
657 557 841 641 exigentiam
853 565 971 621 naturae
983 565 1156 642 superante,
1166 556 1249 642 quod
1263 557 1376 622 dicitur

268 665 374 732 lumen
400 665 522 751 gloriae;
545 667 589 731 ita
614 676 717 753 posset
744 667 847 731 anima
872 684 948 731 uon'
962 666 1078 731 elevata
1098 665 1210 731 habere
1229 666 1375 731 visionem

268 776 359 841 aliam
373 776 548 842 intuitivam
557 776 710 842 mediante
719 777 837 843 lumine
848 776 1028 863 participato
1039 776 1123 841 iuxta
1132 777 1376 842 convenientiam

242 868 386 953 'naturae
409 889 441 951 in
467 889 600 953 termino
623 889 790 969 existentis,
812 889 894 974 quod
920 889 1025 953 lumen
1051 888 1185 953 differret
1214 913 1233 953 a
1258 890 1375 953 lumine

269 1000 381 1083 gloriae,
398 1000 477 1065 sicut
492 999 631 1065 naturale
646 1001 792 1065 auxilium
808 1023 827 1065 a
841 999 1083 1085 supernaturali:
1106 1010 1137 1064 et
1152 1023 1207 1085 per
1226 1000 1285 1065 hoc
1300 1002 1376 1066 visio

268 1111 423 1189 intuitiva,
438 1121 475 1176 ut
496 1134 551 1197 per
573 1111 726 1176 diversum
741 1111 846 1175 lumen
862 1119 994 1191 causata,
1009 1120 1088 1175 esset
1104 1134 1159 1196 pro
1174 1134 1252 1196 pura
1265 1122 1375 1177 natura

268 1222 393 1287 diversae
410 1223 520 1307 speciei
543 1246 560 1286 a
575 1223 690 1287 visione
708 1232 826 1287 naturae
840 1222 962 1287 elevatae
976 1245 1032 1307 per
1046 1223 1176 1307 gratiam
1193 1234 1373 1308 supernatu-

267 1333 371 1413 ralem,
387 1334 450 1399 fere
472 1334 552 1399 sicut
575 1334 693 1399 diversa
715 1345 761 1399 eat
776 1334 861 1412 visio,
877 1357 947 1420 quae
968 1357 1022 1419 per
1044 1334 1149 1399 lu'men
1171 1334 1262 1415 lunae,
1279 1337 1317 1400 ab
1338 1359 1374 1400 ea

266 1469 335 1531 quae
357 1469 412 1531 per
432 1447 535 1510 lumen
559 1446 631 1511 solis
652 1446 757 1511 haberi
779 1455 890 1530 potest.
936 1445 977 1509 Et
999 1446 1057 1510 hoc
1079 1447 1194 1530 optime
1209 1448 1373 1511 concordat

266 1580 337 1623 cum
352 1567 418 1623 tota
432 1559 601 1625 oecouomia
616 1558 741 1623 relativa
760 1558 876 1621 ordinis
898 1557 1046 1621 naturalis
1068 1570 1098 1621 et
1122 1560 1373 1643 supernaturalis.

266 1669 357 1733 Dona
372 1670 454 1733 enim
469 1670 575 1753 gratiae
589 1678 831 1756 praesupponunt
847 1676 999 1746 naturam,
1012 1690 1105 1752 quam
1120 1691 1184 1733 non
1195 1669 1370 1750 destruunt,

266 1780 321 1844 sed
335 1781 453 1845 elevant
468 1782 658 1867 ultraquam
673 1790 776 1866 posset
791 1780 855 1844 suis
875 1779 1006 1865 propriis
1021 1779 1146 1859 viribus,
1163 1790 1198 1844 ut
1217 1781 1301 1866 quod
1318 1805 1372 1867 per

265 1902 407 1957 naturam
428 1894 464 1957 fit
485 1917 549 1958 uno
571 1893 663 1958 modo
684 1893 916 1978 imperfectione,
931 1892 985 1957 fiat
1007 1915 1062 1977 per
1082 1894 1213 1976 gratiam
1228 1893 1288 1959 alio
1302 1916 1371 1978 per-

265 2004 388 2068 fectiore
404 2005 515 2084 mod03
539 2005 582 2069 sic
597 2005 673 2069 fides
688 2002 937 2090 supernaturalis,
953 2004 1094 2083 charitas,
1110 2003 1295 2087 benignitas,
1311 2012 1369 2068 etc.

266 2115 379 2180 dantur
401 2116 519 2180 homini
534 2093 667 2181 'habenti
688 2116 860 2181 naturalem
874 2115 1111 2180 inclinationem·
1120 2116 1159 2180 ad
1174 2115 1369 2194 credendum,

265 2227 494 2307 adamandam,
510 2227 549 2292 ad
563 2227 758 2313 placendum,
770 2238 829 2292 etc.
841 2253 851 2306 ;
876 2227 974 2311 gratia
989 2227 1071 2291 enim
1087 2249 1149 2292 nou
1165 2236 1247 2291 creat
1262 2227 1369 2291 huius·

266 2336 347 2402 modi
363 2337 575 2421 dispositiones
584 2359 618 2402 ac
633 2337 793 2406 facultates
805 2337 969 2415 naturales,
983 2337 1035 2401 sed
1051 2338 1203 2422 potentias
1215 2337 1369 2402 naturales

264 2472 356 2534 supra
370 2458 512 2515 naturam
527 2450 618 2534 erigit
633 2458 663 2514 et
679 2449 812 2515 roborat.
846 2450 888 2514 Ilt
903 2456 1131 2534 cousequenter,
1148 2450 1174 2512 si
1189 2448 1280 2513 datur
1293 2449 1369 2514 visio

263 2561 406 2624 intuitiva
435 2560 684 2645 supernaturalis,
710 2560 800 2624 debet
830 2561 951 2624 admitti
981 2560 1072 2624 etiam
1103 2560 1135 2622 iu
1162 2560 1267 2623 ordine
1294 2583 1368 2645 pure

263 2673 394 2737 naturali
419 2673 604 2757 possibilitas
633 2672 757 2737 alterius
780 2671 906 2737 visionis
934 2671 1094 2751 intuitivae,
1120 2694 1213 2756 quam
1244 2672 1368 2737 haberet

263 2789 365 2850 anima
379 2808 449 2849 cum
465 2785 577 2849 auxilio
592 2784 735 2863 naturali,
752 2785 778 2848 si
792 2793 947 2848 crearetur
961 2784 993 2848 in
1010 2791 1093 2848 statu
1108 2807 1192 2868 purae
1207 2794 1333 2849 naturae.

308 2899 380 2961 118.
409 2898 535 2961 Obiicice
550 2901 593 2962 5⁰.
617 2897 813 2960 Desiderium
827 2896 967 2960 naturale
982 2896 1125 2980 perfectae
1140 2895 1292 2959 felicitatis
1303 2918 1366 2960 non

261 3007 383 3092 respicit
401 3008 495 3071 solam
518 3008 663 3086 animam,
679 3007 732 3071 sed
754 3017 856 3070 totum
877 3007 1043 3071 hominem.
1091 3007 1123 3071 si
1138 3029 1212 3090 ergo
1227 3007 1366 3071 frustrari

262 3129 362 3203 potest
374 3119 475 3204 quoad
484 3119 587 3204 ipsum
600 3120 754 3183 bominem
769 3119 853 3203 (quia
864 3129 932 3204 post
945 3128 1073 3183 mortem
1089 3141 1152 3182 non
1161 3128 1207 3182 est
1218 3118 1322 3203 homo)
1325 3169 1335 3199 ‚
1347 3142 1366 3182 a

260 3231 378 3294 fortiori
393 3231 504 3314 poterit
519 3230 659 3295 frustrari
674 3229 776 3315 quoad
791 3231 926 3294 animam
943 3230 1049 3294 solam.

304 3345 485 3428 Respondeo
500 3345 569 3410 dist.
585 3353 647 3410 unt.
663 3344 786 3429 respicit
811 3353 910 3408 totum
927 3345 1081 3408 hominem
1098 3343 1130 3406 in
1154 3353 1301 3427 quantum
1318 3353 1364 3408 est

259 3455 415 3520 rationalis
430 3479 509 3520 coac.
526 3465 600 3536 ont„
611 3455 804 3540 inquantum
815 3464 861 3519 est
873 3456 1035 3519 sensitivus
1046 3455 1167 3519 subdat.
1180 3430 1363 3518 desideriurb

259 3568 413 3652 appetitus
431 3567 580 3631 inferioris
596 3576 698 3646 truria,
713 3567 868 3652 appetitus
884 3567 1046 3651 superioris
1062 3590 1138 3651 nep,
1153 3584 1184 3630 et
1199 3569 1267 3631 diat.
1285 3589 1362 3631 cona.

259 3681 292 3744 Si
315 3679 455 3744 frustrari
476 3689 579 3764 potest
602 3679 760 3744 tendentia
782 3679 951 3743 essentialis
973 3679 1128 3764 appetitus
1151 3678 1324 3763 superioris,
1344 3701 1363 3742 a

257 3791 385 3870 fortiori,
410 3800 467 3856 etc.
492 3813 572 3856 coac.
595 3814 684 3870 cona,
701 3791 727 3855 si
749 3791 888 3855 frustrari
910 3800 1011 3875 potest
1033 3789 1191 3854 tendentia
1213 3790 1362 3854 naturalis

257 3905 411 3990 appetitus
425 3903 586 3983 inferioris,
600 3927 619 3967 a
632 3904 761 3982 fortiori,
777 3913 835 3968 etc.
851 3926 880 3968 rr.
901 3925 980 3967 coris.
1026 3902 1113 3967 Sicut
1133 3901 1217 3965 euim
1236 3909 1309 3966 sunt
1328 3902 1361 3966 in

257 4018 383 4082 homine
404 4017 467 4081 duo
489 4016 573 4081 modi
595 4015 809 4102 cognoscendi,
833 4015 995 4080 sensitivus
1016 4023 1047 4079 et
1069 4014 1295 4095 intellectualis,
1317 4016 1362 4080 ita

256 4138 329 4192 suut
345 4129 407 4192 duo
421 4128 505 4193 modi
519 4128 684 4213 appetendi
699 4137 730 4192 et
745 4127 814 4192 duae
831 4126 997 4191 tendentiae
1020 4126 1113 4191 altera
1136 4125 1175 4190 ad
1196 4125 1359 4206 sensibilia,

256 4241 350 4305 altera
358 4241 397 4304 ad
407 4240 633 4305 intellectualia.
679 4239 846 4324 Appetitas
858 4248 960 4303 autem
977 4237 1168 4302 sensibilium
1178 4261 1239 4302 non
1253 4247 1360 4323 postu·

255 4353 298 4416 lat
321 4353 424 4416 satiari
445 4361 516 4437 post
539 4360 722 4437 praesentem
737 4351 851 4416 vitam:
883 4359 950 4414 tum
972 4351 1044 4436 quia
1064 4372 1118 4435 per
1141 4359 1271 4415 mortem
1291 4373 1358 4416 cor-
