3200 4975
257 312 323 375 250
702 332 745 376 ns
762 332 909 377 nonius.
1200 312 1287 396 [cnr.
1305 333 1360 383 ιιι.

253 494 293 560 sd
315 495 444 561 formam
467 496 641 563 sensitivam
663 498 869 583 recipiendam
891 506 937 563 est
959 498 1073 583 pariter
1095 498 1300 562 necessarium
1322 507 1359 561 ut

252 606 380 672 materia
395 616 514 673 maneat
529 609 587 675 sub
601 607 655 674 illa
669 609 782 673 forma:
806 608 893 695 atqui
907 610 1004 674 forma
1020 610 1190 694 vegetativa
1209 619 1256 677 est
1278 610 1360 674 inter

172 718 176 725 ’
252 741 313 799 eas,
328 720 442 806 quibus
467 720 594 785 materia
618 720 792 807 disponitur
815 722 854 787 ad
881 721 1085 807 recipiendam
1111 722 1240 787 formam
1263 723 1358 787 sensi-

253 832 347 897 tivam
357 858 368 911 ;
398 855 472 917 ergo
501 834 528 897 si
557 832 648 899 datur
677 834 780 899 anima
808 834 979 921 vegetativa
1008 843 1079 899 ante
1109 834 1294 913 sensitivam,
1323 857 1360 898 ea

253 943 388 1008 manebit
408 944 502 1009 etiam
522 954 592 1031 post
614 945 707 1013 huius
729 946 912 1011 adventum:
936 949 971 1011 3⁰
993 946 1057 1010 sola
1078 944 1157 1010 ratio
1178 967 1233 1009 cur
1254 945 1359 1031 aliqua

252 1056 351 1120 forma
369 1057 523 1141 corrumpi
543 1056 660 1137 debeat,
677 1066 724 1122 est
745 1056 873 1123 cessatio
894 1057 1102 1144 dispositionis
1122 1055 1233 1122 debitae
1251 1056 1283 1120 in
1302 1079 1357 1121 sua

253 1167 398 1233 materiae
420 1168 509 1253 atqui
529 1168 606 1234 dum
627 1169 723 1233 foetus
744 1169 852 1255 recipit
870 1170 1003 1234 animam
1025 1168 1200 1235 sensitivam
1216 1191 1279 1233 non
1294 1190 1358 1233 ces-

254 1287 324 1343 sant
345 1280 559 1365 dispositiones
581 1280 621 1345 ad
639 1281 863 1365 vegetationem
885 1280 1061 1347 necessariae
1071 1306 1081 1359 3
1111 1300 1185 1365 ergo
1206 1280 1232 1345 si
1257 1280 1359 1344 anima

253 1384 425 1477 vegetativa'
436 1392 602 1479 praeeristit
616 1393 780 1473 sensitivae,
795 1392 886 1458 debet
900 1416 1023 1458 manere
1037 1392 1131 1457 etiam
1144 1400 1225 1476 post.

298 1504 386 1569 Idem
401 1529 419 1571 a
433 1505 551 1570 fortiori
566 1505 729 1571 dicendum
745 1504 892 1569 deanima
905 1504 1048 1569 sensitiva
1058 1504 1091 1569 in
1104 1504 1236 1569 adventu
1249 1503 1359 1569 animm

253 1616 465 1695 intellectivae3
488 1638 550 1681 non
574 1618 656 1681 enim
682 1626 785 1701 posset
811 1616 876 1681 hac
899 1616 984 1679 illam
1009 1614 1116 1680 eiicere
1140 1622 1209 1680 tum
1234 1622 1359 1700 propter

255 1728 352 1793 dictas
368 1729 512 1807 rationes,
528 1737 595 1793 tum
616 1728 777 1813 praecipue,
792 1728 865 1813 quia
879 1727 981 1819 anima
996 1727 1139 1793 sensitiva
1153 1735 1200 1790 est
1215 1726 1356 1791 snbstan-

253 1843 297 1907 tia
317 1843 453 1927 simplex,
469 1851 504 1906 nt
523 1863 615 1927 supra
636 1849 793 1905 ostensum
817 1848 863 1904 est
888 1842 931 1925 (n.
948 1842 1001 1919 43,
1017 1842 1070 1919 44,
1086 1840 1162 1923 45):
1185 1840 1271 1924 atqui
1286 1838 1358 1903 sub·

255 1953 368 2017 stantia
383 1951 510 2037 simplex
524 1974 588 2015 non
603 1960 700 2016 cessat
717 1951 775 2015 nisi
790 1970 844 2035 per
859 1950 1132 2029 annihilationem
1155 1973 1228 2035 ergo
1250 1949 1357 2035 nequit

255 2064 357 2129 anima
384 2062 570 2128 intellectiva
599 2062 775 2127 sensitivam
804 2061 971 2127 excludere.
1016 2062 1064 2127 Ex
1093 2062 1205 2147 quibus
1234 2062 1358 2127 conclu·

254 2175 390 2241 dandum
412 2184 468 2255 est,
483 2174 567 2260 quod
589 2174 622 2237 in
643 2174 725 2239 foetu
745 2196 811 2239 non
827 2174 963 2238 existunt
977 2180 1040 2237 tres
1055 2172 1165 2238 animae
1180 2173 1357 2253 successive,

252 2287 307 2352 sed
321 2287 443 2372 quando
457 2309 569 2371 corpus
583 2286 700 2351 factum
714 2295 762 2351 est
782 2286 816 2350 in
834 2285 971 2371 potentia
988 2284 1146 2364 advitam,
1161 2292 1237 2350 tunc
1255 2285 1354 2374 primo

252 2398 427 2462 infunditur
440 2398 485 2461 illi
500 2398 611 2477 anima,
627 2406 657 2462 et
671 2397 737 2462 haec
751 2396 944 2461 intellectiva.

297 2514 349 2576 89.
377 2513 511 2576 Obiieies.
537 2511 571 2575 Si
585 2512 628 2575 ita
643 2520 699 2589 est,
714 2510 809 2575 foetus
824 2509 941 2573 nullam
956 2508 1048 2573 habet
1062 2508 1193 2574 formam
1212 2509 1356 2574 substan·

252 2622 356 2688 tialem
371 2632 534 2708 antequam
550 2623 591 2687 sit
604 2631 676 2687 actu
690 2623 793 2686 homo.
830 2621 873 2685 Et
886 2621 944 2685 hoc
958 2630 1121 2706 repugnat.
1165 2622 1248 2686 Nam
1262 2622 1356 2686 foetus

252 2742 331 2798 esset
346 2756 424 2818 pura
438 2733 608 2818 corruptio:
632 2742 663 2797 et
679 2733 722 2797 sic
738 2755 803 2819 non
822 2731 947 2796 haberet
967 2732 1100 2815 aliquam
1124 2732 1354 2817 dispositionem

253 2846 292 2910 ad
306 2846 435 2910 formam
450 2845 594 2909 hominis.

298 2957 480 3043 Respondeo
494 2981 523 3021 n.
535 2958 604 3036 M.;
627 2957 700 3042 qnia
713 2978 770 3022 nec
784 2967 832 3022 est
847 2980 968 3022 necesse
978 2958 1109 3024 formam
1125 2959 1355 3024 substantialem

253 3071 347 3134 foetus
375 3093 442 3134 esse
469 3069 601 3154 aliquam
631 3069 775 3149 animam,
799 3091 855 3134 nec
879 3092 1002 3134 necesse
1028 3078 1074 3134 est
1099 3071 1211 3136 foetum
1234 3071 1355 3136 unicam

252 3180 363 3246 habere
373 3181 503 3246 formam
515 3181 757 3259 substantialem,
770 3179 823 3244 sed
834 3188 892 3260 tot,
902 3191 977 3265 quot
986 3181 1078 3245 habet
1087 3191 1190 3266 partes
1202 3183 1335 3246 materiae
1349 3207 1356 3246 :

253 3294 345 3358 habet
359 3303 463 3358 tamen
477 3293 627 3361 unitatem
642 3293 871 3377 compositionis
886 3293 1044 3373 naturalis,
1057 3293 1164 3358 saltem
1175 3294 1355 3372 inchoative,

252 3406 285 3468 in
301 3413 451 3490 quantum
465 3413 567 3490 partes
584 3405 746 3490 compositi
762 3403 938 3488 conspirant
959 3405 999 3470 ad
1017 3405 1231 3491 praeparandas
1252 3405 1355 3489 dispo·

253 3517 379 3580 sitiones
392 3517 551 3601 organicas
572 3517 705 3602 corporis
722 3517 762 3582 ad
782 3518 908 3608 unicam
920 3517 1014 3584 vitam
1034 3517 1219 3581 sensitivam.
1266 3518 1356 3582 Hanc

253 3637 355 3692 autem
370 3629 522 3693 unitatem
535 3628 629 3693 habet
643 3652 661 3692 a
676 3651 731 3693 sua
744 3629 843 3692 forma
861 3630 1002 3709 naturali,
1013 3652 1076 3693 non
1090 3629 1288 3709 substantiali,
1301 3651 1356 3692 seu

253 3763 272 3804 a
289 3739 542 3805 determinatione
558 3741 707 3805 existente
723 3740 757 3804 in
776 3741 946 3826 composito
960 3741 999 3805 ad
1014 3741 1162 3826 quasdam
1177 3741 1310 3806 actiones
1325 3750 1356 3805 et

252 3852 408 3937 passiones
422 3852 488 3917 eius
504 3845 723 3937 vegetationem
739 3862 908 3933 causantes,
925 3852 950 3916 si
971 3853 1151 3918 alimentum
1174 3851 1356 3918 conveniens

253 3987 290 4028 ex
300 3966 407 4030 metris
415 3964 588 4029 substantia
598 3965 637 4028 ad
647 3972 770 4029 uterum
780 3965 934 4029 confluat:
958 3974 1050 4050 atque
1061 3965 1125 4031 haee
1140 3965 1354 4030 determinatio

252 4075 419 4140 rectissime
434 4076 544 4141 dicitur
556 4076 655 4142 forma
670 4077 848 4160 vegetativa.

295 4189 349 4250 90.
373 4186 528 4263 Quaeritur
542 4196 661 4272 quarto,
677 4197 775 4251 utram
789 4189 887 4252 anima
902 4187 1077 4252 intellectiva
1092 4188 1265 4272 infiendctnr
1288 4201 1353 4251 cor-

246 4299 318 4380 pori
331 4301 363 4360 in
377 4300 440 4382 ipso
456 4307 524 4362 actu
537 4299 683 4362 materiali
693 4300 903 4382 generationis.
