3200 4975
301 320 366 385 276
749 344 791 385 ou
810 344 952 388 noulun.
1245 326 1332 409 [cur.
1348 345 1403 387 111.

301 525 394 587 quam
418 506 559 571 sensitiva
582 506 673 586 videt,
704 516 734 571 et
759 508 948 593 imprimitur
976 508 1089 593 species
1119 508 1320 594 intelligibilis
1349 533 1404 595 per

302 637 394 699 quam
410 617 592 683 intellectiva
600 619 699 685 videt:
722 643 777 705 per
791 622 919 706 primam
936 621 1061 705 attingit
1076 621 1208 685 rationes
1222 623 1402 702 materiales,

301 727 442 809 colorem,
459 739 517 794 etc.
533 754 663 816 quarum
683 732 788 796 haberi
811 741 912 816 potest
937 732 1137 818 phantasma:
1160 756 1216 817 per
1239 735 1401 798 secundam

302 840 428 924 attingit
448 843 580 907 rationes
601 843 808 929 intelligibiles
827 845 917 923 entis,
932 866 1038 923 causae,
1054 853 1111 908 etc.
1127 866 1258 929 quarum
1281 846 1400 910 nullum

301 950 483 1035 phantasma
499 954 603 1018 haberi
619 964 730 1040 potest.
775 954 878 1032 Quare
893 955 967 1019 dum
989 955 1091 1019 anima
1105 955 1305 1040 apprehendit
1320 956 1401 1021 obie-

301 1072 396 1143 ctum,
411 1066 557 1131 terminat
579 1066 722 1131 virtutem
740 1090 827 1131 suam
846 1067 1021 1131 intuitivam
1041 1066 1074 1130 in
1095 1090 1127 1131 se
1142 1068 1262 1132 unicam
1287 1069 1401 1154 duplici

300 1177 531 1244 terminatione:
554 1202 617 1244 una
631 1180 670 1245 ad
692 1180 846 1244 sensibilia
866 1202 920 1264 per
941 1180 1133 1266 phantasma,
1149 1180 1207 1244 alia
1227 1180 1265 1245 ad
1287 1181 1399 1245 intelli-

300 1285 416 1369 gibilia,
439 1290 539 1374 posito
564 1291 687 1375 quidem
712 1292 935 1375 phantasmate,
960 1292 1012 1355 sed
1035 1313 1098 1355 non
1127 1314 1182 1376 per
1207 1292 1398 1384 phantasma.

300 1399 392 1465 Unde
401 1413 525 1488 apparet
540 1413 643 1468 actum
657 1404 746 1468 illum
761 1427 826 1469 csse
841 1427 939 1469 unum
953 1413 1083 1489 exparte
1098 1404 1218 1489 agentis
1232 1405 1399 1471 formaliter

298 1514 426 1597 spectati
448 1523 484 1579 ut
507 1523 674 1599 satagens,
694 1515 747 1580 sed
769 1538 834 1580 esse
860 1515 1022 1599 dupliciter
1046 1514 1255 1594 terminatum,
1275 1524 1306 1579 et
1330 1516 1400 1580 ideo

297 1626 450 1710 acquirere
460 1626 612 1713 duplicem
627 1627 905 1692 denominationem
917 1650 934 1690 a
949 1626 1064 1710 duplici
1078 1626 1255 1712 passivitate
1269 1626 1397 1692 subiecti

298 1738 493 1804 materialiter
512 1738 702 1803 considerati.
748 1737 836 1802 Idem
855 1760 927 1822 ergo
942 1747 1028 1803 actus
1050 1738 1168 1821 agentis
1183 1737 1399 1803 denominatur

297 1851 463 1915 sensatioa
481 1851 655 1937 passivitate
677 1873 795 1929 sensus,
812 1850 844 1913 in
864 1859 985 1935 quaest
1004 1850 1195 1933 phantasma,
1211 1859 1241 1913 et
1260 1850 1396 1915 denomi-

297 1975 388 2027 natur
409 1963 575 2028 intellectio
596 1987 614 2027 a
634 1963 809 2047 passivitate
829 1961 990 2046 spirituali,
1013 1962 1045 2025 in
1068 1984 1129 2046 qua
1148 1983 1212 2026 non
1232 1971 1278 2026 est
1298 1963 1394 2047 phan-

296 2086 403 2153 tasma,
420 2074 472 2138 sed
490 2074 603 2160 species
625 2074 838 2157 intelligibilis.
882 2074 965 2157 Ergo
987 2072 1157 2157 intelligere
1179 2095 1250 2137 cum
1264 2074 1395 2159 phanta-

294 2196 390 2252 smate
416 2209 479 2250 non
508 2196 554 2251 est
579 2186 690 2250 habere
719 2187 902 2271 phantasma
927 2208 982 2270 pro
1011 2185 1129 2250 obiecto
1158 2186 1278 2250 formali
1308 2197 1395 2251 actus

292 2298 479 2378 intellectui,
499 2298 553 2362 sed
575 2306 621 2362 est
644 2297 815 2381 intelligere
837 2319 891 2382 per
913 2298 1042 2382 speciem
1063 2296 1297 2381 intelligibilem,
1318 2298 1392 2362 dum

291 2410 435 2481 habetur¹
450 2410 641 2496 phantasma.
687 2408 789 2486 Quare
810 2408 980 2494 intelligere
1010 2429 1080 2472 cum
1106 2409 1319 2493 phantasmate
1347 2418 1395 2474 est

291 2545 357 2588 csse
379 2523 573 2588 coniunctam
595 2521 832 2586 intellectionem
855 2520 1021 2585 sensationi
1044 2531 1168 2606 propter
1187 2522 1391 2588 conditionem

291 2637 400 2702 animae
414 2634 448 2700 in
462 2657 585 2721 corpore
599 2634 765 2713 existentis,
781 2642 812 2698 et
827 2634 1009 2717 phantasma
1023 2654 1085 2697 non
1107 2642 1153 2697 est
1169 2634 1207 2698 de
1222 2634 1392 2700 intrinsecis

291 2756 377 2813 actus
403 2747 596 2825 intellectivi3
626 2768 699 2830 ergo
724 2754 861 2810 cessante
887 2744 1001 2808 unione
1026 2745 1136 2808 animae
1161 2768 1231 2809 cum
1257 2746 1390 2832 corpore,

290 2857 420 2923 cessabit
439 2857 673 2922 concomitantia
692 2864 778 2920 actus
798 2854 934 2918 sensitivi
950 2876 1020 2918 cum
1041 2853 1242 2920 intellectiva:
1266 2867 1296 2921 et
1312 2858 1390 2923 sicut

290 2970 391 3032 anima
405 2968 513 3031 existet
536 2967 600 3030 sine
615 2988 748 3051 corpore,
764 2966 807 3028 ita
830 2963 1005 3049 operabitur
1024 2962 1224 3048 intelligendo
1246 2967 1312 3031 sine
1326 2969 1392 3033 ullo

286 3071 508 3166 phantasmate.
609 3119 613 3127 ι

332 3195 432 3256 Dices.
455 3192 568 3255 Anima
582 3211 687 3254 carens
709 3211 833 3274 corpore
848 3188 1028 3252 naturaliter
1050 3189 1088 3252 de
1103 3189 1187 3252 nulla
1201 3212 1234 3253 re
1256 3192 1390 3275 cogitare

287 3313 398 3390 potest.
444 3303 518 3367 Non
534 3302 571 3366 de
583 3300 753 3388 praeteritis,
765 3300 838 3385 quia
849 3299 996 3364 memoria
1010 3299 1149 3383 perditur
1160 3323 1229 3364 cum
1245 3324 1387 3387 corpore:

285 3437 350 3483 non
365 3415 403 3478 de
417 3411 628 3497 praesentibus,
644 3411 715 3496 quia
732 3411 831 3494 prima
844 3409 1044 3495 apprehensio
1058 3410 1151 3494 exigit
1168 3413 1332 3498 motionem
1349 3415 1387 3478 ab

286 3525 421 3590 obiecto:
444 3524 595 3589 obiectum
619 3533 719 3587 antem
743 3521 936 3605 intelligibile
955 3544 1050 3606 quum
1072 3505 1113 3585 sit
1133 3523 1301 3588 universale
1323 3548 1385 3590 non

285 3647 394 3715 movet,
416 3659 511 3722 quum
532 3657 651 3699 movere
675 3635 715 3698 sit
733 3633 812 3697 actio
833 3633 913 3696 entis
932 3632 1124 3696 determinati
1150 3643 1180 3697 et
1202 3635 1385 3720 singularis:

282 3774 345 3815 non
362 3749 535 3825 defuturis,
551 3748 622 3833 quia
636 3746 719 3831 quod
733 3768 796 3808 non
812 3754 867 3823 est,
883 3766 946 3808 non
962 3756 1072 3808 movet.

326 3861 508 3946 Respondeo
521 3884 550 3924 a.
566 3868 628 3922 cut.
673 3858 723 3922 Ad
737 3857 825 3942 prob.
842 3879 871 3920 a.
887 3865 949 3921 urat.
966 3856 1066 3941 quoad
1081 3878 1186 3920 omnes
1201 3868 1311 3942 partes.
1343 3860 1385 3923 Et

281 3975 380 4061 primo
404 3995 473 4037 cum
497 3992 620 4056 corpore
642 3969 781 4053 perditur
803 3968 843 4031 ad
872 3990 1027 4030 summum
1052 3969 1198 4031 memoria
1222 3971 1383 4050 sensibilis,

280 4086 352 4172 quia
366 4085 504 4169 perditur
518 4105 668 4166 organum
683 4079 848 4158 materiale,
866 4079 917 4143 sed
940 4100 1003 4142 non
1019 4080 1163 4142 memoria
1177 4079 1361 4146 intellectiva
1373 4110 1382 4160 3

278 4206 310 4261 et
321 4196 389 4260 ideo
401 4203 525 4259 manent
537 4195 569 4257 in
579 4193 680 4257 anima
691 4199 829 4276 separata
838 4213 943 4254 omnes
954 4191 1143 4274 cognitiones
1152 4191 1381 4258 intellectuales

279 4307 429 4383 Secundo,
445 4305 546 4390 quoad
568 4304 685 4368 obiecta
707 4301 878 4387 praesentia,
895 4302 1069 4381 dicendum,
1086 4303 1278 4388 intelligibile
1298 4306 1381 4391 quod
