3200 4975
266 303 330 365 174
716 327 759 368 ou
777 327 923 371 nonius.
1224 308 1311 392 [car.
1329 328 1366 371 ιι.

306 487 359 550 46.
384 487 417 552 Si
438 510 508 552 vero
530 489 726 556 attendamus
747 493 787 556 ad
809 493 1000 577 operationes
1018 494 1087 558 vitae
1110 493 1275 573 rationalis,
1299 516 1367 578 quae

262 599 341 662 fiunt
370 600 403 662 in
432 600 566 682 homine,
590 602 688 668 multo
714 604 814 689 magis
838 605 1062 685 convincemur,
1090 606 1275 691 principium
1300 605 1366 668 eius

261 711 352 776 vitale
366 735 432 776 esse
446 713 662 779 substantiam.

303 823 407 889 Primo
422 826 504 890 enim
520 825 602 890 inter
615 827 807 911 operationes
822 829 892 893 vitse
906 829 1061 894 rationalis
1079 829 1177 913 prima
1199 851 1234 894 ac
1255 829 1365 893 funda-

260 934 401 998 mentalis
426 944 475 999 est
500 946 587 1001 actus
610 938 804 1022 perceptione
834 939 987 1004 rationum
1017 937 1270 1022 intelligibilium,
1296 960 1364 1023 quae

258 1054 332 1110 sunt
348 1047 382 1110 in
402 1048 503 1128 rebus,
519 1071 581 1134 quo
595 1051 696 1135 posito
711 1051 746 1114 fit
759 1051 905 1135 possibile
919 1051 1053 1116 iudicare
1068 1051 1106 1123 de
1121 1074 1225 1116 earum
1239 1051 1362 1115 relatio·

257 1156 359 1237 nibus,
386 1158 564 1241 discurrere,
588 1183 643 1226 seu
672 1160 808 1227 evolvere
837 1186 931 1227 unam
960 1164 1119 1227 veritatem
1149 1186 1185 1227 ex
1214 1162 1282 1242 alia,
1303 1171 1362 1227 etc.

257 1268 353 1355 Atqui
374 1280 460 1336 actm
476 1273 666 1358 percipiendi
685 1274 891 1359 intelligibilia
911 1275 1048 1359 postulat
1068 1274 1264 1360 principium,
1280 1273 1363 1359 quod

257 1381 297 1445 sit
327 1383 508 1449 substantia.
553 1385 647 1470 llige.
692 1385 794 1450 Maior
822 1387 933 1471 cuique
963 1395 1101 1466 constat3
1131 1387 1231 1450 minor
1257 1395 1360 1451 autem

255 1492 344 1558 facile
364 1494 521 1579 probatur.
566 1496 649 1561 Nam
671 1497 856 1583 principium
879 1498 1087 1583 perceptivum
1117 1496 1359 1582 intelligibilium

254 1607 423 1672 necessario
445 1609 538 1674 habet
559 1611 728 1694 potentiam
750 1611 913 1695 passivam,
942 1633 1010 1695 quae
1032 1618 1172 1675 actuetur
1201 1609 1240 1675 ab
1268 1609 1359 1674 intel·

254 1718 376 1802 ligibili,
391 1730 422 1785 et
439 1721 500 1785 vim
522 1723 662 1802 activam,
678 1745 747 1807 quae
767 1723 949 1787 terminetur
972 1722 1011 1786 ad
1034 1720 1228 1806 intelligibile
1252 1729 1288 1784 ut
1311 1744 1358 1785 re·

253 1840 377 1916 ceptum
400 1832 591 1918 inpotentia
617 1835 743 1918 passiva
790 1834 887 1919 Atqui
917 1833 1102 1918 principium
1132 1833 1283 1897 eiusmodi
1312 1842 1358 1896 est

253 1942 435 2008 substantia.
479 1945 574 2029 Ergo.
620 1946 722 2010 Maior
744 1945 837 2012 huius
852 1945 1027 2030 argumenti
1042 1953 1162 2009 constat
1172 1971 1181 2022 3
1206 1967 1277 2008 nam
1293 1943 1358 2008 sine

252 2054 489 2121 viterminativa
503 2065 589 2120 actus
604 2057 643 2121 ad
658 2056 851 2141 intelligibile
866 2057 952 2121 nulla
967 2056 1096 2121 habetur
1107 2057 1152 2120 vis
1163 2056 1357 2135 intellectiva,
1398 2115 1403 2123 .

251 2173 286 2228 ut
308 2187 345 2229 ex
365 2165 441 2251 ipsis
462 2167 602 2231 terminis
624 2176 768 2252 apparet3
791 2177 823 2232 et
846 2167 889 2232 sic
911 2191 974 2232 non
994 2168 1093 2232 solnm
1111 2167 1197 2231 nulla
1216 2167 1274 2231 erit
1289 2191 1356 2253 per·

249 2277 360 2360 ceptio,
376 2277 430 2341 sed
443 2300 483 2341 ne
496 2277 682 2364 principium
698 2279 823 2364 quidem
848 2279 1087 2346 intellectivam:
1111 2287 1142 2343 et
1165 2277 1314 2359 similiter,
1330 2281 1356 2344 si

247 2389 288 2454 ad
309 2389 533 2475 perceptionem
555 2391 666 2455 obiecti
686 2414 750 2456 non
772 2400 925 2476 oporteret
947 2391 1078 2476 recipere
1100 2391 1232 2477 aliquam
1257 2391 1355 2456 deter-

247 2503 447 2567 minationem
462 2504 500 2569 ab
515 2503 643 2584 obiecto,
658 2504 746 2568 nulla
759 2512 839 2569 esset
853 2506 941 2585 ratio,
953 2526 1008 2568 cur
1023 2504 1146 2591 aliquod
1161 2504 1354 2588 intelligibile

247 2615 439 2700 intelligatur
452 2624 484 2681 et
498 2616 622 2701 aliquod
636 2639 719 2696 non,
742 2617 807 2682 sola
821 2620 904 2681 enim
920 2617 1097 2682 differentiae
1111 2616 1189 2681 ratio
1200 2628 1257 2697 est,
1270 2617 1353 2703 quod

246 2727 280 2791 in
291 2750 354 2793 uno
365 2728 602 2793 casuobiectum
611 2729 651 2793 sit
661 2751 795 2814 praesens
810 2728 842 2792 in
858 2728 1028 2807 intellectu,
1044 2729 1078 2793 in
1093 2729 1153 2793 alio
1168 2751 1250 2793 non:
1275 2728 1353 2793 sicut

245 2840 310 2904 sola
324 2842 403 2905 ratio
417 2864 473 2905 cnr
487 2864 524 2905 ex
537 2840 644 2907 multis
659 2840 831 2906 visibilibus
846 2863 945 2931 unum
960 2840 1108 2919 videatur,
1124 2849 1155 2905 et
1177 2840 1261 2905 aliud
1279 2863 1352 2920 non,

246 2960 293 3015 est
307 2951 392 3037 quod
405 2975 502 3016 unum
518 2952 609 3016 faciat
631 2952 679 3015 sui
696 2952 929 3038 impressionem
953 2953 984 3016 in
1008 2952 1097 3018 oculo
1119 2961 1150 3017 et
1172 2952 1256 3017 aliud
1277 2976 1351 3018 non.

244 3064 286 3127 Et
308 3064 432 3129 aliunde
452 3065 575 3143 scimus,
590 3087 697 3128 omnes
712 3064 744 3128 in
759 3065 817 3129 boc
832 3064 981 3129 axiomata
996 3066 1185 3144 concordare,
1203 3066 1286 3151 quod
1301 3089 1350 3130 eo-

239 3178 356 3259 aaron
376 3177 459 3240 debet
480 3199 541 3240 esse
561 3179 593 3239 io
615 3185 811 3260 cognoscente.
858 3176 964 3240 Minor
986 3199 1055 3241 vero
1086 3177 1129 3241 sic
1159 3176 1349 3242 declaratur:

243 3287 327 3372 quod
341 3287 374 3352 in
390 3311 422 3352 se
436 3288 543 3373 recipit
558 3311 650 3352 suum
664 3298 767 3352 actum
782 3288 1000 3354 accidentalem
1016 3297 1062 3353 est
1078 3288 1249 3353 substantia
1262 3316 1268 3354 :
1294 3290 1347 3354 sed

241 3400 437 3483 principium,
453 3400 539 3464 cuius
554 3400 651 3465 virtus
674 3409 721 3464 est
738 3400 941 3465 terminabilis
957 3399 996 3464 ad
1011 3400 1128 3486 aliquid
1143 3410 1299 3485 receptum
1315 3402 1348 3465 in

241 3532 297 3574 sua
323 3511 459 3595 potentia
483 3512 612 3596 passiva,
634 3512 743 3596 recipit
767 3512 802 3576 in
826 3535 858 3576 se
879 3533 970 3575 suum
992 3521 1096 3578 actum
1117 3513 1347 3578 accidentalem.

239 3622 332 3705 Ergo.
378 3622 482 3687 Huius
504 3622 674 3709 syllogismi
696 3624 792 3688 maior
814 3632 861 3688 est
883 3624 1039 3691 evidenter
1060 3624 1150 3691 vera:
1181 3633 1249 3689 tum
1273 3625 1346 3709 quia

239 3732 379 3797 accidens
400 3756 464 3798 non
483 3734 576 3799 habet
594 3735 745 3799 actionem
760 3734 966 3800 causativum:
989 3743 1057 3800 tum
1074 3736 1223 3822 quianon
1239 3744 1285 3801 est
1300 3759 1346 3800 re·

237 3882 298 3936 tiali
309 3882 432 3938 absolute
442 3884 619 3952 considerato,
631 3883 679 3938 sed
697 3883 851 3955 dependens
869 3900 887 3937 a
903 3883 1017 3937 materia
1032 3884 1062 3939 in
1078 3902 1126 3939 sua
1142 3886 1305 3957 operatione,
1318 3890 1347 3940 et

235 3970 276 4025 sic
299 3970 424 4043 indigens
447 3988 464 4024 a
485 3970 601 4025 materia
621 3969 750 4042 compleri
771 3970 879 4037 inesse
899 3976 1004 4025 natiuae
1026 3971 1171 4026 sensitivae.
1208 3971 1260 4025 Est
1281 3988 1345 4041 ergo

234 4058 327 4113 anima
343 4058 486 4113 brutorum
503 4058 633 4129 simplex,
657 4058 716 4111 eiua
737 4062 830 4113 tamen
848 4057 1008 4130 simplicitas
1027 4058 1117 4113 differt
1134 4076 1151 4112 a
1169 4058 1344 4131 simplicitate

233 4145 429 4200 elementorum
446 4144 635 4212 materialium,
654 4161 740 4215 quum
757 4163 812 4199 non
830 4144 868 4199 sit
885 4144 915 4199 in
926 4144 1014 4217 specie
1026 4145 1164 4200 materias:
1182 4163 1238 4200 non
1250 4150 1346 4199 autem

233 4230 352 4285 differta
363 4231 536 4303 simplicitate
547 4230 706 4285 snbstantiae
720 4230 876 4304 spiritualis,
889 4230 955 4286 lieet
969 4232 1035 4288 huic
1046 4232 1156 4287 inferior
1167 4233 1205 4287 sit
1216 4232 1341 4306 specifico

232 4317 263 4371 in
274 4318 378 4373 ratione
388 4323 466 4373 aonia
478 4317 673 4387 substantialis,
686 4325 718 4373 ut
730 4318 842 4374 evidens
855 4323 904 4374 est
