3200 4975
602 378 645 421 nu
661 374 861 421 suasrauam
876 371 1078 417 aerumnam.
1249 344 1335 429 [aar.
1348 363 1391 407 11.

735 630 875 695 CAPUT
898 628 943 693 ΙΙ.

395 834 446 889 DE
464 830 754 889 FAGULTATIBUS
772 828 1021 886 SUBSTAN'PIAE
1039 824 1287 882 SPIRITUALIS.

335 976 387 1039 28.
412 972 618 1050 Quaerendum
631 983 678 1037 est
688 992 770 1035 nunc
782 971 858 1057 quid
873 970 945 1049 sint,
957 978 989 1033 ct
1004 991 1143 1054 quaenam
1160 967 1222 1030 sint
1231 964 1391 1029 facultates

291 1086 469 1151 substantiae
491 1084 667 1170 spiritualis,
689 1093 719 1147 et
742 1093 848 1147 utrum
870 1083 909 1147 ab
931 1082 998 1167 ipsa
1020 1079 1191 1144 substantia
1212 1063 1343 1142 et'inter
1360 1098 1392 1139 se

292 1197 412 1262 realiter
439 1196 680 1280 distinguantur.
726 1194 892 1259 Facultatis
918 1202 1020 1258 autem
1043 1193 1166 1257 nominc
1191 1189 1393 1273 intelligimus

290 1307 475 1394 principium
501 1306 655 1393 quoddam
681 1307 864 1391 proximum,
888 1328 949 1391 quo
978 1304 1179 1390 perficiuntur
1202 1302 1392 1389 operationes

291 1420 501 1498 accidentales,
527 1442 581 1483 scu
606 1419 667 1483 vim
691 1419 724 1481 in
754 1418 906 1504 spirituali
929 1417 1101 1481 substantia
1124 1416 1313 1492 existentem,
1339 1435 1393 1498 per

291 1556 383 1618 quam
408 1532 606 1597 constituitur
631 1530 784 1615 operativa
812 1530 846 1595 in
871 1531 1020 1615 potentia.
1064 1528 1264 1614 Operationes
1289 1535 1391 1591 autem

290 1646 355 1709 eius
370 1652 501 1732 possunt
519 1666 584 1707 esse
600 1642 646 1706 vel
664 1642 877 1721 immanentes,
892 1642 940 1707 vel
955 1649 1169 1706 transeuntes:
1190 1640 1392 1703 immanentes

291 1767 364 1821 sunt
379 1756 550 1839 intelligere
564 1763 595 1817 et
615 1752 701 1833 velle,
718 1762 911 1820 transeuntes
926 1763 1000 1819 sunt
1014 1776 1135 1819 movere
1149 1752 1290 1838 spiritum
1306 1761 1393 1815 motu

291 1866 499 1945 intellectuali,
526 1866 574 1929 vel
596 1888 716 1930 movere
741 1867 899 1931 materiam
923 1877 1010 1933 motu
1027 1866 1125 1931 locali.
1171 1866 1205 1931 Si
1229 1874 1392 1951 quaesunt

291 1980 357 2044 aliae
371 1979 562 2066 operationes
577 1978 703 2043 diversis
721 1978 898 2043 nominibus
920 1989 1114 2063 nuncupatae,
1130 1978 1169 2042 ad
1190 1978 1246 2041 has
1261 1986 1393 2063 quatuor
1480 1975 1484 1980 ’

292 2092 490 2157 reducuntur.
537 2090 639 2168 Quare
672 2092 833 2157 facultates
862 2114 984 2179 quoque
1013 2091 1192 2155 substantiae
1225 2090 1392 2177 spiritualis

292 2214 383 2268 erunt
408 2212 558 2291 quatuor:
582 2204 710 2268 facultas
732 2204 926 2283 intellectiva,
950 2204 1078 2269 facultas
1107 2203 1239 2283 volitiva,
1263 2204 1393 2267 facultas

291 2317 405 2380 motiva
419 2315 603 2395 intellectus,
615 2316 743 2381 facultas
760 2317 873 2381 motiva
887 2339 1058 2403 corporum.
1090 2318 1139 2381 De
1153 2315 1272 2381 duabus
1286 2317 1393 2401 primis

292 2428 377 2493 nulla
392 2438 437 2493 est
453 2428 591 2515 quaestio,
607 2430 679 2516 quia
692 2429 869 2494 immediate
890 2430 1041 2495 resultant
1054 2452 1091 2494 ex
1112 2438 1183 2494 actu
1197 2428 1392 2506 intellectivo,

292 2551 323 2605 et
353 2542 418 2604 sine
444 2541 504 2604 illis
530 2564 593 2605 non
618 2552 744 2628 possent
768 2543 873 2628 perfici
896 2543 1087 2628 operationes
1113 2542 1239 2607 vitales:
1262 2542 1300 2606 da
1325 2539 1393 2604 aliis

293 2657 412 2722 duabus
437 2665 576 2722 constare
598 2653 700 2742 potes't
725 2668 793 2722 tum
819 2681 875 2744 per
898 2658 979 2722 facta
1004 2658 1188 2738 authentica,
1203 2668 1269 2722 tum
1295 2679 1334 2721 ex
1356 2678 1393 2722 eo

293 2770 377 2854 quod
391 2771 517 2856 spiritus
540 2779 696 2856 separatus
710 2794 774 2836 non
797 2770 887 2834 debet
902 2771 1020 2856 concipi
1042 2770 1154 2839 habere
1168 2771 1317 2835 minorem
1332 2770 1391 2834 vir·
1425 2768 1429 2774 ’

293 2892 390 2947 tutem
415 2905 507 2968 quam
534 2883 636 2949 anima
659 2883 806 2964 humana,
829 2905 897 2969 quae
922 2893 1084 2968 utramque
1107 2883 1187 2947 hanc
1214 2883 1392 2950 facultatem

292 2992 395 3057 habet.
442 2993 502 3056 sed
519 2993 556 3058 de
570 2994 619 3057 his
634 2993 722 3078 plura
736 2994 872 3058 inferius.

335 3107 389 3170 29.
413 3105 473 3169 His
487 3105 605 3189 positis,
621 3105 769 3191 quaeritur
787 3105 896 3190 primo,
914 3127 1046 3190 maenam
1059 3107 1100 3168 sit
1113 3107 1196 3189 oripo
1210 3094 1393 3191 facultatum

291 3218 461 3281 substantia
475 3219 648 3300 spiritualia.

337 3327 529 3410 Respondeo,
541 3326 728 3412 quodfarma
737 3335 781 3392 est
791 3328 830 3405 id,
843 3349 899 3410 qao
911 3349 1001 3411 watra
1011 3329 1083 3411 cpit,
1093 3336 1129 3392 ut
1139 3328 1251 3412 passim
1261 3328 1392 3392 inculcat

296 3437 327 3502 S.
343 3438 496 3502 Thomas:
520 3448 550 3502 et
565 3439 642 3503 ratio
656 3447 712 3518 cst,
728 3439 799 3524 quia
815 3461 897 3502 amaa
916 3461 1005 3523 aparte
1019 3442 1083 3525 opit
1097 3443 1128 3503 ia
1148 3450 1289 3524 quantam
1303 3450 1348 3504 eat
1362 3443 1393 3504 ia

292 3557 381 3614 acta:
403 3558 449 3613 est
475 3559 577 3614 autem
601 3549 634 3612 in
658 3559 729 3614 actu
752 3573 806 3635 per
826 3550 974 3648 formam:
997 3574 1071 3635 ergo
1092 3551 1296 3636 performam
1318 3554 1392 3638 agit.

292 3662 411 3748 Exque
427 3663 575 3746 sequitur,
585 3684 690 3726 omnes
704 3663 865 3726 facultates
879 3663 911 3728 in
926 3663 993 3748 ipsa
1006 3665 1108 3728 forma
1121 3664 1220 3750 primo
1235 3665 1393 3746 contineri,

292 3782 329 3838 ut
354 3796 424 3838 max
446 3773 673 3860 explicabimus.
719 3774 780 3839 Sed
803 3777 874 3860 quia
900 3774 1071 3841 substantia
1093 3785 1202 3855 creata,
1217 3775 1308 3841 etiam
1332 3777 1395 3863 spi·

296 3889 425 3969 ritualis,
441 3912 503 3955 non
526 3900 573 3955 est
597 3913 692 3975 purus
714 3899 811 3970 actus,
834 3891 888 3955 sed
908 3900 993 3956 actus
1016 3892 1130 3956 mixtus
1152 3893 1299 3977 potentia,
1322 3893 1395 3957 hinc

292 4003 371 4068 sicut
386 4026 422 4068 ex
436 4013 507 4068 actu
530 4004 642 4068 dicitur
655 4003 767 4068 habere
781 4003 943 4068 facultates
964 4005 1086 4084 activas,
1101 4005 1196 4069 itaer
1218 4006 1393 4090 passivitate

291 4116 450 4201 potentiali
464 4116 556 4181 habet
577 4117 737 4181 facultates
752 4117 935 4203 receptivas:
958 4126 1124 4202 utrumque
1139 4127 1242 4182 autem
1257 4140 1394 4203 compre·

292 4227 385 4290 hendi
400 4227 476 4291 solet
495 4227 588 4292 unico
608 4227 764 4307 vocabulo,
780 4228 919 4307 dicendo,
936 4237 1077 4294 naturam
1095 4229 1263 4314 quamlibet
1282 4230 1394 4296 habere

292 4363 362 4404 suas
372 4343 570 4424 proprietates
584 4342 762 4406 essentiales.
