3200 4975
216 369 285 415 csr.
303 351 373 434 ιιι.]
606 375 649 418 ns
664 376 917 423 socronurraus.
1255 364 1317 428 375

217 538 362 622 Sequitur
376 562 413 612 en
432 540 610 620 obiectione,
626 552 727 626 partes
743 567 801 628 pm
815 548 926 629 sepone
940 568 1003 611 non
1018 548 1083 611 fieri
1104 570 1196 613 unam
1212 547 1318 611 multi-

214 650 372 716 tudinem:
395 651 449 716 sed
463 674 526 717 non
541 653 599 717 boc
613 675 670 717 nos
685 654 826 735 dicimus,
842 654 895 724 sed
910 656 1072 723 asserimus
1087 657 1317 723 multitudinem

214 762 279 826 fore
286 785 375 827 anam
381 786 440 847 per
453 766 587 849 seipsam
621 764 701 830 Vide
714 789 783 851 quae
794 766 875 833 dicta
890 775 963 835 sunt
974 768 1006 831 iu
1018 775 1152 836 tractatu
1162 769 1200 835 de
1211 769 1318 857 primis

214 873 373 959 principiis
388 897 420 940 n.
435 878 489 941 40.

259 988 311 1051 73.
335 986 491 1063 Quaeritur
515 988 654 1073 septimo,
677 990 752 1053 ande
773 992 899 1073 cooptat
919 1012 1055 1057 nummu
1075 1012 1137 1058 esse
1156 1013 1245 1059 saum
1264 1014 1319 1055 nu·

213 1118 332 1161 suerum.

259 1207 449 1293 Respondeo,
465 1230 628 1275 numerum
645 1210 742 1296 accipi
764 1209 936 1296 dupliciter,
951 1211 984 1277 in
999 1220 1139 1279 concreto
1154 1220 1186 1277 st
1200 1212 1233 1277 in
1248 1212 1316 1280 abs·

137 1333 139 1340 ’
212 1326 320 1382 tracto.
366 1317 406 1385 In
420 1328 560 1385 concreto
573 1343 721 1386 numerus
735 1329 783 1387 est
797 1325 948 1405 quamtus
968 1332 1135 1389 memsuis
1145 1346 1200 1407 per
1210 1346 1315 1387 anamr

213 1429 246 1491 in
272 1428 424 1494 abstracto
446 1447 516 1495 vero
536 1440 585 1495 est
610 1432 676 1517 ipsa
698 1432 866 1496 formaliter
892 1432 1088 1498 constitutiva
1109 1434 1240 1514 numeri,
1263 1457 1317 1501 seu

212 1541 291 1603 ratio
309 1542 470 1605 mamerti
484 1542 525 1606 ad
537 1564 621 1606 asum
635 1565 807 1607 mensnram
854 1542 960 1619 Quum
981 1565 1054 1627 ergo
1075 1545 1317 1629 unumquodque

212 1647 252 1714 ab
273 1672 310 1715 eo
335 1649 445 1716 babeat
471 1650 620 1716 unitatem
643 1674 662 1717 a
686 1674 748 1737 quo
769 1652 862 1717 babet
887 1652 1056 1718 formaliter
1078 1675 1152 1737 esse,
1169 1675 1316 1719 numerus

213 1771 371 1828 concretus
384 1762 509 1828 habebit
522 1763 673 1828 unitatem
687 1786 706 1829 a
719 1764 947 1831 mensuratione
960 1786 1015 1849 per
1029 1787 1146 1830 unum:
1169 1788 1315 1835 uumerus

212 1896 283 1939 vero
298 1873 468 1939 abstractus
482 1874 608 1939 babebit
621 1876 774 1941 unitatem
791 1898 828 1941 eo
843 1876 909 1961 ipso
924 1875 1007 1961 quod
1021 1884 1068 1941 est
1084 1899 1145 1943 uua
1159 1877 1246 1956 ratio,
1262 1900 1316 1945 seu

212 1986 306 2050 unius
327 1985 562 2071 mensurationis
582 1986 748 2051 resultatio.
795 1987 841 2051 Ut
855 1996 959 2052 sutem
978 2010 1043 2053 una
1056 1988 1096 2051 sit
1119 1989 1314 2068 mensuratio,
1357 2070 1359 2075 Ι

212 2103 332 2182 oportet
354 2104 389 2161 ut
409 2096 564 2181 quantitas
585 2096 751 2182 accipiatur
770 2104 806 2161 ut
825 2120 916 2163 anum
937 2098 1137 2178 mmsmrubile,
1152 2106 1184 2163 et
1209 2099 1253 2163 sic
1275 2098 1314 2162 ad
1354 2078 1356 2083 ,

212 2230 300 2272 suam
323 2230 496 2275 mensuram
520 2216 729 2293 compareturr
752 2218 828 2274 tuuc
854 2210 936 2273 enim
962 2208 1071 2273 erbis
1096 2208 1219 2279 duobus
1243 2208 1315 2279 solis

212 2318 303 2384 unica
327 2319 441 2384 orietur
462 2318 580 2385 relatio.
636 2318 711 2384 Ideo
739 2327 844 2385 autem
873 2318 1077 2385 mensurabile
1102 2319 1250 2404 accipitur
1278 2328 1314 2383 ut

211 2451 320 2509 unum,
335 2428 408 2515 quia
430 2431 463 2494 1ο
480 2437 527 2496 est
548 2429 582 2494 in
606 2451 639 2494 se
659 2428 837 2509 indivisum,
851 2436 887 2493 ut
909 2428 1101 2512 continuum,
1117 2429 1164 2499 vel
1186 2427 1258 2517 quia
1279 2432 1314 2496 2⁰

210 2541 341 2606 babetur
355 2563 373 2604 a
387 2549 583 2607 mensurante
604 2548 761 2625 tamqnam
776 2564 875 2608 unum
897 2550 999 2606 totum
1012 2541 1177 2606 indivisum
1197 2541 1313 2610 ratione
1376 2531 1381 2542 ¹

211 2674 307 2716 nexus
329 2650 419 2716 realis
440 2652 521 2716 inter
545 2658 646 2734 partes
672 2650 827 2732 discretas,
843 2651 890 2716 vel
917 2653 999 2740 quia
1012 2654 1047 2717 3⁰
1070 2652 1124 2736 qui
1147 2661 1312 2730 mensurat,

212 2763 304 2827 etiam
319 2761 384 2825 sine
398 2759 598 2825 fundamento
613 2760 695 2841 reali,
711 2762 843 2847 concipit
861 2761 940 2827 illud
955 2772 990 2827 nt
1005 2785 1102 2828 unum
1117 2769 1228 2829 totum.
1274 2762 1313 2829 In

212 2873 312 2959 primo
334 2894 407 2936 casn
427 2870 595 2936 formaliter
617 2870 813 2940 constitutiva
833 2873 963 2953 numeri,
985 2895 1040 2938 seu
1064 2871 1167 2942 unitas
1188 2873 1314 2942 rationis

211 2985 380 3050 mensurati
394 2983 433 3048 ad
447 3004 632 3061 mensuram,
647 2991 694 3046 eet
708 3004 777 3048 vere
791 3005 864 3062 una,
880 2990 911 3046 et
926 2982 979 3047 dat
993 3004 1122 3050 numero
1136 3005 1200 3048 esse
1215 3005 1312 3054 uuum

211 3118 394 3160 numerum:
417 3094 471 3159 sed
490 3093 708 3161 advertendum
726 3102 782 3173 est,
797 3093 891 3178 quod,
907 3116 1004 3180 quum
1026 3095 1059 3160 in
1082 3095 1227 3161 continuo
1249 3116 1312 3162 nou

212 3205 302 3270 detur
326 3205 428 3290 aliqua
449 3204 553 3269 unitas
578 3204 727 3270 naturalis
750 3226 912 3284 mensurae,
938 3227 1085 3270 numerus
1106 3206 1164 3270 iste
1188 3204 1312 3271 habebit

211 3313 578 3380 unitatemoouventione
592 3314 724 3398 quadam
746 3314 905 3380 arbitraria
920 3315 1122 3400 designatam,
1136 3324 1172 3380 ut
1191 3315 1310 3400 pedem,

211 3449 345 3514 passum,
369 3425 483 3504 umam,
506 3433 560 3490 aut
582 3424 658 3510 quid
684 3423 801 3490 similer
825 3424 907 3491 unde
929 3426 976 3505 fit,
1001 3432 1037 3489 ut
1061 3423 1132 3493 licet
1157 3415 1312 3510 quarititas

143 3543 146 3548 ’
210 3539 365 3616 continua,
381 3560 450 3622 quae
463 3543 667 3614 mensuratur,
683 3536 723 3600 sit
739 3558 809 3614 uus,
825 3545 856 3600 et
871 3519 1014 3609 mensura
1029 3536 1070 3601 sit
1084 3558 1146 3600 uns
1160 3538 1312 3604 iuratione

212 3651 395 3731 quantitatis,
411 3647 479 3731 ipsa
498 3655 600 3711 tamen
615 3667 760 3711 mensura
780 3666 843 3709 non
859 3645 899 3709 sit
915 3667 977 3709 una
998 3645 1165 3711 necessario
1179 3655 1210 3710 et
1225 3645 1311 3710 abso-

211 3759 276 3822 lute
290 3761 448 3822 iuratione
461 3779 609 3836 memisse,
620 3755 673 3821 sed
688 3777 742 3840 per
755 3754 881 3820 liberam
897 3754 1074 3820 electionem
1089 3757 1312 3823 mensurantis:

212 3868 359 3952 excipitur
388 3867 487 3935 solum
516 3890 613 3947 casus,
638 3867 669 3930 in
700 3888 761 3951 quo
790 3866 925 3932 existunt
954 3865 987 3932 iu
1017 3865 1146 3950 singulis
1174 3868 1313 3952 partibus

173 3957 180 3968 ’
212 3977 334 4064 singula
355 3987 470 4061 puncta
488 3978 579 4042 realia
599 3976 820 4061 distinguentia
836 3976 957 4043 realiter
976 3984 1007 4041 et
1028 3976 1195 4042 formaliter
1213 3978 1312 4063 longi-

212 4090 353 4156 tudinem
378 4088 589 4155 mensurabilis
611 4088 644 4152 in
670 4088 772 4173 plures
794 4087 1003 4172 longitudines
1028 4089 1168 4173 equales,
1184 4111 1312 4175 quarum

214 4223 278 4266 una
299 4223 356 4286 pro
377 4218 520 4266 mensura
542 4199 697 4285 accipitur.
743 4198 940 4284 Consequens
964 4207 1020 4279 est,
1039 4209 1074 4264 ut
1099 4223 1247 4265 numerus
1267 4225 1313 4268 re·

218 4310 335 4377 sultans
350 4334 386 4377 ex
407 4310 632 4378 mensuratione
655 4310 792 4375 continui
808 4311 848 4374 sit
863 4333 916 4376 eus
938 4309 1063 4376 rationis
1078 4318 1109 4376 et
1129 4333 1225 4376 uuum
1241 4334 1314 4377 cou-
