<?xml version="1.0" encoding="UTF-8"?>
<!DOCTYPE html PUBLIC "-//W3C//DTD XHTML 1.0 Transitional//EN"
    "http://www.w3.org/TR/xhtml1/DTD/xhtml1-transitional.dtd">
<html xmlns="http://www.w3.org/1999/xhtml" xml:lang="en" lang="en">
 <head>
  <title>
</title>
<meta http-equiv="Content-Type" content="text/html;charset=utf-8" />
  <meta name='ocr-system' content='tesseract 3.04.00' />
  <meta name='ocr-capabilities' content='ocr_page ocr_carea ocr_par ocr_line ocrx_word'/>
</head>
<body>
  <div class='ocr_page' id='page_1' title='image "./realisphilosoph02baymgoog_0184.png"; bbox 0 0 3200 4975; ppageno 0'>
   <div class='ocr_carea' id='block_1_1' title="bbox 260 353 1362 441">
    <p class='ocr_par' dir='ltr' id='par_1_1' title="bbox 260 353 1362 441">
     <span class='ocr_line' id='line_1_1' title="bbox 260 353 1362 441; baseline 0.006 -27"><span class='ocrx_word' id='word_1_1' title='bbox 260 353 325 416; x_wconf 80' lang='lat'><strong>170</strong></span> <span class='ocrx_word' id='word_1_2' title='bbox 702 373 745 416; x_wconf 82' lang='lat' dir='ltr'><strong>os</strong></span> <span class='ocrx_word' id='word_1_3' title='bbox 762 373 908 419; x_wconf 76' lang='lat' dir='ltr'><strong>nonius.</strong></span> <span class='ocrx_word' id='word_1_4' title='bbox 1221 357 1305 441; x_wconf 77' lang='lat' dir='ltr'><strong>[car.</strong></span> <span class='ocrx_word' id='word_1_5' title='bbox 1324 378 1362 422; x_wconf 87' lang='lat'><strong>11.</strong></span> 
     </span>
    </p>
   </div>
   <div class='ocr_carea' id='block_1_2' title="bbox 194 537 1366 2969">
    <p class='ocr_par' dir='ltr' id='par_1_2' title="bbox 194 537 1364 2411">
     <span class='ocr_line' id='line_1_2' title="bbox 258 537 1361 634; baseline 0.006 -32"><span class='ocrx_word' id='word_1_6' title='bbox 258 559 323 602; x_wconf 86' lang='lat' dir='ltr'><strong>esse</strong></span> <span class='ocrx_word' id='word_1_7' title='bbox 347 537 557 619; x_wconf 76' lang='lat' dir='ltr'><strong>substantiale,</strong></span> <span class='ocrx_word' id='word_1_8' title='bbox 576 547 644 634; x_wconf 85' lang='lat' dir='ltr'><strong>tum</strong></span> <span class='ocrx_word' id='word_1_9' title='bbox 668 540 828 626; x_wconf 87' lang='lat' dir='ltr'><strong>multiplex</strong></span> <span class='ocrx_word' id='word_1_10' title='bbox 848 564 913 606; x_wconf 88' lang='lat' dir='ltr'><strong>esse</strong></span> <span class='ocrx_word' id='word_1_11' title='bbox 933 541 1128 608; x_wconf 89' lang='lat' dir='ltr'><strong>accidentale.</strong></span> <span class='ocrx_word' id='word_1_12' title='bbox 1172 543 1256 629; x_wconf 83' lang='lat' dir='ltr'><strong>Ergo</strong></span> <span class='ocrx_word' id='word_1_13' title='bbox 1276 545 1361 629; x_wconf 90' lang='lat' dir='ltr'><strong>prin·</strong></span> 
     </span>
     <span class='ocr_line' id='line_1_3' title="bbox 257 649 1362 740; baseline 0.004 -24"><span class='ocrx_word' id='word_1_14' title='bbox 257 649 373 734; x_wconf 88' lang='lat' dir='ltr'><strong>cipium</strong></span> <span class='ocrx_word' id='word_1_15' title='bbox 388 649 458 715; x_wconf 81' lang='lat' dir='ltr'><strong>vitae</strong></span> <span class='ocrx_word' id='word_1_16' title='bbox 477 672 540 714; x_wconf 89' lang='lat' dir='ltr'><strong>non</strong></span> <span class='ocrx_word' id='word_1_17' title='bbox 560 659 607 715; x_wconf 88' lang='lat' dir='ltr'><strong>eat</strong></span> <span class='ocrx_word' id='word_1_18' title='bbox 631 659 717 716; x_wconf 88' lang='lat' dir='ltr'><strong>actus</strong></span> <span class='ocrx_word' id='word_1_19' title='bbox 738 651 816 717; x_wconf 89' lang='lat' dir='ltr'><strong>dans</strong></span> <span class='ocrx_word' id='word_1_20' title='bbox 838 653 972 739; x_wconf 91' lang='lat' dir='ltr'><strong>primum</strong></span> <span class='ocrx_word' id='word_1_21' title='bbox 995 677 1060 718; x_wconf 88' lang='lat' dir='ltr'><strong>esse</strong></span> <span class='ocrx_word' id='word_1_22' title='bbox 1082 655 1220 740; x_wconf 82' lang='lat' dir='ltr'><strong>corpori3</strong></span> <span class='ocrx_word' id='word_1_23' title='bbox 1242 664 1273 720; x_wconf 87' lang='lat' dir='ltr'><strong>et</strong></span> <span class='ocrx_word' id='word_1_24' title='bbox 1290 678 1362 720; x_wconf 92' lang='lat' dir='ltr'><strong>con·</strong></span> 
     </span>
     <span class='ocr_line' id='line_1_4' title="bbox 259 761 1360 846; baseline 0.005 -19"><span class='ocrx_word' id='word_1_25' title='bbox 259 769 422 846; x_wconf 81' lang='lat' dir='ltr'><strong>sequenter</strong></span> <span class='ocrx_word' id='word_1_26' title='bbox 435 784 499 826; x_wconf 90' lang='lat' dir='ltr'><strong>non</strong></span> <span class='ocrx_word' id='word_1_27' title='bbox 514 771 561 827; x_wconf 88' lang='lat' dir='ltr'><strong>est</strong></span> <span class='ocrx_word' id='word_1_28' title='bbox 574 761 640 826; x_wconf 90' lang='lat' dir='ltr'><strong>eius</strong></span> <span class='ocrx_word' id='word_1_29' title='bbox 654 762 753 828; x_wconf 83' lang='lat' dir='ltr'><strong>forma</strong></span> <span class='ocrx_word' id='word_1_30' title='bbox 768 764 873 829; x_wconf 87' lang='lat' dir='ltr'><strong>stricte</strong></span> <span class='ocrx_word' id='word_1_31' title='bbox 888 764 1107 846; x_wconf 83' lang='lat' dir='ltr'><strong>substantialis,</strong></span> <span class='ocrx_word' id='word_1_32' title='bbox 1120 788 1177 831; x_wconf 90' lang='lat' dir='ltr'><strong>nec</strong></span> <span class='ocrx_word' id='word_1_33' title='bbox 1188 766 1280 832; x_wconf 88' lang='lat' dir='ltr'><strong>simul</strong></span> <span class='ocrx_word' id='word_1_34' title='bbox 1291 789 1360 832; x_wconf 90' lang='lat' dir='ltr'><strong>cum</strong></span> 
     </span>
     <span class='ocr_line' id='line_1_5' title="bbox 259 874 1363 959; baseline 0.005 -21"><span class='ocrx_word' id='word_1_35' title='bbox 259 895 384 959; x_wconf 87' lang='lat' dir='ltr'><strong>corpore</strong></span> <span class='ocrx_word' id='word_1_36' title='bbox 409 874 568 939; x_wconf 89' lang='lat' dir='ltr'><strong>constituit</strong></span> <span class='ocrx_word' id='word_1_37' title='bbox 593 897 692 938; x_wconf 92' lang='lat' dir='ltr'><strong>unum</strong></span> <span class='ocrx_word' id='word_1_38' title='bbox 717 898 773 940; x_wconf 89' lang='lat' dir='ltr'><strong>ens</strong></span> <span class='ocrx_word' id='word_1_39' title='bbox 796 876 1008 958; x_wconf 77' lang='lat' dir='ltr'><strong>substantiale,</strong></span> <span class='ocrx_word' id='word_1_40' title='bbox 1025 878 1079 943; x_wconf 91' lang='lat' dir='ltr'><strong>sed</strong></span> <span class='ocrx_word' id='word_1_41' title='bbox 1104 886 1151 943; x_wconf 90' lang='lat' dir='ltr'><strong>est</strong></span> <span class='ocrx_word' id='word_1_42' title='bbox 1176 879 1242 944; x_wconf 85' lang='lat' dir='ltr'><strong>eius</strong></span> <span class='ocrx_word' id='word_1_43' title='bbox 1265 879 1363 943; x_wconf 84' lang='lat' dir='ltr'><strong>forma</strong></span> 
     </span>
     <span class='ocr_line' id='line_1_6' title="bbox 258 986 1360 1075; baseline 0.004 -25"><span class='ocrx_word' id='word_1_44' title='bbox 258 986 408 1052; x_wconf 86' lang='lat' dir='ltr'><strong>naturalis</strong></span> <span class='ocrx_word' id='word_1_45' title='bbox 422 994 554 1066; x_wconf 89' lang='lat' dir='ltr'><strong>tantum,</strong></span> <span class='ocrx_word' id='word_1_46' title='bbox 566 994 598 1051; x_wconf 89' lang='lat' dir='ltr'><strong>et</strong></span> <span class='ocrx_word' id='word_1_47' title='bbox 613 986 706 1052; x_wconf 90' lang='lat' dir='ltr'><strong>simul</strong></span> <span class='ocrx_word' id='word_1_48' title='bbox 720 1010 790 1052; x_wconf 90' lang='lat' dir='ltr'><strong>cum</strong></span> <span class='ocrx_word' id='word_1_49' title='bbox 806 1009 930 1075; x_wconf 86' lang='lat' dir='ltr'><strong>corpore</strong></span> <span class='ocrx_word' id='word_1_50' title='bbox 945 989 1104 1054; x_wconf 87' lang='lat' dir='ltr'><strong>constituit</strong></span> <span class='ocrx_word' id='word_1_51' title='bbox 1116 1012 1209 1055; x_wconf 88' lang='lat' dir='ltr'><strong>unam</strong></span> <span class='ocrx_word' id='word_1_52' title='bbox 1220 999 1360 1056; x_wconf 88' lang='lat' dir='ltr'><strong>naturam</strong></span> 
     </span>
     <span class='ocr_line' id='line_1_7' title="bbox 259 1097 1360 1185; baseline 0.002 -22"><span class='ocrx_word' id='word_1_53' title='bbox 259 1097 398 1163; x_wconf 85' lang='lat' dir='ltr'><strong>viventis.</strong></span> <span class='ocrx_word' id='word_1_54' title='bbox 444 1097 660 1183; x_wconf 83' lang='lat' dir='ltr'><strong>Consequitur,</strong></span> <span class='ocrx_word' id='word_1_55' title='bbox 684 1120 794 1185; x_wconf 85' lang='lat' dir='ltr'><strong>corpus</strong></span> <span class='ocrx_word' id='word_1_56' title='bbox 818 1121 884 1164; x_wconf 88' lang='lat' dir='ltr'><strong>esse</strong></span> <span class='ocrx_word' id='word_1_57' title='bbox 909 1123 964 1164; x_wconf 89' lang='lat' dir='ltr'><strong>ens</strong></span> <span class='ocrx_word' id='word_1_58' title='bbox 994 1110 1065 1165; x_wconf 86' lang='lat' dir='ltr'><strong>ante</strong></span> <span class='ocrx_word' id='word_1_59' title='bbox 1093 1100 1360 1166; x_wconf 87' lang='lat' dir='ltr'><strong>informationem:</strong></span> 
     </span>
     <span class='ocr_line' id='line_1_8' title="bbox 258 1209 1363 1294; baseline 0.002 -20"><span class='ocrx_word' id='word_1_60' title='bbox 258 1209 317 1274; x_wconf 90' lang='lat' dir='ltr'><strong>boc</strong></span> <span class='ocrx_word' id='word_1_61' title='bbox 331 1217 435 1275; x_wconf 87' lang='lat' dir='ltr'><strong>autem</strong></span> <span class='ocrx_word' id='word_1_62' title='bbox 449 1210 605 1294; x_wconf 86' lang='lat' dir='ltr'><strong>importat,</strong></span> <span class='ocrx_word' id='word_1_63' title='bbox 617 1210 747 1276; x_wconf 88' lang='lat' dir='ltr'><strong>formam</strong></span> <span class='ocrx_word' id='word_1_64' title='bbox 762 1210 978 1276; x_wconf 83' lang='lat' dir='ltr'><strong>informantem</strong></span> <span class='ocrx_word' id='word_1_65' title='bbox 993 1211 1071 1276; x_wconf 92' lang='lat' dir='ltr'><strong>illud</strong></span> <span class='ocrx_word' id='word_1_66' title='bbox 1084 1220 1138 1277; x_wconf 89' lang='lat' dir='ltr'><strong>aut</strong></span> <span class='ocrx_word' id='word_1_67' title='bbox 1149 1235 1215 1276; x_wconf 89' lang='lat' dir='ltr'><strong>esse</strong></span> <span class='ocrx_word' id='word_1_68' title='bbox 1223 1211 1363 1276; x_wconf 89' lang='lat' dir='ltr'><strong>accidens</strong></span> 
     </span>
     <span class='ocr_line' id='line_1_9' title="bbox 260 1320 1363 1407; baseline 0 -21"><span class='ocrx_word' id='word_1_69' title='bbox 260 1329 314 1386; x_wconf 89' lang='lat' dir='ltr'><strong>aut</strong></span> <span class='ocrx_word' id='word_1_70' title='bbox 334 1320 557 1399; x_wconf 81' lang='lat' dir='ltr'><strong>substantiam3</strong></span> <span class='ocrx_word' id='word_1_71' title='bbox 581 1344 652 1386; x_wconf 90' lang='lat' dir='ltr'><strong>nam</strong></span> <span class='ocrx_word' id='word_1_72' title='bbox 672 1321 699 1386; x_wconf 95' lang='lat' dir='ltr'><strong>si</strong></span> <span class='ocrx_word' id='word_1_73' title='bbox 720 1321 908 1407; x_wconf 90' lang='lat' dir='ltr'><strong>principium</strong></span> <span class='ocrx_word' id='word_1_74' title='bbox 923 1323 1014 1388; x_wconf 84' lang='lat' dir='ltr'><strong>vitale</strong></span> <span class='ocrx_word' id='word_1_75' title='bbox 1036 1346 1099 1386; x_wconf 88' lang='lat' dir='ltr'><strong>nou</strong></span> <span class='ocrx_word' id='word_1_76' title='bbox 1118 1331 1164 1388; x_wconf 91' lang='lat' dir='ltr'><strong>est</strong></span> <span class='ocrx_word' id='word_1_77' title='bbox 1182 1331 1269 1388; x_wconf 85' lang='lat' dir='ltr'><strong>actua</strong></span> <span class='ocrx_word' id='word_1_78' title='bbox 1290 1323 1363 1388; x_wconf 92' lang='lat' dir='ltr'><strong>sub-</strong></span> 
     </span>
     <span class='ocr_line' id='line_1_10' title="bbox 260 1432 1362 1518; baseline 0.001 -20"><span class='ocrx_word' id='word_1_79' title='bbox 260 1433 411 1498; x_wconf 88' lang='lat' dir='ltr'><strong>stantialis</strong></span> <span class='ocrx_word' id='word_1_80' title='bbox 432 1432 575 1518; x_wconf 89' lang='lat' dir='ltr'><strong>corporis,</strong></span> <span class='ocrx_word' id='word_1_81' title='bbox 594 1454 704 1518; x_wconf 89' lang='lat' dir='ltr'><strong>corpus</strong></span> <span class='ocrx_word' id='word_1_82' title='bbox 722 1456 787 1498; x_wconf 91' lang='lat' dir='ltr'><strong>non</strong></span> <span class='ocrx_word' id='word_1_83' title='bbox 809 1442 856 1498; x_wconf 89' lang='lat' dir='ltr'><strong>est</strong></span> <span class='ocrx_word' id='word_1_84' title='bbox 875 1435 1024 1498; x_wconf 89' lang='lat' dir='ltr'><strong>terminus</strong></span> <span class='ocrx_word' id='word_1_85' title='bbox 1045 1434 1254 1500; x_wconf 82' lang='lat' dir='ltr'><strong>substantialis</strong></span> <span class='ocrx_word' id='word_1_86' title='bbox 1272 1435 1362 1499; x_wconf 90' lang='lat' dir='ltr'><strong>illius</strong></span> 
     </span>
     <span class='ocr_line' id='line_1_11' title="bbox 194 1544 1363 1633; baseline 0 -23"><span class='ocrx_word' id='word_1_87' title='bbox 194 1629 196 1633; x_wconf 89' lang='lat'>.</span> <span class='ocrx_word' id='word_1_88' title='bbox 260 1553 357 1611; x_wconf 91' lang='lat' dir='ltr'><strong>actus.</strong></span> <span class='ocrx_word' id='word_1_89' title='bbox 401 1544 485 1630; x_wconf 82' lang='lat' dir='ltr'><strong>Ergo</strong></span> <span class='ocrx_word' id='word_1_90' title='bbox 509 1545 695 1630; x_wconf 89' lang='lat' dir='ltr'><strong>principium</strong></span> <span class='ocrx_word' id='word_1_91' title='bbox 718 1545 810 1610; x_wconf 87' lang='lat' dir='ltr'><strong>vitale</strong></span> <span class='ocrx_word' id='word_1_92' title='bbox 836 1546 883 1610; x_wconf 89' lang='lat' dir='ltr'><strong>vel</strong></span> <span class='ocrx_word' id='word_1_93' title='bbox 908 1555 955 1610; x_wconf 90' lang='lat' dir='ltr'><strong>est</strong></span> <span class='ocrx_word' id='word_1_94' title='bbox 981 1546 1120 1611; x_wconf 90' lang='lat' dir='ltr'><strong>accidens</strong></span> <span class='ocrx_word' id='word_1_95' title='bbox 1146 1548 1289 1632; x_wconf 91' lang='lat' dir='ltr'><strong>corporis,</strong></span> <span class='ocrx_word' id='word_1_96' title='bbox 1316 1547 1363 1611; x_wconf 88' lang='lat' dir='ltr'><strong>vel</strong></span> 
     </span>
     <span class='ocr_line' id='line_1_12' title="bbox 259 1656 1362 1743; baseline 0.001 -22"><span class='ocrx_word' id='word_1_97' title='bbox 259 1657 359 1742; x_wconf 89' lang='lat' dir='ltr'><strong>primo</strong></span> <span class='ocrx_word' id='word_1_98' title='bbox 382 1657 528 1722; x_wconf 87' lang='lat' dir='ltr'><strong>terminat</strong></span> <span class='ocrx_word' id='word_1_99' title='bbox 553 1680 644 1721; x_wconf 86' lang='lat' dir='ltr'><strong>suum</strong></span> <span class='ocrx_word' id='word_1_100' title='bbox 661 1665 765 1722; x_wconf 87' lang='lat' dir='ltr'><strong>actum</strong></span> <span class='ocrx_word' id='word_1_101' title='bbox 787 1656 984 1722; x_wconf 85' lang='lat' dir='ltr'><strong>entitativum</strong></span> <span class='ocrx_word' id='word_1_102' title='bbox 1004 1658 1037 1722; x_wconf 91' lang='lat' dir='ltr'><strong>in</strong></span> <span class='ocrx_word' id='word_1_103' title='bbox 1057 1658 1156 1743; x_wconf 90' lang='lat' dir='ltr'><strong>seipso</strong></span> <span class='ocrx_word' id='word_1_104' title='bbox 1175 1681 1230 1743; x_wconf 90' lang='lat' dir='ltr'><strong>per</strong></span> <span class='ocrx_word' id='word_1_105' title='bbox 1252 1658 1362 1722; x_wconf 87' lang='lat' dir='ltr'><strong>intrin-</strong></span> 
     </span>
     <span class='ocr_line' id='line_1_13' title="bbox 262 1768 1363 1853; baseline -0.001 -19"><span class='ocrx_word' id='word_1_106' title='bbox 262 1791 361 1834; x_wconf 86' lang='lat' dir='ltr'><strong>secam</strong></span> <span class='ocrx_word' id='word_1_107' title='bbox 389 1768 646 1847; x_wconf 86' lang='lat' dir='ltr'><strong>terminationem,</strong></span> <span class='ocrx_word' id='word_1_108' title='bbox 670 1777 701 1832; x_wconf 90' lang='lat' dir='ltr'><strong>et</strong></span> <span class='ocrx_word' id='word_1_109' title='bbox 726 1777 949 1853; x_wconf 90' lang='lat' dir='ltr'><strong>consequenter</strong></span> <span class='ocrx_word' id='word_1_110' title='bbox 974 1776 1045 1834; x_wconf 89' lang='lat' dir='ltr'><strong>ante</strong></span> <span class='ocrx_word' id='word_1_111' title='bbox 1070 1791 1193 1834; x_wconf 88' lang='lat' dir='ltr'><strong>omnem</strong></span> <span class='ocrx_word' id='word_1_112' title='bbox 1219 1769 1363 1834; x_wconf 90' lang='lat' dir='ltr'><strong>termina·</strong></span> 
     </span>
     <span class='ocr_line' id='line_1_14' title="bbox 260 1878 1363 1964; baseline 0.001 -21"><span class='ocrx_word' id='word_1_113' title='bbox 260 1880 377 1944; x_wconf 89' lang='lat' dir='ltr'><strong>tionem</strong></span> <span class='ocrx_word' id='word_1_114' title='bbox 400 1878 440 1942; x_wconf 91' lang='lat' dir='ltr'><strong>ad</strong></span> <span class='ocrx_word' id='word_1_115' title='bbox 463 1901 574 1964; x_wconf 90' lang='lat' dir='ltr'><strong>corpus</strong></span> <span class='ocrx_word' id='word_1_116' title='bbox 597 1879 767 1963; x_wconf 90' lang='lat' dir='ltr'><strong>concipitur</strong></span> <span class='ocrx_word' id='word_1_117' title='bbox 783 1879 896 1944; x_wconf 88' lang='lat' dir='ltr'><strong>habere</strong></span> <span class='ocrx_word' id='word_1_118' title='bbox 912 1879 1061 1944; x_wconf 90' lang='lat' dir='ltr'><strong>rationem</strong></span> <span class='ocrx_word' id='word_1_119' title='bbox 1084 1880 1163 1944; x_wconf 88' lang='lat' dir='ltr'><strong>entis</strong></span> <span class='ocrx_word' id='word_1_120' title='bbox 1185 1880 1219 1944; x_wconf 92' lang='lat' dir='ltr'><strong>in</strong></span> <span class='ocrx_word' id='word_1_121' title='bbox 1237 1903 1269 1944; x_wconf 87' lang='lat' dir='ltr'><strong>se</strong></span> <span class='ocrx_word' id='word_1_122' title='bbox 1291 1880 1363 1946; x_wconf 86' lang='lat' dir='ltr'><strong>sub·</strong></span> 
     </span>
     <span class='ocr_line' id='line_1_15' title="bbox 261 1989 1363 2078; baseline 0 -22"><span class='ocrx_word' id='word_1_123' title='bbox 261 1990 444 2056; x_wconf 87' lang='lat' dir='ltr'><strong>stantialiter</strong></span> <span class='ocrx_word' id='word_1_124' title='bbox 459 1990 603 2056; x_wconf 87' lang='lat' dir='ltr'><strong>sistentia.</strong></span> <span class='ocrx_word' id='word_1_125' title='bbox 637 1989 719 2066; x_wconf 83' lang='lat' dir='ltr'><strong>Quia</strong></span> <span class='ocrx_word' id='word_1_126' title='bbox 729 2013 799 2055; x_wconf 89' lang='lat' dir='ltr'><strong>vero</strong></span> <span class='ocrx_word' id='word_1_127' title='bbox 815 2000 967 2078; x_wconf 83' lang='lat' dir='ltr'><strong>repugnat</strong></span> <span class='ocrx_word' id='word_1_128' title='bbox 982 1991 1165 2057; x_wconf 86' lang='lat' dir='ltr'><strong>constituere</strong></span> <span class='ocrx_word' id='word_1_129' title='bbox 1179 1991 1363 2077; x_wconf 89' lang='lat' dir='ltr'><strong>principium</strong></span> 
     </span>
     <span class='ocr_line' id='line_1_16' title="bbox 262 2101 1364 2186; baseline -0.003 -17"><span class='ocrx_word' id='word_1_130' title='bbox 262 2101 362 2182; x_wconf 83' lang='lat' dir='ltr'><strong>vitale,</strong></span> <span class='ocrx_word' id='word_1_131' title='bbox 378 2102 470 2167; x_wconf 86' lang='lat' dir='ltr'><strong>etiam</strong></span> <span class='ocrx_word' id='word_1_132' title='bbox 493 2101 672 2167; x_wconf 87' lang='lat' dir='ltr'><strong>sensitivum</strong></span> <span class='ocrx_word' id='word_1_133' title='bbox 692 2108 826 2182; x_wconf 91' lang='lat' dir='ltr'><strong>tantum,</strong></span> <span class='ocrx_word' id='word_1_134' title='bbox 844 2102 878 2166; x_wconf 92' lang='lat' dir='ltr'><strong>in</strong></span> <span class='ocrx_word' id='word_1_135' title='bbox 898 2103 1053 2167; x_wconf 88' lang='lat' dir='ltr'><strong>accidente</strong></span> <span class='ocrx_word' id='word_1_136' title='bbox 1069 2123 1223 2186; x_wconf 86' lang='lat' dir='ltr'><strong>corporeo,</strong></span> <span class='ocrx_word' id='word_1_137' title='bbox 1242 2125 1364 2167; x_wconf 87' lang='lat' dir='ltr'><strong>necesse</strong></span> 
     </span>
     <span class='ocr_line' id='line_1_17' title="bbox 260 2213 1364 2300; baseline -0.002 -21"><span class='ocrx_word' id='word_1_138' title='bbox 260 2224 308 2280; x_wconf 89' lang='lat' dir='ltr'><strong>est</strong></span> <span class='ocrx_word' id='word_1_139' title='bbox 334 2214 443 2294; x_wconf 88' lang='lat' dir='ltr'><strong>dicere,</strong></span> <span class='ocrx_word' id='word_1_140' title='bbox 469 2215 528 2279; x_wconf 90' lang='lat' dir='ltr'><strong>boc</strong></span> <span class='ocrx_word' id='word_1_141' title='bbox 550 2213 737 2300; x_wconf 90' lang='lat' dir='ltr'><strong>principium</strong></span> <span class='ocrx_word' id='word_1_142' title='bbox 762 2236 828 2278; x_wconf 91' lang='lat' dir='ltr'><strong>esse</strong></span> <span class='ocrx_word' id='word_1_143' title='bbox 854 2213 1057 2278; x_wconf 86' lang='lat' dir='ltr'><strong>substantiam</strong></span> <span class='ocrx_word' id='word_1_144' title='bbox 1080 2213 1321 2298; x_wconf 89' lang='lat' dir='ltr'><strong>independenter</strong></span> <span class='ocrx_word' id='word_1_145' title='bbox 1346 2237 1364 2277; x_wconf 87' lang='lat' dir='ltr'><strong>a</strong></span> 
     </span>
     <span class='ocr_line' id='line_1_18' title="bbox 262 2348 396 2411; baseline 0.007 -21"><span class='ocrx_word' id='word_1_146' title='bbox 262 2348 396 2411; x_wconf 89' lang='lat' dir='ltr'><strong>corpore.</strong></span> 
     </span>
    </p>

    <p class='ocr_par' dir='ltr' id='par_1_3' title="bbox 263 2434 1366 2969">
     <span class='ocr_line' id='line_1_19' title="bbox 306 2434 1365 2513; baseline -0.001 -11"><span class='ocrx_word' id='word_1_147' title='bbox 306 2437 429 2502; x_wconf 88' lang='lat' dir='ltr'><strong>Addam</strong></span> <span class='ocrx_word' id='word_1_148' title='bbox 451 2436 502 2501; x_wconf 90' lang='lat' dir='ltr'><strong>hic</strong></span> <span class='ocrx_word' id='word_1_149' title='bbox 520 2436 611 2512; x_wconf 84' lang='lat' dir='ltr'><strong>eliam</strong></span> <span class='ocrx_word' id='word_1_150' title='bbox 629 2435 779 2501; x_wconf 88' lang='lat' dir='ltr'><strong>rationem</strong></span> <span class='ocrx_word' id='word_1_151' title='bbox 793 2434 881 2501; x_wconf 86' lang='lat' dir='ltr'><strong>valde</strong></span> <span class='ocrx_word' id='word_1_152' title='bbox 895 2435 1006 2500; x_wconf 87' lang='lat' dir='ltr'><strong>claram</strong></span> <span class='ocrx_word' id='word_1_153' title='bbox 1022 2443 1053 2499; x_wconf 87' lang='lat' dir='ltr'><strong>et</strong></span> <span class='ocrx_word' id='word_1_154' title='bbox 1068 2435 1227 2501; x_wconf 88' lang='lat' dir='ltr'><strong>efficacem.</strong></span> <span class='ocrx_word' id='word_1_155' title='bbox 1273 2435 1365 2513; x_wconf 80' lang='lat' dir='ltr'><strong>Quod</strong></span> 
     </span>
     <span class='ocr_line' id='line_1_20' title="bbox 263 2547 1365 2635; baseline -0.004 -20"><span class='ocrx_word' id='word_1_156' title='bbox 263 2551 317 2616; x_wconf 91' lang='lat' dir='ltr'><strong>dat</strong></span> <span class='ocrx_word' id='word_1_157' title='bbox 332 2550 450 2635; x_wconf 85' lang='lat' dir='ltr'><strong>corpori</strong></span> <span class='ocrx_word' id='word_1_158' title='bbox 463 2549 562 2613; x_wconf 85' lang='lat' dir='ltr'><strong>vivere</strong></span> <span class='ocrx_word' id='word_1_159' title='bbox 577 2549 667 2620; x_wconf 84' lang='lat' dir='ltr'><strong>debet</strong></span> <span class='ocrx_word' id='word_1_160' title='bbox 681 2571 747 2614; x_wconf 89' lang='lat' dir='ltr'><strong>asse</strong></span> <span class='ocrx_word' id='word_1_161' title='bbox 760 2548 794 2611; x_wconf 89' lang='lat' dir='ltr'><strong>in</strong></span> <span class='ocrx_word' id='word_1_162' title='bbox 810 2570 842 2613; x_wconf 89' lang='lat' dir='ltr'><strong>se</strong></span> <span class='ocrx_word' id='word_1_163' title='bbox 855 2547 957 2613; x_wconf 85' lang='lat' dir='ltr'><strong>vivum</strong></span> <span class='ocrx_word' id='word_1_164' title='bbox 968 2571 977 2625; x_wconf 84' lang='lat'>3</span> <span class='ocrx_word' id='word_1_165' title='bbox 1001 2570 1098 2633; x_wconf 90' lang='lat' dir='ltr'><strong>quum</strong></span> <span class='ocrx_word' id='word_1_166' title='bbox 1117 2547 1196 2612; x_wconf 91' lang='lat' dir='ltr'><strong>nihil</strong></span> <span class='ocrx_word' id='word_1_167' title='bbox 1214 2557 1286 2632; x_wconf 86' lang='lat' dir='ltr'><strong>agat</strong></span> <span class='ocrx_word' id='word_1_168' title='bbox 1304 2548 1365 2612; x_wconf 88' lang='lat' dir='ltr'><strong>nisi</strong></span> 
     </span>
     <span class='ocr_line' id='line_1_21' title="bbox 264 2657 1366 2748; baseline -0.003 -22"><span class='ocrx_word' id='word_1_169' title='bbox 264 2662 297 2726; x_wconf 91' lang='lat' dir='ltr'><strong>in</strong></span> <span class='ocrx_word' id='word_1_170' title='bbox 312 2669 463 2748; x_wconf 89' lang='lat' dir='ltr'><strong>quantum</strong></span> <span class='ocrx_word' id='word_1_171' title='bbox 477 2668 524 2724; x_wconf 88' lang='lat' dir='ltr'><strong>est</strong></span> <span class='ocrx_word' id='word_1_172' title='bbox 539 2660 572 2723; x_wconf 88' lang='lat' dir='ltr'><strong>in</strong></span> <span class='ocrx_word' id='word_1_173' title='bbox 586 2668 668 2725; x_wconf 88' lang='lat' dir='ltr'><strong>actu.</strong></span> <span class='ocrx_word' id='word_1_174' title='bbox 713 2660 811 2744; x_wconf 79' lang='lat' dir='ltr'><strong>Atqui</strong></span> <span class='ocrx_word' id='word_1_175' title='bbox 826 2658 928 2723; x_wconf 90' lang='lat' dir='ltr'><strong>anima</strong></span> <span class='ocrx_word' id='word_1_176' title='bbox 945 2657 998 2723; x_wconf 85' lang='lat' dir='ltr'><strong>dut</strong></span> <span class='ocrx_word' id='word_1_177' title='bbox 1017 2659 1137 2742; x_wconf 83' lang='lat' dir='ltr'><strong>corpori</strong></span> <span class='ocrx_word' id='word_1_178' title='bbox 1151 2659 1269 2737; x_wconf 81' lang='lat' dir='ltr'><strong>vivere3</strong></span> <span class='ocrx_word' id='word_1_179' title='bbox 1292 2681 1366 2743; x_wconf 86' lang='lat' dir='ltr'><strong>ergo</strong></span> 
     </span>
     <span class='ocr_line' id='line_1_22' title="bbox 263 2769 1365 2855; baseline -0.003 -17"><span class='ocrx_word' id='word_1_180' title='bbox 263 2776 366 2839; x_wconf 88' lang='lat' dir='ltr'><strong>anima</strong></span> <span class='ocrx_word' id='word_1_181' title='bbox 380 2772 473 2838; x_wconf 89' lang='lat' dir='ltr'><strong>habet</strong></span> <span class='ocrx_word' id='word_1_182' title='bbox 487 2772 521 2837; x_wconf 88' lang='lat' dir='ltr'><strong>in</strong></span> <span class='ocrx_word' id='word_1_183' title='bbox 536 2773 679 2838; x_wconf 82' lang='lat' dir='ltr'><strong>sevilam.</strong></span> <span class='ocrx_word' id='word_1_184' title='bbox 718 2771 780 2837; x_wconf 85' lang='lat' dir='ltr'><strong>Sed</strong></span> <span class='ocrx_word' id='word_1_185' title='bbox 789 2770 888 2837; x_wconf 85' lang='lat' dir='ltr'><strong>vivere</strong></span> <span class='ocrx_word' id='word_1_186' title='bbox 901 2778 948 2835; x_wconf 89' lang='lat' dir='ltr'><strong>est</strong></span> <span class='ocrx_word' id='word_1_187' title='bbox 963 2769 1056 2833; x_wconf 90' lang='lat' dir='ltr'><strong>solius</strong></span> <span class='ocrx_word' id='word_1_188' title='bbox 1072 2769 1251 2835; x_wconf 86' lang='lat' dir='ltr'><strong>substantiae</strong></span> <span class='ocrx_word' id='word_1_189' title='bbox 1259 2796 1270 2850; x_wconf 82' lang='lat'>3</span> <span class='ocrx_word' id='word_1_190' title='bbox 1293 2792 1365 2855; x_wconf 83' lang='lat' dir='ltr'><strong>ergo</strong></span> 
     </span>
     <span class='ocr_line' id='line_1_23' title="bbox 263 2880 1365 2969; baseline -0.005 -18"><span class='ocrx_word' id='word_1_191' title='bbox 263 2886 366 2952; x_wconf 83' lang='lat' dir='ltr'><strong>anima</strong></span> <span class='ocrx_word' id='word_1_192' title='bbox 380 2892 427 2950; x_wconf 88' lang='lat' dir='ltr'><strong>est</strong></span> <span class='ocrx_word' id='word_1_193' title='bbox 442 2884 628 2949; x_wconf 85' lang='lat' dir='ltr'><strong>substantia:</strong></span> <span class='ocrx_word' id='word_1_194' title='bbox 651 2892 737 2969; x_wconf 86' lang='lat' dir='ltr'><strong>patet</strong></span> <span class='ocrx_word' id='word_1_195' title='bbox 752 2891 856 2948; x_wconf 87' lang='lat' dir='ltr'><strong>autem</strong></span> <span class='ocrx_word' id='word_1_196' title='bbox 871 2881 954 2967; x_wconf 89' lang='lat' dir='ltr'><strong>quod</strong></span> <span class='ocrx_word' id='word_1_197' title='bbox 969 2880 1007 2945; x_wconf 91' lang='lat' dir='ltr'><strong>de</strong></span> <span class='ocrx_word' id='word_1_198' title='bbox 1022 2903 1064 2961; x_wconf 86' lang='lat' dir='ltr'><strong>se,</strong></span> <span class='ocrx_word' id='word_1_199' title='bbox 1079 2890 1110 2946; x_wconf 92' lang='lat' dir='ltr'><strong>et</strong></span> <span class='ocrx_word' id='word_1_200' title='bbox 1126 2881 1365 2967; x_wconf 85' lang='lat' dir='ltr'><strong>independenter</strong></span> 
     </span>
    </p>
   </div>
   <div class='ocr_carea' id='block_1_3' title="bbox 263 3019 1369 4418">
    <p class='ocr_par' dir='ltr' id='par_1_4' title="bbox 265 3019 433 3082">
     <span class='ocr_line' id='line_1_24' title="bbox 265 3019 433 3082; baseline -0.006 -18"><span class='ocrx_word' id='word_1_201' title='bbox 265 3019 433 3082; x_wconf 85' lang='lat' dir='ltr'><strong>acorpore.</strong></span> 
     </span>
    </p>

    <p class='ocr_par' dir='ltr' id='par_1_5' title="bbox 263 3102 1366 3417">
     <span class='ocr_line' id='line_1_25' title="bbox 304 3102 1366 3191; baseline -0.005 -16"><span class='ocrx_word' id='word_1_202' title='bbox 304 3112 359 3175; x_wconf 82' lang='lat'><strong>44.</strong></span> <span class='ocrx_word' id='word_1_203' title='bbox 387 3110 513 3173; x_wconf 80' lang='lat' dir='ltr'><strong>Obiicies</strong></span> <span class='ocrx_word' id='word_1_204' title='bbox 535 3110 580 3172; x_wconf 88' lang='lat'><strong>1⁰.</strong></span> <span class='ocrx_word' id='word_1_205' title='bbox 623 3105 815 3191; x_wconf 89' lang='lat' dir='ltr'><strong>Principium</strong></span> <span class='ocrx_word' id='word_1_206' title='bbox 837 3103 1016 3169; x_wconf 85' lang='lat' dir='ltr'><strong>sensitivum</strong></span> <span class='ocrx_word' id='word_1_207' title='bbox 1038 3102 1209 3188; x_wconf 89' lang='lat' dir='ltr'><strong>completur</strong></span> <span class='ocrx_word' id='word_1_208' title='bbox 1236 3104 1271 3169; x_wconf 90' lang='lat' dir='ltr'><strong>in</strong></span> <span class='ocrx_word' id='word_1_209' title='bbox 1300 3127 1366 3170; x_wconf 88' lang='lat' dir='ltr'><strong>esse</strong></span> 
     </span>
     <span class='ocr_line' id='line_1_26' title="bbox 264 3208 1366 3306; baseline -0.004 -19"><span class='ocrx_word' id='word_1_210' title='bbox 264 3221 401 3287; x_wconf 86' lang='lat' dir='ltr'><strong>sensitivi</strong></span> <span class='ocrx_word' id='word_1_211' title='bbox 421 3243 478 3306; x_wconf 90' lang='lat' dir='ltr'><strong>per</strong></span> <span class='ocrx_word' id='word_1_212' title='bbox 497 3241 612 3304; x_wconf 85' lang='lat' dir='ltr'><strong>organa</strong></span> <span class='ocrx_word' id='word_1_213' title='bbox 631 3239 794 3303; x_wconf 86' lang='lat' dir='ltr'><strong>corporea;</strong></span> <span class='ocrx_word' id='word_1_214' title='bbox 817 3239 891 3301; x_wconf 84' lang='lat' dir='ltr'><strong>ergo</strong></span> <span class='ocrx_word' id='word_1_215' title='bbox 904 3238 968 3281; x_wconf 92' lang='lat' dir='ltr'><strong>nou</strong></span> <span class='ocrx_word' id='word_1_216' title='bbox 983 3216 1075 3282; x_wconf 88' lang='lat' dir='ltr'><strong>babet</strong></span> <span class='ocrx_word' id='word_1_217' title='bbox 1090 3208 1165 3296; x_wconf 83' lang='lat' dir='ltr'><strong>esse,</strong></span> <span class='ocrx_word' id='word_1_218' title='bbox 1180 3216 1241 3281; x_wconf 92' lang='lat' dir='ltr'><strong>nisi</strong></span> <span class='ocrx_word' id='word_1_219' title='bbox 1254 3225 1291 3282; x_wconf 91' lang='lat' dir='ltr'><strong>ut</strong></span> <span class='ocrx_word' id='word_1_220' title='bbox 1304 3226 1366 3283; x_wconf 86' lang='lat' dir='ltr'><strong>ter-</strong></span> 
     </span>
     <span class='ocr_line' id='line_1_27' title="bbox 263 3328 1245 3417; baseline -0.005 -18"><span class='ocrx_word' id='word_1_221' title='bbox 263 3335 400 3399; x_wconf 89' lang='lat' dir='ltr'><strong>minatur</strong></span> <span class='ocrx_word' id='word_1_222' title='bbox 414 3332 454 3397; x_wconf 90' lang='lat' dir='ltr'><strong>ad</strong></span> <span class='ocrx_word' id='word_1_223' title='bbox 468 3354 588 3417; x_wconf 89' lang='lat' dir='ltr'><strong>corpus.</strong></span> <span class='ocrx_word' id='word_1_224' title='bbox 631 3330 716 3415; x_wconf 83' lang='lat' dir='ltr'><strong>Ergo</strong></span> <span class='ocrx_word' id='word_1_225' title='bbox 729 3352 793 3393; x_wconf 91' lang='lat' dir='ltr'><strong>non</strong></span> <span class='ocrx_word' id='word_1_226' title='bbox 808 3337 855 3395; x_wconf 90' lang='lat' dir='ltr'><strong>est</strong></span> <span class='ocrx_word' id='word_1_227' title='bbox 870 3328 1042 3394; x_wconf 87' lang='lat' dir='ltr'><strong>substantia</strong></span> <span class='ocrx_word' id='word_1_228' title='bbox 1056 3329 1173 3394; x_wconf 87' lang='lat' dir='ltr'><strong>ratione</strong></span> <span class='ocrx_word' id='word_1_229' title='bbox 1187 3331 1245 3395; x_wconf 90' lang='lat' dir='ltr'><strong>sui.</strong></span> 
     </span>
    </p>

    <p class='ocr_par' dir='ltr' id='par_1_6' title="bbox 264 3440 1369 4418">
     <span class='ocr_line' id='line_1_28' title="bbox 308 3440 1367 3529; baseline -0.003 -20"><span class='ocrx_word' id='word_1_230' title='bbox 308 3443 490 3529; x_wconf 84' lang='lat' dir='ltr'><strong>Respondeo</strong></span> <span class='ocrx_word' id='word_1_231' title='bbox 505 3444 575 3508; x_wconf 82' lang='lat' dir='ltr'><strong>diat.</strong></span> <span class='ocrx_word' id='word_1_232' title='bbox 589 3450 652 3507; x_wconf 81' lang='lat' dir='ltr'><strong>out.</strong></span> <span class='ocrx_word' id='word_1_233' title='bbox 670 3440 841 3525; x_wconf 89' lang='lat' dir='ltr'><strong>completur</strong></span> <span class='ocrx_word' id='word_1_234' title='bbox 855 3440 888 3505; x_wconf 92' lang='lat' dir='ltr'><strong>in</strong></span> <span class='ocrx_word' id='word_1_235' title='bbox 903 3462 969 3505; x_wconf 84' lang='lat' dir='ltr'><strong>esse</strong></span> <span class='ocrx_word' id='word_1_236' title='bbox 982 3440 1117 3506; x_wconf 89' lang='lat' dir='ltr'><strong>naturali</strong></span> <span class='ocrx_word' id='word_1_237' title='bbox 1131 3464 1155 3505; x_wconf 88' lang='lat' dir='ltr'><strong>c.</strong></span> <span class='ocrx_word' id='word_1_238' title='bbox 1169 3450 1242 3520; x_wconf 78' lang='lat' dir='ltr'><strong>out,</strong></span> <span class='ocrx_word' id='word_1_239' title='bbox 1252 3441 1286 3505; x_wconf 92' lang='lat' dir='ltr'><strong>in</strong></span> <span class='ocrx_word' id='word_1_240' title='bbox 1300 3464 1367 3506; x_wconf 85' lang='lat' dir='ltr'><strong>esse</strong></span> 
     </span>
     <span class='ocr_line' id='line_1_29' title="bbox 266 3551 1368 3632; baseline -0.005 -11"><span class='ocrx_word' id='word_1_241' title='bbox 266 3555 462 3621; x_wconf 87' lang='lat' dir='ltr'><strong>substantiali</strong></span> <span class='ocrx_word' id='word_1_242' title='bbox 476 3578 506 3619; x_wconf 83' lang='lat' dir='ltr'><strong>u.</strong></span> <span class='ocrx_word' id='word_1_243' title='bbox 518 3562 591 3632; x_wconf 74' lang='lat' dir='ltr'><strong>aut,</strong></span> <span class='ocrx_word' id='word_1_244' title='bbox 601 3561 632 3617; x_wconf 89' lang='lat' dir='ltr'><strong>et</strong></span> <span class='ocrx_word' id='word_1_245' title='bbox 647 3554 716 3617; x_wconf 80' lang='lat' dir='ltr'><strong>diat.</strong></span> <span class='ocrx_word' id='word_1_246' title='bbox 732 3575 811 3618; x_wconf 79' lang='lat' dir='ltr'><strong>coru.</strong></span> <span class='ocrx_word' id='word_1_247' title='bbox 826 3574 890 3616; x_wconf 91' lang='lat' dir='ltr'><strong>non</strong></span> <span class='ocrx_word' id='word_1_248' title='bbox 904 3551 997 3617; x_wconf 88' lang='lat' dir='ltr'><strong>babet</strong></span> <span class='ocrx_word' id='word_1_249' title='bbox 1011 3574 1078 3616; x_wconf 88' lang='lat' dir='ltr'><strong>esse</strong></span> <span class='ocrx_word' id='word_1_250' title='bbox 1092 3552 1231 3617; x_wconf 87' lang='lat' dir='ltr'><strong>naturale</strong></span> <span class='ocrx_word' id='word_1_251' title='bbox 1252 3552 1312 3617; x_wconf 93' lang='lat' dir='ltr'><strong>nisi</strong></span> <span class='ocrx_word' id='word_1_252' title='bbox 1331 3561 1368 3616; x_wconf 89' lang='lat' dir='ltr'><strong>ut</strong></span> 
     </span>
     <span class='ocr_line' id='line_1_30' title="bbox 265 3662 1368 3751; baseline -0.004 -19"><span class='ocrx_word' id='word_1_253' title='bbox 265 3668 449 3733; x_wconf 87' lang='lat' dir='ltr'><strong>terminatur</strong></span> <span class='ocrx_word' id='word_1_254' title='bbox 463 3665 503 3730; x_wconf 91' lang='lat' dir='ltr'><strong>ad</strong></span> <span class='ocrx_word' id='word_1_255' title='bbox 517 3687 627 3751; x_wconf 89' lang='lat' dir='ltr'><strong>corpus</strong></span> <span class='ocrx_word' id='word_1_256' title='bbox 642 3689 668 3730; x_wconf 89' lang='lat' dir='ltr'><strong>c.</strong></span> <span class='ocrx_word' id='word_1_257' title='bbox 678 3688 767 3743; x_wconf 68' lang='lat' dir='ltr'><strong>coru„</strong></span> <span class='ocrx_word' id='word_1_258' title='bbox 777 3686 840 3729; x_wconf 93' lang='lat' dir='ltr'><strong>non</strong></span> <span class='ocrx_word' id='word_1_259' title='bbox 855 3662 948 3731; x_wconf 88' lang='lat' dir='ltr'><strong>habet</strong></span> <span class='ocrx_word' id='word_1_260' title='bbox 963 3686 1029 3728; x_wconf 86' lang='lat' dir='ltr'><strong>esse</strong></span> <span class='ocrx_word' id='word_1_261' title='bbox 1044 3664 1244 3729; x_wconf 85' lang='lat' dir='ltr'><strong>substantiale</strong></span> <span class='ocrx_word' id='word_1_262' title='bbox 1257 3665 1317 3728; x_wconf 83' lang='lat' dir='ltr'><strong>nisi</strong></span> <span class='ocrx_word' id='word_1_263' title='bbox 1332 3673 1368 3728; x_wconf 91' lang='lat' dir='ltr'><strong>ut</strong></span> 
     </span>
     <span class='ocr_line' id='line_1_31' title="bbox 265 3774 1368 3863; baseline -0.004 -19"><span class='ocrx_word' id='word_1_264' title='bbox 265 3780 448 3846; x_wconf 89' lang='lat' dir='ltr'><strong>terminatur</strong></span> <span class='ocrx_word' id='word_1_265' title='bbox 462 3777 502 3843; x_wconf 91' lang='lat' dir='ltr'><strong>ad</strong></span> <span class='ocrx_word' id='word_1_266' title='bbox 516 3800 626 3863; x_wconf 90' lang='lat' dir='ltr'><strong>corpus</strong></span> <span class='ocrx_word' id='word_1_267' title='bbox 640 3800 670 3840; x_wconf 83' lang='lat' dir='ltr'><strong>n.</strong></span> <span class='ocrx_word' id='word_1_268' title='bbox 687 3798 765 3841; x_wconf 79' lang='lat' dir='ltr'><strong>cons.</strong></span> <span class='ocrx_word' id='word_1_269' title='bbox 810 3774 901 3841; x_wconf 88' lang='lat' dir='ltr'><strong>Ratio</strong></span> <span class='ocrx_word' id='word_1_270' title='bbox 915 3783 1018 3840; x_wconf 89' lang='lat' dir='ltr'><strong>autem</strong></span> <span class='ocrx_word' id='word_1_271' title='bbox 1033 3775 1238 3860; x_wconf 85' lang='lat' dir='ltr'><strong>responsionis</strong></span> <span class='ocrx_word' id='word_1_272' title='bbox 1251 3775 1368 3860; x_wconf 90' lang='lat' dir='ltr'><strong>patebit</strong></span> 
     </span>
     <span class='ocr_line' id='line_1_32' title="bbox 264 3885 1368 3974; baseline -0.006 -18"><span class='ocrx_word' id='word_1_273' title='bbox 264 3915 301 3956; x_wconf 85' lang='lat' dir='ltr'><strong>ex</strong></span> <span class='ocrx_word' id='word_1_274' title='bbox 311 3889 464 3971; x_wconf 89' lang='lat' dir='ltr'><strong>omuibus,</strong></span> <span class='ocrx_word' id='word_1_275' title='bbox 476 3912 545 3974; x_wconf 88' lang='lat' dir='ltr'><strong>quae</strong></span> <span class='ocrx_word' id='word_1_276' title='bbox 556 3886 768 3973; x_wconf 84' lang='lat' dir='ltr'><strong>replicabimus</strong></span> <span class='ocrx_word' id='word_1_277' title='bbox 779 3893 886 3955; x_wconf 81' lang='lat' dir='ltr'><strong>eontra</strong></span> <span class='ocrx_word' id='word_1_278' title='bbox 896 3908 990 3952; x_wconf 87' lang='lat' dir='ltr'><strong>novas</strong></span> <span class='ocrx_word' id='word_1_279' title='bbox 1001 3885 1163 3951; x_wconf 87' lang='lat' dir='ltr'><strong>instantias</strong></span> <span class='ocrx_word' id='word_1_280' title='bbox 1176 3912 1183 3952; x_wconf 90' lang='lat'>:</span> <span class='ocrx_word' id='word_1_281' title='bbox 1206 3885 1257 3950; x_wconf 90' lang='lat' dir='ltr'><strong>hic</strong></span> <span class='ocrx_word' id='word_1_282' title='bbox 1269 3885 1368 3949; x_wconf 90' lang='lat' dir='ltr'><strong>solum</strong></span> 
     </span>
     <span class='ocr_line' id='line_1_33' title="bbox 266 3996 1368 4083; baseline -0.008 -14"><span class='ocrx_word' id='word_1_283' title='bbox 266 4003 387 4083; x_wconf 88' lang='lat' dir='ltr'><strong>addam,</strong></span> <span class='ocrx_word' id='word_1_284' title='bbox 402 4000 630 4077; x_wconf 88' lang='lat' dir='ltr'><strong>distinctionem</strong></span> <span class='ocrx_word' id='word_1_285' title='bbox 648 3998 752 4063; x_wconf 89' lang='lat' dir='ltr'><strong>datam</strong></span> <span class='ocrx_word' id='word_1_286' title='bbox 768 3997 894 4062; x_wconf 82' lang='lat' dir='ltr'><strong>fundari</strong></span> <span class='ocrx_word' id='word_1_287' title='bbox 913 3997 1006 4063; x_wconf 90' lang='lat' dir='ltr'><strong>etiam</strong></span> <span class='ocrx_word' id='word_1_288' title='bbox 1020 3996 1054 4061; x_wconf 90' lang='lat' dir='ltr'><strong>in</strong></span> <span class='ocrx_word' id='word_1_289' title='bbox 1069 3997 1160 4063; x_wconf 90' lang='lat' dir='ltr'><strong>modo</strong></span> <span class='ocrx_word' id='word_1_290' title='bbox 1174 3996 1320 4083; x_wconf 93' lang='lat' dir='ltr'><strong>loquendi</strong></span> <span class='ocrx_word' id='word_1_291' title='bbox 1335 3998 1368 4060; x_wconf 85' lang='lat' dir='ltr'><strong>S.</strong></span> 
     </span>
     <span class='ocr_line' id='line_1_34' title="bbox 264 4108 1367 4197; baseline -0.006 -20"><span class='ocrx_word' id='word_1_292' title='bbox 264 4114 403 4193; x_wconf 79' lang='lat' dir='ltr'><strong>Thomae,</strong></span> <span class='ocrx_word' id='word_1_293' title='bbox 418 4111 472 4197; x_wconf 93' lang='lat' dir='ltr'><strong>qui</strong></span> <span class='ocrx_word' id='word_1_294' title='bbox 487 4111 575 4175; x_wconf 87' lang='lat' dir='ltr'><strong>docet</strong></span> <span class='ocrx_word' id='word_1_295' title='bbox 593 4110 635 4193; x_wconf 84' lang='lat' dir='ltr'><strong>(p.</strong></span> <span class='ocrx_word' id='word_1_296' title='bbox 652 4112 682 4172; x_wconf 92' lang='lat'><strong>1.</strong></span> <span class='ocrx_word' id='word_1_297' title='bbox 698 4131 728 4193; x_wconf 93' lang='lat' dir='ltr'><strong>q.</strong></span> <span class='ocrx_word' id='word_1_298' title='bbox 746 4112 797 4173; x_wconf 81' lang='lat'><strong>75.</strong></span> <span class='ocrx_word' id='word_1_299' title='bbox 814 4130 841 4172; x_wconf 89' lang='lat' dir='ltr'><strong>a.</strong></span> <span class='ocrx_word' id='word_1_300' title='bbox 854 4109 886 4192; x_wconf 78' lang='lat'><strong>2)</strong></span> <span class='ocrx_word' id='word_1_301' title='bbox 901 4110 955 4173; x_wconf 80' lang='lat' dir='ltr'><strong>boc</strong></span> <span class='ocrx_word' id='word_1_302' title='bbox 968 4109 1084 4193; x_wconf 82' lang='lat' dir='ltr'><strong>aliquid</strong></span> <span class='ocrx_word' id='word_1_303' title='bbox 1095 4110 1190 4193; x_wconf 80' lang='lat' dir='ltr'><strong>accapi</strong></span> <span class='ocrx_word' id='word_1_304' title='bbox 1204 4108 1367 4192; x_wconf 79' lang='lat' dir='ltr'><strong>dupliciter,</strong></span> 
     </span>
     <span class='ocr_line' id='line_1_35' title="bbox 265 4220 1369 4306; baseline -0.005 -18"><span class='ocrx_word' id='word_1_305' title='bbox 265 4248 322 4288; x_wconf 84' lang='lat' dir='ltr'><strong>uno</strong></span> <span class='ocrx_word' id='word_1_306' title='bbox 348 4224 431 4288; x_wconf 70' lang='lat' dir='ltr'><strong>niodo</strong></span> <span class='ocrx_word' id='word_1_307' title='bbox 448 4244 506 4306; x_wconf 82' lang='lat' dir='ltr'><strong>pro</strong></span> <span class='ocrx_word' id='word_1_308' title='bbox 529 4242 707 4304; x_wconf 81' lang='lat' dir='ltr'><strong>quocumque</strong></span> <span class='ocrx_word' id='word_1_309' title='bbox 728 4220 911 4299; x_wconf 64' lang='lat' dir='ltr'><strong>subsidente,</strong></span> <span class='ocrx_word' id='word_1_310' title='bbox 934 4220 992 4285; x_wconf 86' lang='lat' dir='ltr'><strong>alio</strong></span> <span class='ocrx_word' id='word_1_311' title='bbox 1016 4222 1099 4287; x_wconf 84' lang='lat' dir='ltr'><strong>modo</strong></span> <span class='ocrx_word' id='word_1_312' title='bbox 1115 4244 1175 4305; x_wconf 82' lang='lat' dir='ltr'><strong>pro</strong></span> <span class='ocrx_word' id='word_1_313' title='bbox 1196 4222 1369 4285; x_wconf 56' lang='lat' dir='ltr'><strong>nodamenta</strong></span> 
     </span>
     <span class='ocr_line' id='line_1_36' title="bbox 268 4332 841 4418; baseline -0.009 -19"><span class='ocrx_word' id='word_1_314' title='bbox 268 4336 407 4418; x_wconf 85' lang='lat' dir='ltr'><strong>completo</strong></span> <span class='ocrx_word' id='word_1_315' title='bbox 421 4336 453 4397; x_wconf 84' lang='lat' dir='ltr'><strong>io</strong></span> <span class='ocrx_word' id='word_1_316' title='bbox 467 4340 575 4396; x_wconf 82' lang='lat' dir='ltr'><strong>nutura</strong></span> <span class='ocrx_word' id='word_1_317' title='bbox 591 4332 713 4397; x_wconf 79' lang='lat' dir='ltr'><strong>alicuius</strong></span> <span class='ocrx_word' id='word_1_318' title='bbox 727 4333 841 4415; x_wconf 60' lang='lat' dir='ltr'><strong>specim</strong></span> 
     </span>
    </p>
   </div>
   <div class='ocr_carea' id='block_1_4' title="bbox 0 0 1612 4975">
    <p class='ocr_par' dir='ltr' id='par_1_7' title="bbox 0 0 1612 4975">
     <span class='ocr_line' id='line_1_37' title="bbox 0 0 1612 4975; baseline 0 0"><span class='ocrx_word' id='word_1_319' title='bbox 0 0 1612 4975; x_wconf 95' lang='lat' dir='ltr'><strong> </strong></span> 
     </span>
    </p>
   </div>
  </div>
 </body>
</html>
