3200 4975
268 356 331 417 104
574 374 617 416 ue
633 374 835 417 aunarium
854 372 1051 417 srrnrruanr.
1213 352 1296 437 [car.
1315 374 1370 415 111.

267 540 431 604 intrinsece
445 540 571 619 actuari,
586 539 659 625 qnia
676 538 753 604 nihil
768 538 876 624 recipit
896 546 927 603 et
944 537 1024 603 nibil
1038 537 1163 623 patitur,
1179 537 1308 622 ideoque
1324 537 1371 600 nti

267 648 424 714 intellectu
438 671 495 734 pro
508 650 596 715 libito
611 650 688 715 nihil
711 649 795 715 alind
810 649 980 735 significare
994 658 1106 736 potest,
1121 647 1182 713 nisi
1196 648 1243 713 uti
1258 648 1372 733 specie-

268 761 336 840 bus,
352 784 421 847 quae
435 771 517 827 aunt'
530 762 564 826 in
581 762 755 848 passivitate
777 761 970 827 intellectiva.
1017 761 1072 825 Uti
1087 770 1190 825 autem
1212 760 1371 845 speciebus

268 882 315 938 est
337 896 387 938 eas
409 873 634 959 quodammodo
655 873 809 953 suscitare,
825 895 859 937 ac
881 872 939 937 sibi
961 872 1089 938 obiicere
1111 872 1285 937 intuendas.
1329 871 1371 935 llt

269 1006 324 1069 per
337 985 395 1051 hoc
409 995 534 1069 apparet
545 985 698 1070 quomodo
710 986 851 1051 voluntas
866 984 996 1070 applicet
1007 983 1207 1049 intellectum.
1242 983 1372 1068 Reliqua

269 1117 337 1181 quse
347 1096 501 1181 pertinent
510 1096 549 1161 ad
557 1096 787 1181 explicationem
803 1096 951 1161 libertatis
962 1095 1030 1161 vide
1038 1095 1071 1160 in
1083 1102 1229 1181 sequente
1238 1102 1371 1159 tractatu

268 1232 294 1275 c.
310 1213 342 1274 2.
358 1218 414 1274 art.
431 1211 462 1273 3.

315 1323 367 1386 78.
390 1320 546 1397 Quaeritur
571 1319 808 1405 decimoquarto,
832 1328 930 1385 utrum
948 1342 1044 1404 parire
1065 1322 1191 1403 spiritua
1219 1320 1374 1385 intrinsece

270 1440 397 1496 mutetur
404 1455 462 1516 per
476 1455 579 1496 ewam
588 1434 763 1497 vetitionem.

315 1543 506 1628 Respondeo,
522 1544 634 1607 mutari
656 1543 819 1607 intrinsece
833 1543 934 1627 quoad
955 1543 1124 1628 potentiam
1140 1542 1301 1629 passivam,
1317 1564 1372 1608 seu

271 1654 449 1733 affectivam,
465 1676 528 1718 non
551 1662 654 1718 autem
670 1653 771 1739 quoad
792 1654 962 1738 potentiam
977 1656 1106 1718 activam
1129 1676 1183 1719 seu
1204 1654 1372 1719 electivam.

272 1765 354 1829 Nam
378 1766 478 1850 quoad
504 1766 561 1830 hoc
583 1766 689 1830 eadem
708 1776 755 1830 est
779 1766 857 1831 ratio
878 1766 1043 1831 voluntatis
1066 1777 1157 1853 atque
1180 1766 1372 1831 intellectus:

271 1877 418 1957 videlicet,
434 1878 514 1942 sicnt
530 1878 705 1942 intellectus
719 1900 814 1961 agens
829 1887 876 1942 est
893 1877 926 1941 in
941 1886 1012 1943 actu
1025 1877 1125 1963 primo
1140 1878 1180 1942 ad
1199 1872 1389 1963 intelligen.'

271 1990 344 2053 dum
360 1997 484 2073 propter
506 1989 702 2054 intrinsecam
722 1988 1006 2054 determinationem
1027 1988 1066 2053 ad
1085 1988 1320 2073 intelligendum
1338 1990 1371 2054 in

270 2111 340 2166 actu
360 2102 503 2181 secundo,
519 2102 546 2165 si
567 2102 648 2166 adsit
661 2101 814 2167 obiectum
833 2101 936 2166 debito
958 2101 1049 2166 modo
1068 2124 1212 2187 presens,
1228 2102 1268 2166 ad
1289 2101 1373 2187 qnod

270 2213 472 2294 terminetur3
495 2214 539 2277 ita
560 2213 712 2291 voluntas,
728 2222 764 2277 nt
785 2222 833 2277 eat
855 2214 952 2277 activa
967 2236 1022 2277 seu
1043 2213 1177 2293 electiva,
1193 2225 1239 2278 est
1254 2214 1287 2277 in
1302 2222 1372 2280 actu

271 2326 370 2409 primo
393 2324 433 2388 ad
453 2322 618 2387 volendum
647 2332 771 2407 propter
788 2323 995 2389 ,intrinsecam
1026 2323 1310 2389 determinationem
1334 2323 1373 2389 ad

270 2434 433 2499 volendum
455 2434 487 2498 in
508 2445 580 2498 actu
601 2432 744 2512 secundo,
761 2433 787 2497 si
808 2432 887 2498 adsit
909 2433 1062 2498 obiectum
1082 2434 1247 2520 appetibile
1271 2434 1373 2500 debito

269 2546 362 2610 modo
382 2569 525 2631 praesens,
541 2545 580 2609 ad
601 2545 684 2632 quod
705 2544 888 2610 terminetur
894 2572 905 2624 3
928 2547 1115 2630 impossibile
1135 2547 1218 2611 enim
1240 2555 1287 2612 est
1308 2569 1374 2612 esre

269 2659 439 2743 potentiam
464 2659 593 2723 activam
617 2657 683 2721 sine
706 2656 770 2720 ulla
794 2656 958 2722 intrinseca
980 2657 1242 2738 determinatione,
1266 2657 1373 2723 saltem

270 2781 396 2848 remota,
411 2770 450 2834 ad
465 2770 623 2854 proprium
641 2776 754 2832 actum.
798 2767 980 2833 Differentia
1001 2778 1114 2849 autem,
1131 2793 1199 2855 quae
1213 2770 1374 2836 intercedit

270 2881 350 2944 inter
369 2881 559 2945 intellectum
579 2890 611 2944 et
633 2879 831 2958 voluntatem,
847 2887 970 2963 propter
990 2879 1083 2944 unius
1106 2881 1328 2962 necessitatem,
1343 2893 1375 2946 et

270 2992 396 3056 ulterius
417 2993 599 3072 libertatem,
614 3014 678 3056 non
697 2989 837 3077 impedit,
852 2991 1018 3077 quominus
1038 3001 1167 3077 utraque
1182 2993 1319 3077 potentia
1335 2993 1374 3058 ait

269 3104 656 3198 intrinsecedeterminata
676 3103 717 3168 ad
738 3102 896 3189 proprium
916 3111 1038 3182 actum3
1061 3126 1134 3168 nam
1148 3113 1234 3168 actus
1256 3105 1373 3189 primus

270 3215 507 3301 complacentia,
522 3238 583 3301 quo
598 3215 762 3300 attingitur
781 3215 933 3280 obiectum
950 3237 1121 3299 congruens
1136 3215 1295 3294 voluntati,
1311 3239 1373 3280 non

270 3327 363 3392 babet
383 3334 419 3390 nt
434 3327 477 3390 sic
492 3327 639 3390 rationem
663 3326 821 3392 formalem
836 3325 942 3389 liberi:
965 3325 1019 3390 aed
1041 3334 1162 3390 tanturn
1182 3326 1294 3406 innuit,
1311 3349 1373 3391 non

270 3437 402 3522 pendere
416 3437 455 3500 ab
477 3436 646 3516 intellectu,
662 3436 745 3522 quod
759 3436 913 3501 obiectum
936 3436 1130 3521 intelligibile
1150 3435 1190 3501 sit
1205 3437 1250 3502 illi
1270 3437 1373 3503 debito

271 3547 363 3613 modo
377 3570 512 3633 praesens
521 3559 557 3612 ut
571 3548 770 3632 intelligatur,
783 3548 857 3612 dum
874 3571 890 3612 e
905 3569 1049 3613 converso
1057 3548 1170 3633 pendet
1185 3572 1203 3613 a
1217 3549 1374 3614 voluntate

271 3659 360 3744 qnod·
376 3659 527 3723 obiectum
546 3658 710 3744 appetibile
728 3658 768 3721 sit
790 3680 925 3743 praesens
948 3658 1051 3723 debito
1073 3659 1164 3723 modo
1185 3668 1221 3723 ut
1236 3660 1275 3724 ad
1297 3660 1374 3725 illud

271 3770 451 3837 terminetur
466 3781 634 3856 spontanea
648 3770 867 3854 complacentia
882 3771 1033 3836 resultans
1053 3795 1088 3836 ex
1103 3771 1215 3838 iudicio
1230 3773 1373 3856 practico,

271 3906 339 3968 quae
353 3883 513 3948 constituit
528 3883 683 3947 materiale
697 3882 850 3947 volitionis
873 3883 983 3948 liberae.
1031 3883 1099 3948 Hoc
1114 3884 1196 3947 enim
1216 3893 1246 3948 et
1262 3885 1373 3948 sufficit

154 4029 156 4033 ·
271 3995 308 4060 ad
332 3995 510 4060 salvandam
532 3993 713 4074 libertatem,
728 4003 760 4058 et
782 3994 948 4078 requiritur
969 3994 1007 4060 ad
1031 3994 1206 4060 salvandam
1223 3995 1374 4060 unitatem

270 4117 357 4171 actus
372 4106 581 4171 substantialis
595 4107 627 4169 in
643 4106 763 4190 spiritu.

316 4217 421 4294 Quum
447 4218 543 4301 igitur
564 4216 664 4280 omnis
688 4217 824 4301 potentia
847 4216 943 4282 activa
970 4216 1008 4280 sit
1030 4217 1153 4302 quidam
1177 4226 1272 4295 actus,
1289 4228 1375 4284 actus

272 4338 385 4394 autem
401 4340 436 4408 ut
460 4330 503 4392 sic
533 4352 594 4392 non
620 4328 840 4393 determinetur
863 4328 901 4392 ab
928 4329 996 4407 alio,
1022 4329 1073 4393 sed
1102 4329 1283 4395 determinet
1307 4331 1375 4410 alia,
