3200 4975
234 381 308 424 osv.
324 361 394 444 us]
645 383 686 425 nn
704 382 961 427 accrnmvrrsus.
1273 365 1334 427 341

233 548 292 611 dici
313 548 404 612 debet
423 549 477 612 loc
498 556 545 611 est
567 547 665 611 simile
687 549 742 628 iili,
765 550 848 613 homo
871 548 964 612 distat
986 550 1023 613 ab
1045 551 1167 630 homine,
1191 559 1269 614 terra
1291 560 1337 615 est

234 660 335 723 minor
356 660 425 741 cole,
448 671 506 724 etc.
553 659 698 724 Similiter
726 660 835 745 nequit
857 682 922 725 esse
944 660 1049 725 relatio
1075 662 1285 727 similitudinis
1305 664 1338 727 in

234 773 345 836 dnobus
364 773 438 836 adis
460 772 640 850 coniuncte;
663 773 735 857 quia
759 772 821 836 duo
847 772 915 837 alba
941 781 1015 836 sunt
1040 771 1102 837 dno
1128 772 1265 838 subiecta
1290 772 1337 837 di-

235 882 355 960 stincta,
378 890 410 945 et
432 881 600 946 similitudo
622 893 669 946 est
691 904 789 946 unum
819 905 874 947 ens
902 882 1062 947 relativum
1072 908 1082 961 3
1105 905 1203 947 unum
1232 892 1336 948 autem

233 1015 360 1057 numero
375 1016 429 1057 ens
444 993 552 1078 nequit
566 1015 631 1057 esse
650 993 684 1056 in
706 992 826 1057 duobus
848 991 991 1057 subiectis
1014 993 1175 1073 distinctis,
1191 1004 1227 1057 ut
1241 1002 1335 1079 patet.

232 1104 462 1189 consequenter
480 1104 586 1168 relatio
601 1127 663 1168 non
678 1114 726 1169 est
740 1104 918 1185 inentibus,
934 1105 988 1169 sed
1001 1107 1080 1169 inter
1094 1105 1186 1184 entia,
1202 1115 1238 1169 ut
1253 1127 1335 1169 corn·

232 1217 335 1281 munis
364 1218 456 1281 etiam
485 1217 631 1302 loquendi
661 1217 738 1281 ratio
763 1216 871 1297 docct3
893 1238 957 1280 non
980 1217 1063 1281 enim
1092 1217 1223 1282 dicimus
1251 1217 1336 1301 quod

233 1327 402 1393 similitudo
416 1338 463 1393 est
478 1330 511 1393 in
527 1329 615 1409 albis,
635 1328 689 1393 sed
711 1330 792 1393 inter
812 1328 890 1409 alba,
913 1338 945 1393 et
965 1329 1051 1414 quod
1072 1329 1217 1393 distantia
1239 1329 1279 1393 sit
1302 1329 1334 1391 in

231 1441 356 1506 homine
370 1451 401 1506 et
415 1443 549 1523 homine,
565 1442 618 1506 sed
638 1443 719 1507 inter
737 1441 894 1506 hominem
914 1451 945 1507 et
959 1442 1114 1506 hominem
1130 1451 1187 1507 etc.
1233 1443 1335 1527 Atque

232 1552 291 1615 hoc
305 1561 406 1617 totum
420 1554 600 1637 exprimitur
614 1552 647 1617 in
663 1552 734 1617 data
753 1552 930 1618 definitione
952 1552 1116 1631 relationis,
1137 1554 1210 1638 quia
1228 1574 1283 1616 ens
1298 1554 1338 1617 ad

233 1664 317 1727 alind
328 1673 374 1729 est
389 1688 425 1729 ex
440 1687 503 1729 uno
518 1664 558 1729 ad
572 1664 665 1743 alind,
681 1673 712 1729 et
727 1665 769 1729 sic
784 1665 864 1729 inter
879 1687 976 1728 unum
991 1674 1022 1729 et
1038 1664 1131 1728 aliud.
1198 1696 1200 1702 ·

276 1775 322 1839 ln
336 1776 385 1840 hia
400 1775 547 1862 sequitur,
563 1775 596 1840 in
610 1776 695 1841 omni
712 1775 857 1840 relatione
876 1776 935 1839 tria
954 1775 1083 1860 requiri:
1108 1779 1141 1840 1⁰
1156 1773 1242 1853 illud,
1259 1776 1338 1858 qnod

233 1888 371 1967 refertur,
395 1911 449 1952 seu
471 1888 641 1953 subiectum
666 1887 840 1952 relationis:
863 1891 898 1953 2⁰
920 1887 1007 1965 illud,
1031 1889 1071 1951 ad
1090 1888 1169 1971 qaod
1189 1888 1335 1952 refertur:

233 2002 268 2062 3⁰
282 1998 370 2079 illud,
379 2023 437 2084 per
451 2000 530 2083 qaod
545 1999 675 2063 refertur
693 2021 792 2062 unum
808 1998 955 2063 adalind
999 1998 1077 2062 Aliis
1092 1998 1190 2063 verbis
1205 1998 1238 2062 in
1253 1998 1337 2062 omni

131 2091 135 2097 ὁ
232 2110 380 2175 relatione
408 2112 538 2195 exigitur
567 2111 768 2176 essentialiter
797 2113 966 2189 subiectam,
997 2114 1146 2189 terminus,
1173 2119 1205 2175 et
1224 2110 1336 2194 fianda-

233 2232 368 2287 mentam.
415 2224 591 2288 Subiectum
613 2233 644 2287 et
664 2223 814 2287 terminus
837 2223 982 2287 dicuntur
1004 2223 1094 2287 etiam
1118 2224 1174 2287 duo
1196 2231 1337 2287 eatrernm

232 2334 278 2398 vel
294 2339 411 2400 termini
424 2338 555 2401 eatremi.

277 2452 330 2514 47.
343 2450 402 2514 De
417 2448 546 2514 entitate
565 2448 720 2513 relationis
741 2449 875 2514 multum
897 2448 1089 2534 disputatum
1108 2456 1165 2527 est,
1185 2447 1252 2512 aliis
1272 2448 1336 2533 opi·

233 2561 380 2627 nantibus
401 2562 578 2626 relationem
601 2584 665 2625 non
687 2583 777 2646 posse
798 2584 864 2625 esse
886 2561 1003 2646 aliquid
1025 2560 1114 2638 reale,
1137 2559 1190 2624 sed
1216 2569 1338 2625 tantum

233 2696 288 2737 ens
302 2673 439 2751 rationis,
458 2673 525 2736 aliis
539 2695 609 2737 vero
630 2671 807 2735 tenentibus
829 2671 989 2735 relationes
1009 2671 1127 2756 aliquid
1140 2693 1205 2735 esse
1220 2680 1338 2756 aparte

235 2785 278 2848 rei
292 2792 376 2847 extra
390 2792 535 2847 mentem.
581 2783 673 2847 Ratio
687 2784 824 2867 priorum
840 2784 910 2864 suit,
925 2784 1008 2869 qnod
1023 2806 1114 2848 omne
1128 2807 1183 2848 ens
1197 2783 1275 2848 reale
1292 2783 1337 2848 vel
1393 2777 1396 2782 ¹

233 2904 280 2960 est
287 2896 325 2960 in
342 2918 374 2959 se
389 2895 437 2959 vel
451 2895 484 2958 in
499 2894 576 2958 alio:
600 2902 633 2959 at
647 2894 754 2958 relatio
774 2917 831 2959 nec
850 2905 897 2960 est
917 2895 950 2959 in
971 2917 1002 2959 se
1021 2917 1078 2959 nec
1097 2895 1129 2958 iu
1144 2893 1214 2974 alio,
1230 2895 1283 2960 sed
1299 2896 1337 2960 ad

233 3006 315 3070 aliud
325 3033 335 3086 3
358 2996 431 3090 ergo
446 3004 552 3070 relatio
565 3027 629 3069 non
650 3013 696 3071 est
716 3028 771 3070 ens
790 3005 879 3070 reale.
925 3005 1016 3070 Ratio
1031 3028 1100 3070 vero
1120 3005 1248 3071 aliorum
1268 3006 1337 3085 fuit,

233 3119 317 3205 quod
339 3118 460 3182 nemine
482 3117 635 3202 cogitante
654 3129 701 3181 est
721 3116 827 3181 relatio
846 3117 927 3182 inter
948 3127 1066 3202 patrem
1081 3126 1113 3181 et
1127 3118 1235 3198 filium,
1258 3120 1339 3183 inter

232 3230 400 3316 potentiam
416 3229 540 3293 visivam
562 3237 592 3292 et
607 3229 734 3308 visibile,
750 3230 832 3293 inter
852 3230 1001 3293 unitatem
1022 3237 1053 3293 et
1069 3251 1241 3308 numerum,
1257 3239 1336 3309 etc.;

233 3365 307 3426 ergo
336 3341 442 3406 relatio
466 3353 512 3405 est
538 3340 653 3426 aliquid
681 3350 765 3406 extra
793 3341 1002 3419 intellectum3
1025 3362 1098 3425 ergo
1121 3363 1184 3405 non
1210 3351 1256 3404 est
1282 3365 1337 3406 ens

232 3454 368 3518 rationis.

275 3565 326 3628 Ad
348 3563 523 3628 solvendam
552 3565 761 3649 quandonam,
791 3565 980 3650 accipiantur
1002 3564 1063 3628 duo
1085 3564 1233 3646 absoluta,
1256 3567 1337 3632 inter

232 3700 301 3763 quae
321 3675 462 3741 habenda
483 3676 525 3740 sit
547 3676 663 3755 relatio,
680 3700 707 3743 v.
724 3699 770 3760 gr.
794 3677 857 3742 duo
879 3676 1029 3740 elementa
1051 3677 1184 3742 materiae
1206 3679 1235 3742 A
1252 3689 1283 3742 et
1299 3680 1335 3743 Β.

230 3789 373 3852 Vidimus
407 3811 500 3872 supra
530 3789 576 3871 (n.
608 3789 677 3870 38),
712 3788 957 3853 terminationem
993 3798 1078 3853 actus
1113 3789 1205 3874 primi
1241 3790 1333 3854 unius

231 3898 374 3966 elementi
388 3898 427 3962 ad
441 3899 609 3983 potentiam
630 3899 780 3984 passivam
800 3900 926 3964 alterius
947 3901 1131 3964 constituere
1147 3923 1245 3964 unum
1264 3912 1335 3966 actu

232 4035 336 4097 agens,
352 4010 435 4074 aliud
456 4019 527 4074 actu
549 4011 687 4095 patiens:
711 4021 742 4075 et
757 4021 980 4098 consequenter
994 4013 1050 4076 daa
1066 4014 1125 4076 liae
1139 4012 1272 4076 absolata
1280 4038 1337 4098 per

231 4129 359 4188 eamdem
387 4130 485 4186 actam
514 4122 717 4186 accidentalem
750 4124 900 4206 acquirere
921 4124 1065 4207 formales
1094 4123 1338 4190 denominationes

233 4235 381 4311 relativas,
403 4233 516 4298 sedicet
538 4236 658 4318 agentis
673 4244 703 4299 et
719 4235 872 4318 patientis.
919 4235 1001 4298 Illud
1021 4245 1133 4315 autem,
1150 4258 1185 4300 ex
1201 4259 1261 4321 quo
1277 4238 1338 4302 duo

233 4347 371 4411 absoluta
385 4347 499 4411 habent
515 4345 655 4410 formales
671 4346 931 4412 denominationes
947 4348 1095 4425 relativas,
1108 4348 1335 4432 diciturfnnda-
