3200 4975
266 342 332 406 290
662 358 705 401 ns
720 354 977 401 accrnnnrrnus.
1246 336 1331 421 [ear.
1349 357 1371 398 ι.

269 548 373 591 eorum
396 525 624 611 generationem
646 522 779 588 breviter
800 542 1028 608 persequemur,
1049 530 1084 585 ut
1102 544 1120 586 a
1140 520 1236 606 priori
1257 520 1374 607 aliquid

269 647 386 704 certum
408 637 447 703 de
468 659 573 701 eorum
597 644 708 701 natura
729 657 882 714 eruamus,
904 655 966 719 quo
988 633 1106 718 reliqua
1129 633 1269 697 tractatio
1291 634 1374 698 velut

271 749 367 815 solido
396 748 598 814 fundamento
627 747 757 812 nitatur.
809 745 919 809 Totam
954 753 1057 809 autem
1086 744 1246 809 materiam
1274 745 1373 810 tribua

271 860 422 947 capitibus
452 860 705 945 complectemur:
735 858 768 921 in
798 858 897 943 primo
929 879 1055 942 agemus
1085 856 1122 921 de
1151 857 1269 942 origine
1298 858 1374 922 acci-

272 973 430 1037 dentium:
460 970 647 1036 insecundo
673 970 711 1035 de
734 970 941 1035 accidentibus
965 969 1144 1055 primitivis:
1167 969 1200 1033 in
1227 972 1316 1034 tertio
1339 968 1378 1032 de

272 1084 477 1148 accidentibus
491 1083 721 1150 resultantibus.

730 1448 870 1514 CAPUT
885 1450 913 1514 Ι.

555 1636 607 1690 DE
625 1636 787 1692 ORIGINE
804 1637 1078 1694 AOOIDENTIUM.

317 1799 348 1861 3.
370 1792 549 1863 Accidentia
568 1796 615 1861 vel
644 1794 810 1860 adveniunt
840 1795 1019 1861 substantiae
1048 1795 1206 1875 materiali,
1230 1796 1277 1861 vel
1301 1798 1374 1863 sub·
1398 1830 1402 1838 ·

273 1909 393 1972 stantiae
407 1906 568 1993 spirituali,
583 1906 631 1971 vel
651 1915 768 1972 naturae
789 1928 826 1971 ex
848 1917 978 1993 utraque
999 1909 1185 1993 exsurgenti,
1208 1908 1307 1993 qualis
1328 1921 1375 1974 est

272 2021 418 2085 humana.
464 2018 502 2085 In
517 2019 617 2084 brutis
631 2040 753 2105 quoque
767 2028 799 2085 et
819 2020 851 2084 in
867 2018 1085 2105 vegetabilibus
1106 2028 1180 2085 sunt
1199 2021 1375 2101 accidentia,

273 2137 309 2198 ut
337 2139 440 2217 patet:
471 2132 524 2196 sed
553 2131 626 2216 quia
655 2131 815 2217 specialem
850 2132 1115 2217 investigationem
1145 2154 1208 2197 non
1237 2134 1374 2218 exigunt,

273 2244 422 2329 originem
446 2242 649 2308 accidentium
671 2244 704 2307 in
725 2242 824 2308 tribus
846 2250 966 2309 tantum
989 2244 1140 2329 prioribus
1162 2245 1281 2311 naturis
1303 2268 1375 2310 con·

274 2354 482 2432 siderabimus,
497 2353 590 2438 idque
604 2352 704 2418 tribus
719 2353 865 2420 articulis.

656 2675 840 2721 surreptus
856 2677 993 2722 PRIMUS.

422 2908 434 2939 ᾗ
447 2843 495 2904 De
509 2841 622 2924 origine
636 2838 827 2903 accidentium
841 2839 873 2901 io
887 2839 1051 2902 eubalumia
1065 2839 1220 2903 materiali.

316 2995 349 3055 4.
372 2989 418 3054 Ut
441 2990 520 3055 clere
543 2989 656 3054 intueri
678 2987 832 3073 possimus
857 2988 1006 3072 originem
1032 3011 1137 3054 eorum
1162 2991 1376 3072 accidentium,

273 3126 342 3189 quae
367 3103 407 3167 ad
431 3100 635 3191 substantium
661 3099 848 3164 materialem
874 3100 1039 3184 pertinent,
1065 3100 1275 3182 admittamus,
1299 3105 1377 3170 nibil

273 3216 357 3282 aliud
371 3215 471 3280 adhuc
490 3199 617 3295 existeie‘
638 3212 672 3276 in
693 3235 796 3278 rerum
818 3222 936 3293 natura,
961 3213 1020 3278 nisi
1043 3213 1167 3279 unicum
1190 3215 1377 3282 elementum

274 3330 409 3392 materie
431 3327 465 3390 iu
488 3334 603 3390 vacuo:¹
639 3324 707 3390 Hoc
736 3324 922 3390 elementum
952 3326 1010 3390 erit
1039 3326 1167 3412 simplex
1196 3327 1321 3414 physice
1346 3339 1377 3394 et

272 3441 475 3516 inertensum,
491 3444 634 3502 constans
643 3438 771 3502 materia
779 3447 811 3500 et
820 3437 927 3518 forma,
946 3437 1059 3502 seilicet
1074 3438 1223 3523 principio
1238 3442 1333 3504 actico
1344 3450 1376 3506 et

268 3552 399 3638 passivo,
413 3557 449 3612 ut
464 3548 537 3612 alibi
551 3549 756 3632 exposuimus,
771 3549 972 3614 essentialiter
987 3571 1019 3612 se
1034 3559 1145 3614 mutuo
1154 3551 1377 3635 complentibus

273 3665 308 3729 in
318 3664 461 3727 cuidem
475 3659 664 3747 substantiae.
724 3660 953 3745 consequenter
964 3661 996 3724 in
1011 3661 1068 3726 hoe
1080 3660 1230 3728 elemento
1245 3663 1378 3728 materiae

275 3775 423 3842 babemus
443 3772 519 3837 tria:
544 3775 578 3836 1⁰
594 3771 677 3856 quod
699 3771 739 3836 sit
754 3773 936 3856 prinmpium
957 3774 1082 3838 aetionis
1102 3782 1227 3858 propter
1247 3774 1378 3840 formam

274 3891 308 3954 in
332 3885 458 3951 materia
482 3883 683 3952 existentem:
709 3887 745 3948 2⁰
767 3884 851 3968 quod
876 3883 917 3950 sit
936 3885 1117 3969 principium
1138 3887 1299 3969 marionis,
1324 3907 1377 3952 seu

274 3997 465 4084 receptionis,
489 4005 614 4081 propter
638 3996 798 4061 materiam
819 4018 836 4059 a
859 3996 956 4061 forma
979 4004 1151 4062 uetustam:
1174 3999 1210 4062 3⁰
1229 3998 1312 4083 quod
1336 3999 1376 4063 sit

268 4112 448 4196 principium
469 4110 665 4176 similitudinis
688 4117 814 4194 propter
836 4107 987 4174 unitatem
1010 4131 1097 4174 suam
1124 4109 1376 4189 substantialem:

275 4245 348 4287 nam
362 4223 466 4286 unitas
480 4207 725 4306 estssprincipium
740 4221 872 4284 numeri.

318 4332 451 4398 Evidens
480 4341 591 4400 auteur·
604 4342 663 4421 est,
693 4331 810 4399 nullam
840 4332 998 4417 bucusque
1027 4332 1135 4398 haberi-
1162 4333 1377 4400 accidentalem
