3200 4975
200 396 271 439 car.
289 376 344 460 11.]
505 398 547 439 nn
564 398 767 440 suessanum
781 398 981 440 srrarroanr.
1257 380 1297 439 51

198 570 231 634 in
246 572 382 655 potentia
395 580 427 635 et
439 572 608 636 secundum
617 572 761 636 virtutem
777 593 810 635 se
824 571 959 635 extendit
974 580 1059 635 extra
1072 595 1136 636 rem
1145 596 1209 657 nep.
1220 597 1298 638 coru.

200 684 291 748 Ratio
311 693 367 763 est,
382 684 455 768 quia
473 684 618 769 quaelibct
632 683 761 748 facultas
783 684 966 748 considerari
985 692 1086 768 potest
1100 693 1132 748 et
1153 686 1254 770 quoad
1268 686 1300 750 id

199 794 282 879 quod
297 795 390 859 estin
406 815 437 859 ae
455 795 603 875 absolute,
618 805 650 860 et
664 796 766 880 quoad
780 795 814 859 id
832 817 887 880 per
902 795 986 881 quod
999 794 1106 879 recipit
1124 796 1307 860 denomina:

199 904 314 969 tionem
330 906 482 991 potentiae,
492 906 631 971 videlieet
646 918 681 969 ut
696 905 921 971 accidentaliter
931 906 1142 983 terminabilis,
1155 907 1300 991 quemad·

200 1018 325 1081 modum
348 1018 487 1103 superius
505 1019 546 1102 (n.
563 1022 617 1098 29,
633 1021 687 1102 30)
705 1019 805 1083 usum
826 1027 882 1082 est.
929 1018 963 1081 Si
978 1040 1050 1101 ergo
1063 1018 1206 1083 voluntas
1227 1039 1300 1084 con-

200 1127 348 1193 sideretur
369 1129 537 1193 secundnm
552 1152 594 1209 se,
610 1129 704 1193 idest
719 1129 821 1215 quoad
843 1151 908 1193 ease
922 1128 1098 1194 absolutum
1112 1130 1195 1215 quod
1208 1130 1301 1195 babet

199 1238 232 1302 in
261 1239 433 1304 substantia
461 1241 623 1325 spirituali,
652 1240 739 1305 nullo
777 1241 868 1305 modo
898 1264 930 1305 se
959 1242 1095 1305 extendit
1123 1251 1207 1305 extra
1236 1265 1300 1306 rem

200 1350 366 1429 actualiter,
383 1351 436 1415 sed
454 1360 520 1415 tota
542 1352 717 1416 continetur
730 1352 764 1416 iu
785 1352 852 1436 ipsa
867 1372 909 1431 re,
925 1362 956 1416 et
978 1351 1092 1436 inipso
1105 1375 1138 1415 rc
1160 1352 1301 1417 snbstan-

198 1460 312 1525 tialiter
333 1462 521 1546 completura
543 1472 576 1527 et
590 1464 661 1528 licet
676 1486 708 1528 se
722 1462 833 1528 habeat
847 1464 887 1529 ad
909 1464 1034 1528 modum
1049 1474 1135 1529 actus
1155 1465 1246 1549 primi
1261 1466 1300 1530 ad

199 1572 302 1635 omnia
324 1582 489 1657 quaesunt
511 1582 595 1637 extra
617 1597 692 1652 rem,
708 1596 771 1638 non
793 1583 896 1638 tamen
919 1575 1038 1659 indiget
1061 1575 1301 1641 substantialiter

199 1684 344 1771 compleri
365 1676 477 1749 inesse
495 1674 550 1770 per
568 1686 815 1751 terminationem
835 1685 875 1750 ad
889 1685 922 1749 id
942 1686 1026 1771 quod
1045 1698 1093 1751 est
1114 1696 1198 1751 extra
1212 1711 1298 1767 rem;

199 1795 271 1879 quia
284 1796 392 1881 nequit
413 1796 630 1862 accidentalem
650 1806 753 1863 actum
773 1820 895 1882 ponere,
911 1798 986 1882 quin
1005 1798 1196 1883 intelligatur
1217 1822 1300 1864 com·

199 1905 281 1989 plata
296 1907 329 1969 in
345 1928 376 1971 se
390 1907 650 1973 substantialiter:
674 1916 704 1972 et
719 1917 791 1972 ante
806 1908 897 1972 debet
909 1909 1065 1973 terminari
1079 1909 1252 1990 intrinsece,
1265 1920 1301 1975 ut

198 2016 247 2095 sit,
261 2038 353 2101 quam
364 2018 546 2083 terminetur
556 2018 676 2103 agendo
691 2018 730 2083 ad
741 2019 917 2083 extrinseca.
964 2019 1078 2082 sivero
1092 2020 1300 2085 consideretur

199 2127 338 2192 voluutas
365 2129 534 2193 secundum
558 2130 764 2215 operationem
787 2130 826 2195 ad
849 2153 942 2216 quam
965 2130 1039 2195 dicit
1061 2131 1209 2212 ordinem,
1225 2142 1300 2197 tuuc

199 2238 306 2324 utique
325 2241 461 2305 extendit
483 2261 515 2305 se
529 2250 614 2305 extra
628 2264 692 2305 rem
716 2242 932 2325 potentialiter,
947 2252 988 2322 et,
1005 2244 1126 2328 quando
1145 2254 1301 2329 operatur,

199 2351 291 2415 etiam
306 2352 473 2417 actualiter.
519 2354 581 2418 Sed
596 2362 670 2418 tunc
686 2376 747 2418 non
763 2354 865 2439 agitur
880 2354 918 2419 de
932 2354 1088 2420 voluntate
1102 2356 1178 2441 ipsa,
1193 2367 1229 2421 ut
1243 2367 1301 2439 est,

200 2462 253 2527 sed
273 2462 311 2528 de
326 2462 506 2554 habitudine
527 2465 566 2530 ad
581 2465 757 2530 volitiouem
780 2466 1007 2532 accidentalem.
1053 2468 1095 2532 llt
1111 2468 1182 2534 licet
1197 2470 1300 2536 volitio

200 2575 392 2640 accidentalis
414 2586 549 2640 versetur
569 2578 647 2642 circa
668 2577 783 2662 aliquid
806 2578 888 2662 qnod
906 2591 953 2642 est
975 2589 1059 2643 extra
1078 2603 1152 2660 rem,
1177 2582 1300 2648 evidens

199 2694 302 2750 tamen
324 2695 380 2767 est,
397 2687 480 2771 quod
500 2688 564 2752 baec
586 2689 690 2752 volitio
712 2689 906 2752 accidentalis
921 2712 978 2754 nec
999 2701 1045 2754 est
1061 2694 1127 2775 ipsa
1148 2692 1299 2773 voluntas,

199 2818 255 2861 nec
277 2798 343 2862 eius
367 2799 609 2879 constitutivum,
625 2808 656 2863 et
682 2800 764 2884 quod
788 2809 859 2864 ante
880 2823 1004 2864 omnem
1025 2801 1201 2866 volitionern
1226 2808 1300 2890 poni

200 2908 289 2973 debet
310 2909 439 2974 facultas
461 2911 593 2988 volitiva,
612 2934 679 2995 quae
703 2911 781 2974 sicut
804 2911 956 2976 antecedit
980 2934 1103 2975 omnem
1125 2914 1299 2980 volitionem

199 3019 264 3082 eius
279 3021 363 3104 quod
384 3029 430 3084 est
452 3030 537 3086 extra
558 3043 633 3100 ram,
654 3023 698 3086 ita
724 3021 816 3085 babet
840 3045 901 3086 case
922 3022 1130 3106 independens
1155 3025 1194 3088 ab
1215 3028 1300 3091 omni
1396 3048 1399 3053 ·

200 3131 282 3216 quod
303 3141 349 3195 est
372 3142 454 3195 extra
475 3155 548 3196 rem.
594 3133 697 3217 Atque
720 3133 778 3196 boc
802 3141 848 3197 est
871 3132 952 3218 quod
975 3156 1067 3218 supra
1088 3137 1299 3217 ostendimus;

199 3265 308 3328 nempe
323 3251 424 3306 actum
437 3242 675 3307 ,substantialem
692 3244 724 3307 in
740 3266 772 3307 ae
787 3245 973 3329 completum
988 3247 1086 3310 vocari
1101 3247 1298 3331 voluntatem,

198 3377 233 3418 eo
262 3355 344 3440 quod
373 3355 580 3420 consideretur
609 3364 644 3419 ut
674 3355 803 3420 ulterius
832 3356 1020 3441 complebilis
1050 3360 1188 3424 terminis
1221 3363 1299 3426 acci·

200 3466 372 3531 dentalibus
392 3467 577 3531 extrinsecis.
623 3465 668 3530 Ut
692 3467 773 3531 enim
796 3476 842 3530 est
864 3468 993 3531 ulterius
1013 3469 1201 3553 complebilis
1225 3473 1299 3538 dicit
1319 3527 1322 3532 Α

197 3577 386 3662 potentiam:
420 3577 483 3656 sed,
513 3578 584 3642 licet
615 3577 652 3641 ab
682 3588 754 3642 actu
782 3578 971 3657 accidentali,
1001 3580 1040 3644 ad
1069 3603 1161 3665 quem
1190 3592 1236 3647 est
1265 3586 1298 3649 in

198 3687 343 3771 potentia,
363 3687 586 3767 denominetur,
601 3697 783 3752 nontamen
804 3687 842 3752 ab
857 3697 929 3752 actu
949 3689 1127 3754 accidentali
1149 3693 1298 3758 eiusmodi

198 3779 404 3863 constituitur.
451 3799 544 3863 Unde
563 3808 698 3884 apparet,
714 3802 866 3864 entitatem
885 3801 1046 3865 voluntatis
1067 3825 1130 3867 non
1153 3806 1299 3870 constitui

197 3933 251 3993 per
267 3911 324 3974 hoc
339 3911 422 3995 quod
436 3933 468 3974 se
483 3910 626 3975 extendat
641 3911 798 3976 actualiter
813 3912 854 3974 ad
865 3912 899 3974 id
910 3913 990 3994 quod
1001 3921 1046 3976 est
1060 3923 1145 3978 antra
1159 3939 1229 3996 rem,
1243 3941 1297 3982 seu

198 4029 281 4084 extra
299 4021 460 4100 volentem,
478 4021 531 4084 sed
553 4021 713 4086 entitatem
728 4021 894 4085 voluntatis
915 4023 949 4084 in
964 4045 997 4086 se
1019 4022 1157 4088 absolute
1171 4035 1202 4089 et
1225 4029 1296 4093 sub·

198 4133 379 4197 stantialiter
408 4133 606 4197 constitutam
632 4133 777 4218 appellari
806 4135 931 4196 nomine
960 4134 1126 4199 voluntatis
1154 4138 1194 4202 ad
1223 4163 1294 4204 con-

198 4245 348 4312 notandos
369 4245 517 4308 terminos
539 4245 746 4322 accidentales,
774 4243 886 4328 quibus
910 4253 995 4309 actus
1017 4247 1226 4314 substantialis
1248 4264 1294 4315 est

198 4355 326 4420 ulterius
349 4356 558 4422 terminabilis.
605 4357 706 4433 Quare
728 4357 868 4420 voluntas
890 4366 955 4421 tota
980 4358 1137 4424 eutitative
1159 4382 1295 4447 compre-

1067 4489 1086 4531 n
1102 4472 1122 4532 2
