3200 4975
216 390 288 436 cnr.
306 369 347 456 ι]
615 392 657 439 os
673 392 928 441 scernnurreus.
1260 379 1321 445 291

214 556 377 634 actionem,
392 564 447 622 ant
465 557 650 642 passionem,
671 567 725 623 ant
745 557 987 627 multitudinem.
1034 561 1116 627 Nam
1140 563 1325 649 principium

214 667 348 734 activum
371 668 550 735 substantiae
574 668 739 735 materialis
758 690 823 733 non
846 670 934 754 ponit
954 672 1116 753 actionem,
1137 674 1197 739 nisi
1215 676 1325 741 existat

215 777 374 858 terminus,
398 778 432 843 in
453 803 515 865 quo
537 780 644 846 eadem
665 780 745 845 actio
774 779 957 864 recipiatur:
980 782 1034 866 qui
1057 784 1206 850 terminus
1234 786 1324 853 debet

216 912 282 956 esse
296 891 424 958 materia
441 890 619 959 distinctus
639 892 764 959 materia
785 892 918 977 agentis,
939 901 976 957 ut
996 893 1069 959 alibi
1089 904 1246 962 ostensum
1266 907 1323 964 est.

215 1001 311 1072 Nulla
324 1014 426 1068 eutem
442 1013 489 1069 est
503 1004 630 1070 materia
645 1004 789 1073 distincta
802 1027 820 1070 a
834 1004 962 1069 materia
977 1008 1097 1091 agentis
1112 1007 1145 1071 in
1160 1008 1324 1095 hypothesi
1393 1088 1396 1095 y

217 1114 310 1179 unius
338 1124 460 1180 tentum
495 1116 638 1184 elementi
668 1116 838 1183 existentis.
883 1116 963 1183 Item
994 1119 1189 1187 accidentalis
1223 1122 1323 1206 passio

215 1226 323 1311 nequit
345 1227 487 1293 advenire
510 1228 654 1307 materiae,
673 1228 734 1293 nisi
759 1252 813 1313 per
836 1228 985 1295 actionem
1010 1232 1129 1315 egentis
1152 1232 1322 1313 extrinseci,

215 1362 312 1424 quum
327 1338 427 1424 pirssio
442 1340 618 1405 huiusmodi
632 1342 672 1406 sit
691 1341 824 1426 receptio
849 1342 994 1406 motionis
1011 1343 1115 1409 localis
1130 1344 1163 1409 in
1178 1320 1320 1410 determiss

214 1462 319 1520 natam
348 1452 563 1518 directionem:
587 1454 681 1518 unico
708 1462 813 1519 autem
843 1453 994 1519 existente
1023 1456 1184 1535 elemento,
1213 1458 1321 1541 nequit

214 1563 349 1649 imprimi
384 1565 510 1629 directio
543 1575 656 1645 motus,
691 1587 788 1651 quum
824 1566 949 1632 directio
984 1568 1084 1652 exigat
1115 1568 1177 1633 duo
1205 1577 1322 1653 puncta

215 1676 368 1754 onducto,
392 1700 490 1743 ιιιιιιιιι
513 1678 547 1744 in
570 1686 722 1757 movente,
742 1676 826 1745 eliud
844 1678 987 1745 inmoto.
1033 1680 1170 1749 Tandem
1194 1680 1321 1745 actualis

215 1787 382 1855 multitudo
396 1789 482 1854 nulla
496 1798 553 1868 est,
568 1789 624 1855 ubi
636 1789 767 1856 habetur
782 1789 846 1856 sola
861 1791 976 1855 unitas.

258 1904 289 1966 5.
311 1901 458 1965 Attamen
473 1900 507 1965 in
520 1901 628 1967 codem
642 1900 733 1967 unico
752 1901 912 1981 elemento,
928 1902 953 1967 si
971 1911 1088 1969 attente
1108 1903 1319 1988 inspiciamus,-

214 2010 273 2076 alia
287 2011 346 2078 tria
359 2012 568 2078 inveniemus:
592 2016 625 2077 1ο
639 2011 723 2097 quod
742 2012 782 2077 sit
800 2014 959 2079 submotum
981 2015 1147 2081 derelictus
1161 2015 1318 2085 virtualis:

215 2125 251 2186 2⁰
264 2122 345 2207 quod
361 2123 401 2189 sit
416 2126 555 2189 luminae
572 2126 749 2189 extensionis
763 2123 918 2189 virtualis:
942 2126 978 2189 3Ω
992 2124 1076 2209 quod
1092 2125 1131 2189 sit
1139 2128 1320 2210 princepicm

215 2234 349 2298 ueritatis.
393 2233 532 2301 Primum
554 2234 696 2299 convenit
718 2234 870 2299 elemento
893 2234 1011 2302 ratione
1032 2244 1129 2314 sotus,
1151 2260 1206 2321 per
1227 2260 1319 2322 quem

215 2346 411 2413 constituitur
430 2349 462 2411 in
480 2347 669 2430 quondeitate
689 2346 822 2410 elmlatc
841 2354 871 2409 et
885 2346 1053 2410 intrinseca.
1101 2345 1277 2411 Secundum
1292 2346 1320 2412 ei

214 2457 354 2523 convenit
368 2459 486 2524 ratione
502 2458 646 2536 meteriae,
666 2480 726 2543 qus
745 2456 944 2548 constituitur
958 2460 990 2522 in
1004 2458 1171 2523 stitutione
1185 2459 1320 2529 absolue

213 2579 243 2638 el
264 2574 433 2639 intricracce.
477 2570 615 2637 Tertium
637 2569 667 2634 ei
688 2569 830 2635 convenit
859 2569 976 2641 ratione
1004 2570 1137 2640 materiae
1159 2580 1190 2634 ct
1211 2570 1318 2648 formae

214 2682 315 2768 simul,
330 2692 366 2749 ut
381 2681 567 2766 exigentium
583 2681 745 2746 coexistere
759 2681 793 2744 in
807 2680 914 2744 eodem
932 2681 1046 2765 woodo
1061 2689 1092 2745 et
1108 2680 1219 2746 habere
1233 2683 1316 2750 idern

213 2795 273 2871 sni,
285 2793 397 2879 quibus
411 2793 609 2863 constituitur
623 2793 732 2856 intima
746 2793 907 2878 praesentia
920 2801 952 2858 et
963 2794 1186 2864 coineeieterrtie
1201 2795 1315 2864 utrius-

215 2927 275 2990 que
289 2904 448 2990 eompleta,
467 2904 645 2985 necessaria,
665 2913 698 2970 et
718 2903 937 2983 immutabilis3
959 2904 1043 2990 quod
1065 2913 1112 2969 est
1134 2905 1319 2976 constituere

216 3016 376 3083 unitatem.
430 3017 506 3081 Haec
534 3025 637 3081 autem
667 3016 735 3095 tria,
764 3038 875 3102 nempe
904 3017 1020 3100 quando
1054 3015 1238 3097 absolutum,
1268 3018 1319 3085 cti

214 3129 400 3209 absolutum,
415 3131 591 3213 cmupiratio
611 3131 644 3192 in
661 3151 751 3195 unum
772 3128 957 3207 absolutum,
973 3149 1036 3192 non
1052 3136 1124 3192 sunt
1139 3129 1316 3209 occidentia,

214 3241 268 3306 sed
282 3241 430 3306 attributa
444 3240 615 3306 essentialia
634 3240 813 3305 substantiae
832 3248 863 3304 et
881 3239 1082 3304 fundamenta
1103 3240 1315 3320 accidentium,

213 3363 250 3418 ιιι
264 3352 369 3419 statim
384 3352 612 3418 declarabimus.

257 3466 300 3538 Et
323 3465 432 3551 primo,
458 3488 554 3550 quum
580 3465 679 3530 forma
706 3466 751 3530 rei
779 3463 943 3531 materialis
972 3453 1104 3549 nequeat
1130 3464 1256 3530 existere
1281 3465 1314 3530 in

210 3601 312 3643 rorum
341 3588 461 3659 natura,
485 3577 561 3663 quin
590 3584 693 3641 actuet
721 3576 888 3655 materiam,
913 3584 996 3643 tunc.
1005 3578 1104 3660 primo
1133 3575 1316 3661 intelligitur

211 3693 309 3756 forma
337 3713 403 3754 erse
431 3684 549 3775 aliquid
576 3689 666 3768 reale,
696 3689 811 3773 quando
840 3696 943 3768 actust
972 3709 1060 3750 susm
1089 3687 1257 3768 maurium,
1284 3697 1316 3752 et

212 3801 332 3874 tamdiu
360 3801 497 3881 existere,
532 3799 680 3885 quamdiu
705 3779 792 3863 ⁴illem
822 3806 935 3863 actust.
982 3797 1051 3861 Hoc
1080 3797 1189 3885 posito,
1219 3821 1316 3883 quum

210 3913 326 3998 wando
341 3911 526 3983 accidentale
540 3933 593 3977 seu
608 3909 769 3974 relativum
784 3908 825 3972 ιιι
840 3907 968 3992 quilibet
987 3907 1138 3972 terminus
1158 3909 1314 3993 temporis,

211 4048 265 4091 seu
287 4025 413 4109 signum
433 4022 621 4102 aeternitatis,
637 4021 670 4085 in
685 4043 747 4106 qno
764 4029 851 4086 aotns
873 4019 1067 4088 accidentalis
1087 4019 1253 4106 procedens
1276 4019 1314 4084 ab

210 4138 364 4203 activiteto
385 4136 490 4203 formae
511 4135 564 4200 dat
586 4133 676 4199 alicui
702 4133 836 4200 materiae
858 4155 922 4197 esse
945 4133 1138 4212 accidentale,
1161 4132 1246 4217 quod
1268 4141 1315 4197 est

209 4250 334 4332 moveri,
357 4255 577 4335 consequenter
598 4247 713 4332 qucrrdo
735 4245 921 4325 absolutum,
942 4269 996 4310 seu
1013 4245 1110 4331 ipsius
1126 4244 1313 4324 substantiae,

210 4361 268 4425 erit
290 4360 440 4424 terminus
463 4358 642 4437 durationis,
665 4376 720 4422 seu
742 4359 867 4442 signnm
890 4356 1078 4436 aetemitetis‚
1099 4356 1132 4426 in
1152 4366 1314 4440 quoactus

1082 4488 1104 4532 u
1119 4471 1139 4532 2
