3200 4975
170 413 177 428 -
233 394 301 439 cnr.
320 376 375 459 ru]
556 401 598 443 na
614 401 818 446 sunsranma
834 404 1032 449 mmmmm.
1292 389 1335 452 37

231 562 354 628 evidens
376 573 442 644 est3
465 566 538 651 quia
563 578 727 653 autequam
751 569 923 634 substantia
951 570 1118 655 spiritualis
1147 569 1334 653 concipiatur

230 675 342 741 habere
363 677 507 743 virtutem
530 679 757 760 intellectivam,
779 682 968 766 impossibile
989 689 1036 746 est
1055 703 1167 766 ponere
1184 681 1333 745 actionem

230 788 446 855 intellectivam
469 800 501 856 et
522 794 726 877 receptionem
755 794 875 880 speciei,
900 804 931 858 et
954 794 1104 859 actionem
1127 792 1280 857 volitivam
1304 801 1335 856 et

231 902 334 966 omnia
362 902 431 969 alia.
483 903 567 990 Ergo
596 905 623 969 si
651 905 696 971 vis
730 905 924 992 intelligendi
945 916 1002 971 'est
1031 906 1077 970 vis
1110 904 1335 970 accidentaliter

231 1021 361 1099 recepta,
385 1015 479 1100 recipi
503 1015 593 1080 debet
622 1026 694 1083 aute
722 1040 814 1083 omne
842 1018 927 1083 aliud
955 1018 1094 1083 accidens
1123 1016 1333 1101 intelligentia.

232 1124 333 1193 Maior
347 1134 449 1192 autem
465 1136 603 1207 coustat3
626 1128 698 1213 quia
718 1129 869 1214 quidquid
892 1130 1046 1217 recipitur,
1068 1129 1168 1215 primo
1189 1128 1335 1213 recipitur

231 1258 286 1321 per
308 1236 458 1302 actualem
487 1239 658 1323 passionem
668 1266 678 1319 ς
701 1262 764 1305 nou
793 1262 867 1325 ergo
895 1242 1040 1328 recipitur
1068 1234 1107 1307 ut'
1132 1240 1280 1328 qualitas:
1303 1248 1334 1304 et

231 1348 329 1413 multo
344 1350 448 1415 minus
461 1359 498 1415 ut
516 1350 648 1437 qualitas
670 1354 777 1432 activa,
800 1376 897 1439 qaum
917 1374 954 1419 ex
970 1355 1109 1439 passione
1125 1354 1164 1418 ad
1178 1374 1332 1417 summum

231 1461 377 1546 consequi
409 1461 507 1547 possit
540 1462 672 1547 qualitas
704 1466 833 1549 passiva.
880 1465 914 1530 si
942 1474 1043 1531 autem
1074 1465 1119 1529 vis
1151 1463 1335 1529 intellectiva

232 1567 354 1638 deberet
376 1573 478 1659 iecipi‚
500 1573 593 1660 recipi
616 1573 738 1639 deberet
763 1575 893 1659 qualitas
915 1576 1021 1643 activa.
1065 1579 1110 1640 4⁰.
1134 1574 1265 1640 Nullum
1287 1582 1334 1637 est

232 1683 403 1749 subiectum
424 1685 517 1750 huius
539 1686 712 1771 qualitatis;
735 1709 809 1772 ergo
830 1688 876 1752 vis
896 1687 1080 1753 intellectiva
1102 1709 1164 1751 non
1186 1697 1234 1752 est
1255 1686 1333 1750 acci·

231 1795 307 1859 dens
321 1796 485 1881 qualitatis.
532 1786 622 1863 Prob.
638 1808 701 1863 ant.
747 1799 816 1864 Hoc
836 1799 1006 1865 subiectum
1021 1822 1087 1866 non
1101 1807 1148 1864 est
1161 1798 1335 1863 intellectus

232 1930 337 1992 agens,
360 1908 414 1995 qui
428 1931 490 1974 uon
511 1921 558 1975 est
577 1912 764 1997 receptivum
787 1934 844 1976 nee
865 1921 913 1976 est
934 1911 1106 1977 intellectus
1127 1911 1257 1996 patiens,
1280 1910 1335 1995 qui

232 2030 358 2085 nonest
373 2022 542 2106 receptivas
551 2023 612 2088 nisi
620 2032 745 2088 actuum
756 2023 1004 2089 accidentalium:
1027 2025 1165 2109 potentia
1178 2032 1281 2087 autem
1296 2022 1336 2085 ad

233 2139 319 2197 actus
333 2133 532 2199 accidentales
546 2135 698 2201 antecedit
713 2157 820 2200 omnes
834 2147 921 2200 actus
935 2159 998 2201 suae
1012 2137 1132 2221 speciei.
1178 2136 1244 2199 Nec
1253 2134 1335 2199 dicas

232 2243 404 2309 subiectum
426 2268 491 2311 esse
514 2245 612 2332 ipsam
642 2246 844 2311 substantiam
874 2247 1081 2333 spiritualem:
1103 2247 1176 2332 quia
1200 2246 1275 2324 haec,
1299 2255 1335 2309 ut

231 2365 328 2435 actus,
351 2378 414 2421 uon
436 2368 482 2422 est
506 2359 665 2444 receptiva,
689 2370 725 2423 ut
747 2382 818 2423 vero
839 2370 886 2423 est
908 2359 940 2423 in
962 2360 1109 2444 potentia,
1125 2367 1172 2424 est
1186 2358 1335 2443 receptiva

233 2476 319 2535 actus
334 2470 527 2536 accidentalis
542 2495 596 2556 per
605 2470 732 2536 modurn
743 2472 892 2558 passionis
902 2472 1042 2538 actualis:
1058 2495 1124 2538 esse
1135 2452 1239 2537 aulem
1253 2494 1334 2536 rece-

233 2582 353 2665 ptivum
362 2593 448 2647 actas
458 2583 651 2648 accidentalis
662 2605 725 2648 non
741 2592 787 2648 est
802 2607 868 2649 esse
882 2586 1068 2670 receptivum
1084 2585 1206 2649 virtutis
1221 2586 1334 2648 activa.

234 2693 318 2758 Hinc
332 2716 388 2759 uec
402 2694 441 2759 de
455 2694 614 2760 intellectu
628 2718 684 2761 uec
700 2695 738 2760 de
754 2696 911 2761 voluntate
925 2697 986 2761 dici
1000 2706 1111 2780 potest,
1127 2697 1210 2781 quod
1225 2696 1288 2758 rint
1302 2697 1335 2758 in

148 2873 159 2894 ⁸
232 2807 342 2890 spiritu
353 2815 510 2893 nmquam
519 2807 687 2873 accidentia
698 2808 730 2871 in
742 2807 888 2872 subiecto.
933 2807 1026 2886 Quod
1035 2808 1061 2872 si
1070 2807 1193 2893 quaudo
1205 2807 1334 2872 dicimus

233 2918 404 2983 subiectum
418 2919 591 2984 intellectus
603 2919 651 2984 vel
661 2920 828 2985 voluntatis
839 2941 905 2984 esse
916 2920 1118 2985 substantiam
1135 2918 1333 3004 spiritualem,

233 3052 296 3095 non
311 3030 512 3114 intelligimus
527 3031 699 3096 subiectum
713 3031 909 3112 inhaerentiae,
925 3030 978 3096 sed
993 3030 1212 3110 attributionis,
1227 3038 1258 3094 et
1277 3052 1335 3095 vox

232 3143 391 3206 subiectam
401 3142 548 3228 accipitur
558 3142 665 3226 logice,
675 3151 832 3226 tamquam
842 3142 885 3221 id,
895 3141 933 3207 de
942 3164 1003 3226 quo
1012 3141 1128 3225 aliquid
1142 3139 1332 3226 predicatur.

233 3253 367 3319 Possunt
381 3263 483 3319 autem
498 3254 654 3340 praedicari
665 3255 702 3319 de
717 3255 820 3339 aliquo
831 3262 899 3318 tum
911 3277 966 3318 sua
974 3254 1179 3333 accidentalia,
1195 3264 1263 3317 tum
1279 3276 1335 3317 sua

232 3367 414 3431 essentialia.
459 3369 503 3431 5⁰.
526 3368 624 3432 Actus
639 3367 833 3432 accidentalis
847 3367 1039 3452 intelligendi
1053 3377 1100 3431 est
1115 3367 1148 3430 in
1163 3366 1335 3432 substantia

233 3478 393 3562 spirituali,
402 3479 601 3563 tamquamin
613 3479 758 3544 subiecto.
804 3480 901 3564 Atqui
912 3502 974 3544 non
985 3488 1065 3544 esset
1079 3478 1112 3542 in
1127 3501 1163 3543 ea
1174 3487 1209 3543 ut
1219 3479 1253 3543 in
1262 3478 1334 3543 sub·

233 3589 320 3670 iectu,
333 3591 360 3654 si
370 3590 467 3655 virtus
481 3591 676 3671 intellectiva,
691 3613 759 3676 quae
772 3592 954 3656 terminatur
968 3590 1008 3655 ad
1022 3591 1174 3656 obiectum
1188 3591 1222 3655 in
1237 3592 1335 3676 specie

233 3723 375 3786 presens,
396 3724 459 3766 non
479 3712 559 3766 esset
578 3702 798 3767 substantialis.
842 3703 926 3788 Ergo
940 3703 985 3767 vis
1004 3701 1187 3767 intellectiva
1201 3711 1248 3767 est
1262 3704 1335 3766 sub·

233 3814 393 3892 stantialis,
416 3837 478 3879 non
500 3814 702 3880 accidentalis.
748 3815 854 3879 Minor
875 3824 978 3900 patet,
1000 3837 1073 3878 nam
1100 3815 1212 3900 species
1233 3823 1280 3879 est
1302 3815 1334 3879 in

233 3935 436 4010 cognoscente
450 3937 485 3991 ut
500 3927 532 3990 in
547 3927 702 3992 subiectos
725 3926 751 3990 si
766 3948 840 4010 ergo
850 3926 895 3990 vis
910 3926 1114 4011 cognoscitiva
1128 3935 1175 3990 est
1190 3926 1335 3991 distincta

233 4059 251 4101 a
266 4037 437 4103 substantia
451 4047 487 4102 ut
501 4038 640 4103 accidens
659 4039 735 4117 eins,
756 4038 871 4122 species
884 4038 942 4101 erit
956 4039 989 4102 in
1004 4037 1158 4102 accidente
1177 4047 1334 4122 tamquam

233 4147 266 4212 in
276 4149 429 4214 subiecto:
451 4160 482 4214 et
491 4149 535 4214 sic
548 4150 613 4234 ipse
628 4157 714 4214 actus
729 4149 953 4233 cognoscitivus
967 4172 1030 4214 non
1044 4149 1102 4213 erit
1115 4149 1148 4213 in
1164 4148 1336 4214 substantia

234 4259 384 4344 spirituali
398 4271 431 4325 ut
444 4262 475 4325 in
485 4262 629 4326 subiecto.
668 4261 714 4324 Ex
729 4261 841 4346 quibus
854 4261 998 4325 omuibus
1012 4262 1179 4339 conficitur,
1190 4262 1333 4325 virtutem

234 4373 362 4437 activam
384 4373 578 4458 primitivam,
602 4395 670 4457 quae
692 4373 793 4437 estin
816 4373 987 4438 substantia
1009 4373 1150 4458 simplici,
1171 4395 1234 4437 nou
1248 4394 1337 4456 posse
