3200 4975
223 381 292 425 car.
309 362 382 445 uu]
616 383 659 425 nr
674 382 927 426 aceraruuraus.
1262 362 1326 424 383

222 547 360 613 eamdem
382 569 510 612 nurnero
530 548 592 613 vim
613 548 743 613 feriendi
763 548 879 629 oculos,
898 547 1045 632 palatum,
1061 554 1092 611 et
1112 542 1187 611 ahos
1207 566 1325 623 seusus,

222 658 362 723 eamdem
382 680 513 723 numero
535 658 735 723 eohaesionem
757 658 902 743 partium,
917 657 1057 723 eamdem
1073 677 1200 721 numero
1223 654 1324 719 distri·

222 769 381 835 butionem
389 770 429 833 ⁴in
443 770 550 835 ordine
563 770 604 834 ad
620 771 764 855 spatium,
776 771 914 835 eamdem
926 768 1133 854 passivitatem
1142 767 1326 851 receptivam

223 889 336 961 motus,
351 881 488 946 eamdem
511 882 754 966 gravitationem,
770 904 826 947 seu
847 881 928 945 idem
950 880 1083 965 pondus,
1106 878 1244 943 eamdem
1265 877 1326 942 fra·

222 991 383 1075 gilitatem‚
398 991 612 1076 liquiditatem,
624 1000 683 1055 etc.
727 991 851 1056 Debent
865 1014 939 1076 ergo
954 1013 1076 1061 manere
1090 991 1193 1057 creden
1206 1011 1325 1053 nomam

222 1105 299 1167 vinca
312 1105 415 1167 activa
428 1124 464 1166 ac
472 1104 599 1185 passiva
612 1125 678 1167 acm
694 1104 794 1167 earlcrn
810 1124 928 1167 numero
949 1102 1164 1185 compositionis
1181 1101 1328 1165 nataralia

215 1216 328 1297 sonmo.
375 1213 444 1278 Hoc
473 1221 576 1277 autem
605 1222 653 1277 est
682 1213 791 1293 dicere,
816 1213 926 1278 debere
951 1232 1135 1278 anuauuan
1164 1231 1324 1276 urrunnu

222 1325 311 1408 panis
332 1324 451 1403 etvini,
474 1344 690 1390 rnausruurn
712 1343 938 1388 suasuruura:
961 1324 994 1387 in
1017 1344 1078 1407 quo
1100 1322 1238 1387 consistit
1259 1345 1325 1408 my-

223 1436 307 1500 sterii
322 1435 494 1500 difficultas.
1120 1491 1122 1501 ι

266 1545 397 1629 Antiqui
422 1544 559 1630 theologi
582 1553 719 1609 naturam
740 1544 827 1609 illam
848 1544 987 1629 paniset
1001 1543 1065 1609 vini
1079 1544 1327 1609 srcbstantialitate

222 1678 277 1720 nan
291 1657 448 1741 spoliatam
462 1655 603 1719 dixerunt
618 1678 682 1719 esse
696 1665 765 1720 tum
778 1658 1053 1739 proticiscentem
1063 1677 1160 1719 omnes
1170 1655 1328 1739 qualitates

218 1768 308 1849 panis
318 1774 353 1831 at·
361 1768 423 1829 nini
436 1767 547 1849 inipso
562 1769 727 1853 quantitate
741 1767 899 1847 radicatas,
912 1776 941 1831 et
952 1767 1114 1849 quantitati
1122 1768 1240 1831 inanes
1250 1774 1326 1830 tam·
1384 1781 1386 1785 ·

224 1900 311 1960 paam
331 1898 384 1940 rao
400 1878 540 1960 proaimo
560 1879 699 1942 wbiecto.
743 1877 812 1942 Hoc
835 1885 937 1943 autem
960 1878 1072 1962 ipsum,
1087 1876 1126 1941 ad
1143 1876 1325 1941 minuendas

223 1986 417 2052 difficultates
438 2010 475 2052 eu
495 1987 622 2074 physica
644 1996 676 2052 et
696 1989 904 2076 metaphysica
926 1996 1133 2073 exsurgentes,
1151 1987 1195 2053 sic
1216 1988 1325 2073 exponi

222 2122 311 2183 posse
325 2098 456 2162 videtur.

268 2210 360 2274 Ratio
374 2208 554 2275 substantia
567 2216 613 2273 est
628 2230 689 2273 erac
699 2212 732 2274 in
745 2231 785 2289 ae,
800 2208 881 2274 sicut
895 2210 972 2275 ratio
987 2231 1124 2294 personae
1137 2217 1184 2275 eat
1199 2231 1259 2275 caer
1267 2232 1325 2294 per

222 2343 254 2385 ae
274 2320 308 2384 in
329 2343 422 2385 sensu
441 2320 517 2385 alibi
538 2320 694 2405 explicato.
741 2320 918 2406 Utrumque
939 2329 1043 2387 autem
1064 2329 1209 2389 connotat
1229 2343 1323 2405 nega-

221 2433 346 2512 tionem,
362 2432 470 2503 saltem
489 2433 524 2496 in
543 2432 636 2498 rebus
655 2431 781 2498 creatis:
803 2454 877 2497 nam
895 2454 960 2498 esse
968 2454 1026 2517 per
1045 2454 1078 2501 aa
1094 2432 1168 2500 (licit
1182 2440 1323 2498 naturam

222 2544 405 2629 completam
434 2547 492 2609 sibi
519 2544 662 2622 relictam,
691 2544 737 2608 ita
765 2552 801 2608 ut
831 2545 1090 2629 complementum
1122 2544 1323 2610 intrinsecum

222 2665 341 2721 naturae
356 2656 397 2718 sit
409 2657 544 2719 nltimam
554 2654 813 2740 complementum
823 2654 917 2721 illius.
950 2655 1029 2723 Vide
1040 2678 1142 2742 supra,
1152 2655 1190 2720 de
1201 2656 1325 2720 homine

223 2770 323 2832 n..17.
370 2765 517 2830 Similiter
538 2787 599 2830 erae
619 2769 653 2829 in
672 2788 705 2830 ae
721 2774 768 2830 est
787 2766 914 2834 existere
928 2769 1037 2852 absque
1050 2768 1110 2832 allo
1124 2775 1306 2834 sustentante
1314 2794 1324 2847 ;

223 2899 287 2941 non
310 2875 394 2963 quod
420 2898 475 2940 ens
499 2875 532 2940 in
555 2898 587 2940 se
610 2875 651 2940 sit
673 2877 798 2960 negatio
827 2878 918 2960 (sicut
935 2901 992 2944 nea
1014 2901 1079 2945 esse
1099 2901 1259 2963 personam
1278 2887 1325 2944 est

223 2987 374 3086 negatio),
384 2987 438 3052 sed
453 2986 526 3073 quia
539 2986 618 3051 illud
631 2987 807 3072 positivum,
823 2988 860 3053 de
875 3011 938 3073 quo
953 2988 1065 3055 dicitur
1078 2988 1162 3075 qnod
1175 2998 1223 3054 est
1236 2989 1270 3054 iu
1282 3012 1324 3068 se,

223 3101 284 3164 iam
299 3122 362 3164 non
376 3108 456 3164 esset
470 3099 504 3163 in
519 3121 561 3178 ae,
578 3098 696 3163 sisorte
710 3102 747 3164 aa
761 3100 821 3164 alio
837 3108 1080 3168 sustentaretur:
1103 3123 1196 3187 quare
1218 3124 1278 3166 csse
1293 3104 1325 3166 in

202 3200 254 3276 ¹ac
277 3208 474 3275 materialiter
500 3216 658 3294 sumptum
684 3217 732 3274 est
757 3209 874 3294 aliquid
896 3209 1072 3296 positivum,
1087 3211 1142 3275 sed
1158 3210 1325 3276 formaliter

223 3330 382 3406 sumptum
400 3321 475 3385 dicit
496 3320 711 3404 negationem:
733 3331 766 3384 et
787 3321 866 3386 sicut
886 3321 1144 3406 complementum
1158 3323 1323 3407 positivum

221 3443 340 3498 naturae
353 3455 416 3496 non
431 3431 591 3497 constituit
605 3453 766 3516 persam
780 3431 841 3497 nisi
860 3439 953 3517 prout
971 3431 1064 3498 habet
1086 3433 1272 3498 ultimitatem
1290 3435 1323 3498 in

221 3544 412 3630 complendo,
436 3566 490 3620 seu
512 3553 604 3627 prout
622 3551 711 3628 nepot
731 3543 859 3608 ulterius
879 3542 1148 3628 complementum,
1171 3545 1214 3610 ita
1231 3546 1323 3612 etiam

222 3655 300 3719 ratio
313 3654 444 3740 positiva
457 3654 580 3720 essendi
594 3676 658 3718 non
672 3653 834 3720 constituit
849 3653 1052 3722 substantiam
1067 3655 1128 3722 nisi
1143 3666 1234 3741 prout
1247 3657 1324 3742 ipsa,

222 3787 292 3850 quae
310 3772 462 3830 sustentat
480 3765 549 3845 alia,
564 3772 611 3829 est
622 3766 754 3849 pnmam
773 3773 959 3845 sustentans,
974 3775 1006 3832 et
1028 3789 1047 3832 a
1066 3766 1187 3832 nemine
1203 3779 1323 3834 susten·

222 3882 315 3953 tatur,
327 3895 382 3938 seu
391 3883 483 3957 prout
490 3883 578 3958 nepot
587 3881 811 3939 smtentautem
824 3875 881 3938 sui.
928 3875 1011 3940 Hinc
1019 3872 1123 3941 licebit
1134 3899 1171 3942 ex
1179 3879 1324 3964 mysterio

223 3983 448 4052 Incarnatiouis
470 3984 509 4048 ad
527 3983 746 4050 illustrandum
761 3985 961 4052 Eucharistiae
983 3987 1163 4074 mysterium
1182 3988 1322 4073 quaedam

221 4096 395 4173 transferre,
411 4093 514 4159 divina
528 4094 639 4159 divinis
654 4096 868 4181 comparando.
912 4097 994 4163 Nam
1008 4121 1044 4164 cx
1058 4098 1148 4163 dictis
1162 4100 1240 4164 ratio
1256 4123 1322 4186 per·

223 4231 305 4272 some
318 4216 365 4272 est
379 4229 440 4272 erac
448 4229 506 4290 par
518 4228 570 4270 se:
593 4216 624 4271 et
638 4215 748 4272 natura
762 4208 897 4274 humana
917 4210 1067 4295 completa
1090 4232 1157 4275 s1n1
1182 4233 1323 4292 nuurcua

225 4320 402 4384 naturaliter
426 4327 470 4384 eat
490 4341 626 4402 persona.
674 4319 734 4382 Seri
758 4319 783 4383 si
813 4319 945 4384 Persona
968 4321 1061 4387 Verbi
1083 4332 1217 4387 assumat
1240 4324 1321 4390 illam
