3200 4975
271 308 313 371 68
589 330 630 373 ua
647 296 845 374 sussrarirrs
860 328 1059 373 srrarruanr.
1232 308 1317 391 [car.
1335 326 1375 368 rr.
1403 318 1406 324 '

272 491 402 556 debeant
417 493 511 577 accipi
527 493 584 557 snb
599 516 702 558 earum
719 494 904 558 lormalitate
917 495 1081 579 praecisiva‚
1098 494 1152 558 sed
1167 494 1373 571 materialiter,

271 612 302 667 et
316 626 371 688 per
385 605 510 669 modum
526 606 618 669 unius
632 605 723 690 primi
739 616 825 669 actus
840 606 961 686 vitalis3
984 606 1142 690 quiavelle
1157 614 1188 669 et
1202 605 1375 687 intelligere

272 736 335 778 non
347 724 393 779 est
408 716 574 780 formaliter
583 738 702 781 movere
713 739 834 801 corpus.
880 716 983 793 Quare
991 718 1089 781 virtus
1105 718 1218 781 motiva
1226 715 1265 780 ad
1279 725 1374 793 extra,

273 848 341 910 quae
363 835 409 889 est
427 826 460 889 in
485 826 651 909 spiritibus,
666 835 713 891 est
735 827 837 912 ipsum
858 828 1045 912 principium
1067 828 1166 905 vitale,
1182 835 1218 890 ut
1233 826 1271 890 sd
1284 837 1376 889 'extra

274 936 479 1020 operativum:
502 946 533 999 et
556 937 634 1000 sicut
657 938 754 1001 forma
777 938 942 1001 materialis
967 948 1013 1002 est
1037 938 1103 1022 ipsa
1124 938 1170 1001 vis
1192 938 1297 1013 activa,
1322 937 1376 999 sed

275 1047 386 1110 dicitur
407 1047 504 1110 forma
526 1047 564 1111 ab
585 1048 788 1127 informando,
804 1058 835 1112 et
855 1050 900 1113 vis
921 1049 959 1113 ab
979 1049 1109 1132 agendo,
1130 1050 1173 1112 ita
1196 1057 1281 1112 actus
1301 1046 1375 1110 sub-

275 1158 425 1221 stantialis
449 1158 625 1244 sdaequatus
640 1160 812 1243 spirituum
835 1168 881 1225 est
903 1160 971 1244 ipsa
993 1183 1099 1224 eorum
1117 1161 1162 1223 vis
1185 1160 1306 1235 motiva,
1323 1158 1377 1221 sed

275 1269 390 1333 dicitur
401 1281 487 1334 actus
502 1271 601 1335 vitalis
616 1295 634 1335 a
648 1272 787 1351 vivendo,
804 1282 835 1336 et
850 1274 894 1336 vis
911 1274 1023 1336 motiva
1037 1272 1228 1336 amovendo.

319 1384 371 1443 53.
395 1382 497 1465 Atque
519 1382 568 1445 hic
595 1382 777 1461 notandum,
798 1383 882 1468 quod
905 1384 949 1448 vis
972 1384 1161 1460 loeomotiva,
1182 1404 1251 1465 quae
1273 1390 1318 1444 est
1341 1382 1377 1451 ¹iu

276 1493 411 1572 materia,
434 1494 526 1557 habet
551 1494 782 1558 determinatam
806 1495 1015 1559 intensitatem
1039 1494 1283 1571 substantialem,
1310 1516 1378 1576 quae

275 1605 389 1689 pendet
415 1605 453 1669 ab
476 1607 604 1670 entitate
626 1605 740 1685 formae,
755 1618 792 1671 ut
819 1607 960 1685 diximus,
975 1617 1006 1671 et
1028 1606 1120 1670 babet
1147 1606 1377 1670 determinatam

274 1718 482 1781 intensitatem
506 1717 722 1782 accidentalem
747 1719 781 1781 in
808 1719 937 1802 agendo,
964 1741 1032 1803 qnae
1057 1718 1170 1803 pendet
1193 1741 1212 1781 a
1234 1717 1380 1780 distantia

275 1830 448 1913 recipientis
465 1840 601 1894 motum:
625 1840 655 1894 et
671 1832 797 1915 iusuper
811 1832 903 1895 habet
925 1832 1050 1917 physice
1068 1831 1214 1895 diversam
1238 1830 1377 1914 speciem,

277 1941 308 2005 id
324 1951 370 2005 est
385 1942 668 2006 determinationem
684 1944 732 2007 vel
746 1944 786 2006 ad
801 1943 1018 2007 attrahendum
1034 1942 1081 2006 vel
1096 1943 1134 2006 ad
1150 1941 1379 2026 repellendum:

277 2062 307 2117 et
330 2063 474 2137 praeterea
496 2053 727 2117 determinatam
754 2054 963 2133 directionem,
990 2053 1023 2117 id
1048 2065 1094 2117 est
1119 2053 1332 2138 procedentem
1362 2075 1380 2115 a

278 2166 404 2228 materia
433 2166 552 2249 agentis
582 2165 621 2229 ad
646 2166 806 2229 materiam
834 2166 925 2250 passi.
972 2165 1088 2229 Contra
1116 2164 1161 2228 vis
1191 2164 1379 2240 loeomotiva,

278 2297 370 2358 quam
385 2275 477 2339 babet
493 2275 617 2359 spiritus
633 2276 725 2340 relate
740 2277 779 2339 ad
799 2298 935 2360 corpora,
951 2274 1042 2339 babet
1057 2276 1089 2338 in
1105 2298 1161 2338 sua
1181 2275 1383 2359 applicatione
1480 2284 1483 2289 “

278 2385 497 2462 intensitatem,
519 2386 659 2469 speciem,
679 2386 877 2449 directionem
901 2386 1067 2450 subiectam
1089 2386 1249 2464 voluntati,
1269 2394 1301 2448 et
1325 2408 1382 2469 pro

280 2497 404 2560 arbitrio
430 2496 702 2575 determinabilem,
721 2498 826 2562 saltem
853 2499 933 2561 iutra
958 2498 1026 2561 illos
1049 2498 1161 2560 limites
1185 2497 1380 2574 intensitatis,

280 2607 333 2690 qui
355 2607 539 2691 respondent
562 2607 615 2670 tali
638 2609 702 2671 enti
720 2609 842 2672 virtutis
863 2609 968 2672 finitae.
1013 2609 1054 2670 Et
1076 2609 1153 2671 ratio
1176 2617 1231 2684 est,
1248 2608 1319 2690 quia
1337 2608 1381 2671 vis

279 2718 392 2783 motiva
406 2719 438 2781 in
454 2719 563 2802 spiritu
578 2740 640 2781 non
655 2727 702 2782 est
717 2719 754 2781 de
770 2742 802 2782 se
817 2710 994 2795 formaliter,
1007 2719 1060 2783 sed
1075 2720 1244 2782 eminenter
1258 2721 1381 2797 motiva,

281 2854 377 2915 quum
400 2831 439 2894 sit
454 2831 556 2915 ipsum
579 2830 762 2914 principium
777 2830 916 2894 vitalium
940 2831 1161 2914 operationum,
1177 2853 1245 2914 quae
1267 2830 1382 2894 altioris

281 2942 396 3006 ordinis
426 2951 508 3020 sunt,
539 2963 630 3025 quam
661 2941 796 3025 operatio
826 2941 1004 3024 simpliciter
1035 2941 1224 3004 loeomotiva.
1279 2941 1381 3017 Unde,

281 3053 403 3139 quando
419 3053 543 3137 spiritns
558 3052 623 3116 vult
639 3075 758 3116 movere
774 3073 909 3136 corpora,
926 3075 989 3115 non
1004 3052 1123 3134 indiget
1141 3053 1200 3116 nisi
1215 3061 1383 3136 temperare

282 3175 313 3228 et
340 3163 564 3248 quodammodo
589 3164 817 3227 accommodare
839 3165 983 3227 virtutem
1010 3159 1095 3227 suam
1118 3163 1308 3241 nobiliorem,
1330 3187 1384 3226 sen

282 3275 385 3358 potius
414 3276 479 3338 eius
508 3274 752 3358 applicationem,
784 3275 823 3337 ad
858 3275 1088 3358 producendum
1117 3275 1259 3338 effectum
1295 3275 1384 3358 igno-

283 3386 421 3449 biliorem
434 3413 447 3448 :1
464 3387 522 3449 boc
547 3395 649 3449 autern
676 3387 710 3449 fit
733 3386 915 3470 applicando
936 3387 1081 3449 virtutem
1105 3387 1184 3450 banc
1205 3387 1384 3450 nobiliorem

284 3497 416 3560 termino
430 3495 612 3580 ignobiliori,
625 3497 706 3580 quod
722 3498 829 3580 nequit
842 3497 957 3560 actuari
972 3497 1009 3560 ab
1025 3519 1060 3560 ea
1070 3497 1190 3574 virtute,
1203 3497 1262 3560 nisi
1278 3520 1384 3560 seeun-

287 3610 360 3673 dum
376 3618 493 3671 motum
515 3607 661 3672 localem:
685 3617 771 3672 etex
796 3609 853 3672 bac
876 3610 1048 3673 actuatione
1067 3611 1163 3673 uirtus
1185 3610 1237 3673 illa
1254 3609 1386 3673 nobilior

286 3721 501 3784 denominatur
524 3719 690 3784 formaliter
713 3721 835 3798 motiva,
858 3721 928 3784 licet
951 3721 1053 3805 quoad
1079 3744 1111 3784 se
1136 3722 1176 3783 sit
1199 3720 1269 3805 plus
1293 3743 1385 3804 quam

286 3833 408 3897 motiva.
484 3874 488 3878 -

329 3947 432 4030 Atque
456 3945 514 4008 boc
538 3945 624 4008 facile
649 3944 839 4028 intelligetur
865 3965 918 4027 per
941 3943 1123 4026 exemplum.
1170 3943 1203 4006 Si
1226 3943 1307 4006 enim
1334 3942 1387 4007 lux

288 4058 370 4136 solia,
380 4080 449 4141 quae
464 4066 510 4120 est
522 4057 618 4120 virtus
633 4057 771 4119 omnium
787 4056 933 4132 colorum,
943 4055 1058 4118 incidat
1073 4055 1104 4117 in
1120 4055 1232 4117 vitrum
1247 4054 1386 4132 rubrum,

286 4193 349 4234 non
376 4170 611 4245 transmittetur,
639 4168 697 4231 nisi
727 4168 758 4229 in
790 4176 941 4250 quantum
965 4176 1011 4230 est
1035 4167 1131 4229 virtus
1157 4167 1265 4230 coloris
1291 4167 1386 4245 rubri,

286 4290 410 4364 propter
426 4279 707 4343 determinationem
724 4276 807 4340 illius
830 4277 962 4361 corporis
978 4278 1016 4340 ad
1032 4277 1130 4340 solum
1150 4278 1275 4341 rubrum
1293 4280 1387 4343 susci-
