3200 4975
274 306 337 369 110
578 326 621 370 aa
637 326 841 371 suessanum
857 326 1055 372 seraranan.
1219 307 1302 387 [aar.
1320 324 1375 369 111.

270 486 397 571 desectas
418 488 555 552 indecem
570 497 725 572 peccatum
738 492 779 553 ait
799 491 892 554 solum
907 512 944 553 ea
955 498 1046 575 parte
1060 491 1217 567 electionis,
1234 512 1297 573 qua
1318 512 1376 552 aaa

272 601 357 664 labet
378 601 505 663 debitam
527 602 656 664 ordinem
677 603 735 665 aiei
756 624 794 665 aa
813 610 903 685 parte
921 604 966 666 rei
986 600 1101 666 electa:
1124 603 1200 666 ucat
1221 604 1248 665 si
1268 598 1377 684 aliquis

271 713 390 797 eliceret
411 735 507 793 orare,
522 736 581 777 aaa
602 715 753 778 attendens
769 716 810 779 ael
822 714 950 778 ordiam
971 716 1008 778 ab
1023 714 1157 778 Ecclesia
1177 716 1374 778 constitutum.

271 826 318 889 nt
331 825 494 889 huiuamodi
507 834 661 909 peccatam
674 848 733 888 aaa
748 829 906 911 praeemit
927 828 1133 909 maerentium,
1148 828 1200 890 sed
1216 828 1375 890 absentiam

269 937 363 1002 solam
385 936 622 1000 maeidmatioaia
646 958 755 1016 eornm,
779 958 844 1020 qua
869 930 1046 1001 cantarat
1075 938 1186 1001 debeat.
1246 937 1292 1000 Et
1320 936 1376 1000 boc

269 1048 352 1112 modo
375 1049 495 1132 ampelos
511 1051 655 1131 percurrit,
673 1050 863 1114 cmwertendo
888 1072 919 1113 ae
934 1072 992 1133 per
1016 1049 1137 1113 liberum
1159 1051 1314 1113 arbitrium
1337 1050 1378 1111 ad
1488 1102 1491 1105 .

264 1161 420 1243 propriam
435 1160 538 1223 bonam
552 1161 660 1243 absque
673 1160 774 1223 ardiae
787 1161 828 1223 ad
835 1160 966 1243 rapulam
980 1160 1084 1223 diuina
1097 1160 1263 1225 voluntatis.

312 1269 453 1335 Advertit
463 1278 566 1334 autem
579 1271 612 1333 in
622 1270 727 1335 eadem
742 1270 911 1355 quaestione
923 1280 979 1335 art.
990 1273 1021 1334 2.
1032 1269 1115 1355 quod
1130 1273 1161 1333 in
1171 1271 1375 1353 spiritualibus

271 1383 353 1446 bouis
370 1404 430 1445 noa
445 1389 547 1465 potest
561 1404 622 1446 esse
632 1390 787 1465 peccatam
806 1382 874 1445 dam
888 1384 954 1465 quis
973 1382 1014 1444 ad
1034 1404 1068 1445 ea
1088 1382 1226 1463 afficitur,
1241 1381 1299 1444 aiei
1316 1402 1375 1463 per

270 1494 324 1557 boc
338 1495 417 1576 quod
428 1493 530 1557 intuli
548 1494 657 1576 affectu
670 1495 829 1578 seperioris
851 1494 952 1578 rapula
967 1516 1026 1556 aaa
1044 1501 1196 1565 sanatam
1220 1498 1249 1555 et
1263 1493 1316 1554 bae
1331 1500 1375 1554 est

264 1614 419 1688 peccatam
431 1607 581 1689 superbie,
596 1628 655 1668 aon
673 1606 758 1669 subdi
771 1605 916 1688 sarperiari
931 1608 962 1667 ia
976 1628 1018 1683 ea,
1035 1608 1066 1667 ia
1081 1626 1137 1688 qao
1152 1605 1242 1667 eleba.
1293 1603 1374 1666 Uada

263 1726 418 1801 peccatam
426 1720 555 1801 primum
570 1718 665 1801 ampeli
679 1740 737 1781 aaa
744 1726 846 1801 potest
860 1718 943 1781 aliud
955 1740 1023 1796 esse,
1039 1739 1127 1800 qaam
1140 1716 1290 1806 superbia..

313 1832 365 1893 83.
389 1828 545 1905 Quaeritur
559 1828 771 1906 decimosexto,
783 1836 883 1893 atrurn
890 1832 988 1912 possit
997 1852 1092 1913 peras
1105 1830 1228 1911 spiritus
1235 1850 1292 1911 per
1306 1849 1374 1891 snas

271 1948 354 2003 actas
368 1942 519 2023 acquirere
532 1940 649 2003 babitus
663 1940 870 2004 intellectuales
884 1924 913 2003 et
926 1940 1059 2003 morales.

314 2050 497 2135 Respondeo
521 2050 707 2138 affirmative.
753 2051 837 2113 Nam
860 2059 947 2114 aetus
976 2050 1176 2114 intellectivos
1205 2049 1372 2113 necessario

271 2161 468 2245 consequitur
499 2160 664 2224 habitualis
696 2160 831 2239 scientia,
862 2170 893 2225 et
923 2171 1009 2226 aetus
1038 2162 1176 2225 volitivos
1207 2160 1372 2224 habitualis

270 2271 402 2337 adhaesio
416 2272 456 2335 ad
470 2294 518 2334 res
536 2270 653 2350 volitas,
675 2294 743 2356 quae
764 2272 924 2356 paullatim
947 2282 1030 2337 areat
1047 2272 1224 2336 facilitatem
1239 2280 1269 2335 et
1284 2271 1373 2335 ineli-

269 2384 424 2447 nationem
454 2382 576 2447 eosdem
606 2391 692 2447 actus
721 2384 889 2469 repetendi.
934 2384 1005 2459 Quo
1035 2384 1125 2447 modo
1154 2391 1255 2447 autem
1286 2392 1371 2445 aetus

269 2504 415 2579 generent
428 2494 562 2574 habitus,
583 2496 627 2560 sic
648 2495 736 2560 facile
757 2496 899 2580 explicari
921 2506 1033 2581 potest.
1078 2496 1119 2559 Et
1134 2495 1233 2579 primo
1247 2495 1372 2558 habitus

269 2605 493 2685 intellectualis,
508 2628 538 2671 v.
556 2628 603 2690 gr.
625 2607 768 2688 scientiae,
791 2593 912 2671 videtur
937 2607 1102 2672 consistere
1121 2607 1153 2670 in
1175 2606 1313 2669 duobus:
1340 2609 1376 2668 1·

269 2717 302 2781 in
331 2717 390 2782 hoc
419 2716 500 2802 quod
529 2718 563 2781 in
592 2719 752 2783 intellectu
785 2718 920 2802 patiente
955 2719 1125 2783 habeantur
1153 2726 1184 2780 et
1214 2724 1372 2780 serventur

269 2829 384 2913 speeies
412 2829 583 2913 impressa:
606 2833 641 2894 2⁰
663 2830 746 2914 quod
767 2829 941 2894 intellectus
971 2851 1064 2914 agens
1085 2829 1122 2892 iis
1145 2829 1233 2892 facile
1254 2836 1370 2892 utatur.

265 2940 308 3004 Et
333 2940 448 3024 speeies
470 2940 595 3026 quidem
618 2941 781 3025 impressae,
805 2949 841 3004 ut
865 2942 917 3019 sic,
941 2963 1004 3005 non
1028 2949 1101 3004 sunt
1126 2939 1164 3003 ab
1187 2947 1258 3003 actu
1279 2939 1371 3002 intel-

267 3052 376 3131 lectus,
392 3051 446 3115 sed
460 3051 497 3115 ab
518 3052 593 3136 ipsis
611 3051 747 3130 obiectis,
772 3060 808 3116 nt
831 3075 923 3135 supra
946 3052 1131 3137 explicatum
1154 3059 1218 3114 est:
1241 3050 1370 3114 facilitas

269 3184 338 3226 vero
355 3162 462 3226 utendi
481 3162 542 3226 illis
564 3162 720 3247 speciebus
735 3163 855 3227 videtur
877 3164 1009 3247 pendere
1029 3186 1064 3227 ex
1079 3184 1115 3226 eo
1130 3162 1213 3247 quod
1227 3163 1371 3246 frequens

269 3296 344 3338 usus
359 3273 534 3337 earumdem
548 3274 580 3337 in
596 3274 722 3337 diversis
737 3274 899 3351 adiunctis,
912 3274 1028 3338 diverso
1043 3274 1158 3352 ordine,
1172 3273 1229 3336 sub
1244 3273 1371 3336 diversis

270 3384 467 3468 respectibus,
481 3393 512 3448 et
531 3383 675 3469 frequens
697 3386 846 3450 transitus
871 3385 909 3449 de
932 3407 995 3449 nna
1020 3385 1052 3449 in
1076 3385 1176 3464 almm,
1203 3384 1371 3449 ostenderit

270 3503 385 3579 puncta
408 3503 606 3559 contactuum
629 3504 660 3560 et
684 3495 927 3575 distinctionum,
943 3508 973 3560 et
989 3495 1108 3560 vincula
1134 3519 1188 3560 seu
1210 3495 1372 3560 relationes

270 3615 387 3688 mutuae
404 3607 559 3672 affinitatis
573 3616 627 3671 aut
642 3607 860 3692 oppositionis:
883 3631 919 3672 ex
940 3629 1000 3693 qao
1019 3608 1156 3692 seqnitur
1171 3617 1206 3672 ut
1221 3607 1253 3670 iu
1268 3628 1371 3691 prose·

270 3720 393 3781 cutione
407 3717 552 3797 veritatis,
567 3718 641 3782 dum
657 3742 720 3782 una
733 3727 900 3798 revocatur,
920 3719 985 3784 aliae
999 3719 1103 3804 plures
1119 3719 1251 3804 quodam
1266 3718 1372 3782 ordine

270 3829 369 3913 logico
384 3829 530 3894 cumillis
545 3851 687 3894 connexae
699 3839 807 3915 sponte
824 3839 1032 3915 appareant,et
1041 3830 1185 3896 facillima
1198 3832 1252 3895 fiat
1267 3851 1372 3893 aarum

270 3941 465 4026 comparatio.
512 3941 581 4005 Hoc
604 3951 707 4005 autem
730 3941 803 4005 dicit
819 3942 958 4006 habitum
978 3942 1111 4006 scientiae
1130 3941 1253 4006 dantem
1276 3941 1372 4005 faeili·

269 4062 362 4117 tatem
378 4053 418 4117 ad
431 4061 518 4116 aetus
534 4053 657 4117 sciendi.
702 4053 744 4116 Et
759 4053 857 4117 simile
877 4053 959 4118 dieas
982 4053 1020 4118 de
1043 4053 1191 4118 habituali
1214 4053 1370 4137 sapientis,

269 4165 432 4250 prudentia
446 4175 505 4228 etc.

314 4276 406 4364 Quod
440 4277 549 4357 attinet
578 4275 617 4338 ad
651 4276 775 4340 habitus
810 4277 947 4355 morales,
978 4277 1000 4340 ii
1030 4277 1102 4340 item
1138 4277 1311 4340 coassistunt
1340 4277 1372 4337 in
