3200 4975
286 360 350 421 144
728 380 770 423 us
788 380 934 424 nonme.
1267 360 1351 444 [ear.
1370 378 1393 423 1.

281 544 429 611 Similiter
442 568 506 611 non
521 546 604 613 iuvat
619 546 760 627 obiicere,
775 547 858 634 qnod
873 548 1026 613 obiectum
1042 547 1214 612 intellectus
1229 547 1387 633 proprium

278 666 326 722 est
353 659 533 724 umeersele:
556 682 628 724 nam
659 660 852 744 aepularitas
880 682 939 723 noa
967 660 1089 743 impedit
1122 660 1310 739 intellectum,
1339 661 1391 724 sed

278 771 412 849 materia,
427 778 463 835 ut
478 768 550 834 alibi
570 768 744 834 notavimus
766 792 838 835 cum
859 769 892 834 S.
908 769 1043 834 'l'homaz
1067 778 1098 835 et
1113 770 1156 835 sic
1172 769 1327 855 singulare
1341 780 1388 834 est

277 879 371 945 etiam
400 878 554 945 obiectum
583 879 766 945 intellectus.
813 879 936 945 Dicitur
954 902 1024 945 vero
1049 879 1203 945 obiectum
1226 881 1291 945 eius
1317 902 1389 965 pro-

278 990 382 1075 prium
395 1014 462 1056 esse
482 990 661 1070 universale,
681 1014 745 1057 non
768 992 841 1077 quia
865 992 904 1058 sit
932 991 1032 1057 solum
1056 992 1122 1056 eius
1145 992 1309 1072 obiectum,
1334 992 1388 1056 sed

278 1101 351 1187 quia
364 1111 411 1167 est
425 1102 579 1167 obiectum
594 1102 689 1167 solius
709 1103 894 1183 intellectus,
914 1126 978 1169 non
1002 1114 1105 1168 autem
1132 1126 1249 1169 sensus.
1295 1103 1388 1180 Quod

277 1223 380 1279 autem
395 1214 522 1279 materia
536 1213 684 1299 impediat
698 1214 802 1299 aliquo
822 1213 912 1278 modo
931 1213 1135 1294 intellectum,
1156 1214 1386 1279 concedendum

277 1332 324 1388 est
333 1351 343 1404 3
365 1332 396 1388 et
410 1323 488 1388 ratio
503 1334 550 1389 est
571 1325 643 1409 quia
666 1324 794 1388 materia
817 1346 881 1389 non
905 1333 953 1389 est
973 1347 1037 1403 ens,
1053 1333 1084 1389 et
1100 1347 1162 1389 non
1178 1334 1224 1390 est
1240 1325 1387 1410 intelligi-

277 1435 357 1515 bilis,
380 1443 417 1501 ut
441 1435 557 1500 dictum
581 1445 628 1501 est
654 1436 687 1499 in
713 1444 847 1501 tractatu
873 1436 911 1501 de
940 1435 1047 1521 primis
1078 1436 1253 1523 principiis:
1283 1446 1314 1501 et
1343 1438 1386 1501 sic

276 1550 384 1634 nequit
398 1548 573 1614 intellectus
584 1548 756 1633 intelligere
770 1546 978 1613 conditionem
990 1571 1067 1632 pure
1082 1547 1279 1629 materialem,
1293 1571 1386 1633 quam

277 1683 385 1726 sensus
411 1660 576 1726 materialis
604 1660 758 1745 percipere
787 1668 908 1744 potest:
939 1659 993 1723 sed
1018 1659 1076 1724 hoc
1102 1683 1165 1724 non
1191 1660 1272 1724 tollit
1302 1662 1386 1745 quod

275 1771 450 1837 intellectus
464 1772 561 1857 possit
576 1771 689 1837 directe
704 1771 930 1858 apprehendere
945 1772 1090 1837 entitates
1105 1772 1315 1857 intelligibiles
1327 1773 1385 1837 sub

276 1883 502 1948 conditionibus
528 1883 745 1963 materialibus,
771 1892 808 1948 ut
834 1891 938 1970 patet3
961 1884 1067 1948 formae
1092 1885 1174 1948 enim
1200 1885 1234 1948 in
1258 1886 1384 1949 materia

274 1996 439 2059 existentes
453 1994 568 2059 habent
587 1996 736 2059 rationem
759 1995 898 2059 entitatis
918 1994 1131 2080 intelligibilis,
1150 1996 1231 2074 licet,
1243 2004 1335 2081 prout
1350 1997 1383 2060 in

275 2106 401 2171 materia
416 2115 499 2186 sunt,
514 2115 669 2192 nequeant
685 2108 750 2172 sine
772 2107 986 2191 phantasmate
1008 2107 1206 2192 apprehendi.
1251 2109 1298 2172 Ex
1314 2110 1382 2193 qui-

274 2218 333 2283 bus
347 2227 441 2303 patet,
454 2219 487 2282 in
502 2220 671 2304 composito
686 2242 722 2283 ex
737 2220 839 2284 anima
853 2220 1039 2285 intellectiva
1053 2231 1084 2284 et
1100 2243 1224 2305 corpore
1239 2222 1382 2305 organico

243 2423 246 2427 ι
274 2330 464 2414 supradictas
486 2330 647 2394 facultates
667 2331 777 2395 elevari
797 2331 837 2395 ad
852 2332 1062 2416 perfectiorem
1084 2333 1213 2416 gradum
1229 2332 1268 2396 ob
1283 2334 1381 2417 perfe-

273 2440 406 2505 ctionem
420 2440 535 2520 formae,
548 2464 616 2527 quae
631 2463 739 2506 omnes
754 2442 887 2507 rationes
902 2466 979 2528 pure
994 2443 1150 2508 sensibiles
1166 2443 1368 2509 transcendit.

316 2569 369 2631 23.
393 2567 624 2652 Consequenter
643 2567 675 2630 in
696 2568 876 2651 composit0,
894 2568 1007 2652 dequo
1027 2568 1156 2652 agimus,
1172 2567 1205 2630 in
1221 2567 1327 2632 ordine
1342 2569 1381 2632 ad

273 2679 433 2744 facultates
448 2681 656 2765 cognoscitivas
669 2681 849 2744 sensibilium
863 2679 927 2744 haec
943 2681 1002 2743 tria
1016 2679 1138 2743 admitti
1154 2679 1285 2744 debent:

318 2794 361 2855 1⁰.
386 2791 478 2867 Quod
507 2792 551 2855 vis
581 2792 800 2876 apprehensiva
834 2791 1024 2855 sensibilium
1054 2791 1225 2875 completur
1254 2792 1286 2854 in
1316 2814 1381 2854 esse

273 2904 464 2968 intellectivae
501 2904 691 2968 sensibilium
725 2925 780 2988 per
809 2904 869 2967 rim
905 2902 1143 2967 intellectualem
1176 2904 1380 2987 perceptivam

273 3015 511 3100 intelligibilium
528 3016 561 3079 in
577 3014 772 3080 sensibilibus
786 3014 959 3078 latentium.

316 3131 360 3192 2⁰.
385 3127 477 3203 Quod
491 3129 629 3212 potentia
648 3127 797 3191 retentiva
817 3126 1077 3211 phantasmatum,
1097 3150 1165 3211 quae
1179 3126 1379 3192 offert'mate-

271 3241 348 3303 riam
371 3241 453 3304 actui
474 3241 627 3304 memoriae
650 3238 812 3318 sensibilis,
836 3261 965 3323 quaeque
987 3248 1034 3302 est
1052 3239 1277 3323 quodammodo
1295 3241 1379 3322 regio

273 3354 425 3416 maineriae
440 3353 585 3430 eiusdem,
601 3361 637 3414 ut
652 3351 844 3415 terminativa
865 3350 1001 3414 eiusdem
1017 3359 1112 3429 actus,
1129 3352 1182 3435 qui
1198 3352 1380 3415 terminatur

271 3464 364 3527 etiam
390 3463 429 3526 ad
459 3465 626 3547 potentiam
655 3462 835 3526 retentivam
866 3464 1034 3546 specierum
1064 3462 1316 3546 intelligibilium,
1342 3463 1378 3527 fit

271 3575 444 3638 auxiliativa
472 3575 624 3639 memoriae
653 3573 877 3650 intellectualis,
906 3573 1014 3637 saltem
1037 3596 1092 3658 pro
1115 3574 1242 3652 actibus,
1266 3574 1383 3658 quibus

272 3687 436 3770 attingitur
450 3686 603 3750 obiectum
619 3685 769 3749 sensibile.

315 3801 359 3861 3⁰.
383 3796 474 3875 Quod
489 3798 533 3862 vis
548 3797 724 3862 associativa
742 3795 994 3881 phantasmatum
1016 3796 1186 3880 completur
1204 3796 1237 3858 in
1252 3818 1318 3860 esse
1333 3797 1381 3860 vis

271 3902 455 3976 associativae
468 3910 606 3975 idearum
622 3908 811 3974 sensibilium
825 3909 950 3994 pervim
962 3908 1156 3992 cogitativam
1173 3908 1376 3992 attingentem

270 4024 476 4109 intelligibilia
490 4022 616 4087 latentia
630 4023 663 4085 in
678 4021 955 4106 phantasmatibus,
971 4042 1039 4104 quae
1053 4020 1250 4084 associantur.

315 4137 471 4215 Similiter,
487 4137 519 4200 in
535 4135 640 4200 eodem
657 4135 836 4218 composito,
851 4133 883 4196 in
899 4132 1005 4197 ordine
1025 4132 1064 4195 ad
1084 4132 1245 4195 facultates
1270 4155 1379 4215 copae*

270 4251 389 4314 sciticas
403 4250 638 4333 intelligibilium,
653 4246 720 4311 haec
736 4245 793 4309 tria
809 4243 999 4310 admittenda
1014 4252 1122 4308 erunt:

317 4365 359 4423 1⁰.
384 4360 475 4437 Quod
490 4361 535 4423 vis
555 4359 654 4444 primo
676 4357 848 4442 perceptiva
870 4355 1109 4440 intelligibilium
1131 4354 1378 4420 insensibilibus
