3200 4975
280 374 345 437 808
673 398 716 441 us
731 398 985 443 rccrnrumsus.
1242 377 1330 461 [cra.
1346 396 1385 441 11.

280 563 510 636 terminationes
534 588 604 629 vero
618 567 693 650 ipsae
714 576 788 631 sunt
804 567 838 630 id
853 589 914 652 quo
937 579 998 632 tres
1018 566 1063 630 illi
1083 565 1208 629 termini
1229 564 1386 629 formalem

281 695 369 737 suam
391 676 614 760 oppositionem
635 677 779 743 exhibent
802 678 987 763 respective:
1010 677 1093 741 unde
1115 677 1227 741 iterum
1251 684 1386 761 apparet,

281 785 435 868 quomodo
459 788 552 852 etiam
581 789 614 855 in
643 789 767 853 homine
792 790 941 854 habeatur
965 789 1169 873 pulcherrima
1197 789 1299 872 imago
1327 786 1386 850 Dei

281 897 374 961 unius
395 908 427 961 et
450 899 534 977 trini,
558 922 621 964 non
645 903 744 966 solum
770 912 894 986 propter
919 902 1017 986 ipsam
1043 902 1187 980 animam,
1212 901 1266 965 sed
1294 900 1384 964 etiam

282 1008 451 1073 secuudum
467 1020 562 1075 totam
577 1020 720 1076 naturam
736 1013 841 1097 ipsine.

326 1122 380 1183 23.
401 1120 449 1184 Ila
468 1121 526 1201 bis,
544 1131 575 1186 et
597 1146 634 1189 ex
650 1123 718 1189 aliia
740 1124 881 1208 pluribus
900 1147 969 1209 quae
990 1125 1023 1188 in
1043 1123 1232 1209 precedente
1254 1132 1386 1187 tractatu

283 1230 415 1296 diximus
436 1232 516 1299 circa
528 1233 689 1301 facultates
709 1236 843 1302 hominis
859 1236 922 1300 sive
937 1236 976 1301 ad
990 1245 1077 1301 actus
1096 1236 1308 1312 immanentes,
1324 1237 1386 1297 sive

283 1341 322 1405 ad
333 1351 536 1423 transeuntes,
549 1357 674 1430 apparet
686 1369 780 1431 quam
789 1346 894 1411 multae
905 1347 1039 1411 actiones
1050 1355 1082 1410 et
1096 1346 1251 1430 passiones
1263 1345 1386 1408 diversae

283 1453 420 1534 rationis,
436 1479 526 1541 quam
544 1458 641 1522 multa
661 1460 712 1523 abi
727 1458 893 1523 materialia
908 1467 939 1521 et
961 1457 1130 1543 spiritualia
1145 1457 1269 1521 relativa
1283 1477 1386 1519 exsur-

281 1574 357 1647 gant
386 1565 420 1632 in
448 1590 512 1633 uno
541 1569 663 1634 bomine
692 1570 784 1634 etiam
815 1571 1015 1635 simultanee:
1045 1569 1126 1633 idem
1156 1568 1319 1632 dicendum
1349 1566 1386 1630 de

282 1675 481 1743 relationibus
496 1681 558 1743 sive
579 1681 762 1761 intrinsecis,
778 1684 840 1745 sive
862 1681 1056 1747 extrinsecis:
1079 1680 1161 1744 idem
1177 1679 1214 1745 de
1232 1678 1386 1764 qualitati-

283 1787 343 1851 bus
361 1790 424 1854 sive
446 1792 560 1871 activis,
577 1794 640 1857 sive
659 1794 796 1877 passivis,
812 1816 944 1878 quarum
963 1792 1029 1857 aliae
1052 1801 1125 1856 sunt
1145 1814 1304 1876 corporeae,
1320 1789 1386 1853 aliae

283 1900 465 1982 spirituales,
489 1902 555 1966 aliae
579 1904 692 1984 mixtae,
719 1905 811 1969 etiam
837 1904 1068 1989 praescindendo
1090 1903 1218 1967 adonis
1241 1925 1386 1986 superna-

283 2010 445 2077 turalibus.
489 2013 653 2090 Quantitas
668 2037 790 2101 quoque
805 2026 851 2080 est
874 2017 907 2079 in
921 2016 1055 2093 homine,
1071 2015 1141 2079 licet
1156 2014 1274 2079 ratione
1292 2012 1387 2076 solius

282 2124 435 2205 corporis,
465 2146 559 2208 quare
587 2126 679 2189 etiarn
708 2127 741 2191 in
771 2127 914 2191 cadavere
943 2136 1132 2211 perseverat3
1158 2136 1189 2189 et
1218 2126 1249 2188 in
1280 2123 1388 2188 eodem

283 2234 408 2299 bomine
430 2236 567 2299 admittit
591 2238 691 2322 magia
714 2248 745 2302 et
768 2239 884 2303 minus.
943 2238 1078 2303 Tandem
1105 2236 1246 2301 convenit
1270 2236 1388 2300 homini

283 2347 395 2412 habere
417 2348 522 2427 situm,
538 2350 617 2413 sicut
631 2361 662 2413 et
677 2349 822 2415 omnibus
844 2350 987 2436 quantis:
1011 2351 1065 2413 sed
1079 2349 1220 2415 convenit
1235 2348 1280 2411 illi
1295 2348 1386 2412 etiam

284 2459 362 2524 situs
386 2460 510 2546 qnidam
532 2462 699 2546 spiritualis
722 2463 784 2527 sive
807 2462 1030 2540 intellectualis,
1058 2471 1093 2526 ut
1117 2460 1300 2545 ignorantia,
1323 2459 1387 2524 sive

285 2572 418 2652 moralis,
437 2583 473 2638 ut
496 2574 604 2639 vitium
624 2573 757 2659 aliquod,
773 2573 820 2638 rel
838 2574 966 2659 privatio
990 2574 1122 2651 virtutis,
1138 2574 1200 2636 sive
1223 2572 1329 2650 civilis,
1353 2582 1388 2635 ut

284 2684 438 2765 nobilitas,
450 2695 507 2751 etc.
553 2686 689 2751 Habitus
700 2695 802 2750 autem
815 2688 869 2771 qui
878 2695 924 2750 est
939 2687 1083 2750 ultimum
1098 2709 1134 2750 ex
1144 2685 1388 2770 predicamentis

284 2799 379 2864 solius
393 2798 526 2862 hominis
541 2799 682 2882 proprius
697 2808 754 2877 est,
769 2797 877 2862 saltem
893 2808 985 2883 prout
1000 2797 1147 2882 accipitur
1161 2819 1217 2881 pro
1232 2795 1387 2860 accidente

284 2911 451 2975 resultante
464 2933 502 2975 ex
516 2910 735 2994 compositione
750 2911 892 2990 vestium,
908 2932 1072 2988 armorum,
1087 2918 1144 2974 etc.
1160 2908 1239 2974 circa
1255 2926 1385 2992 corpus:

283 3023 354 3086 licet
368 3022 573 3106 metaphorice
587 3021 626 3086 ad
641 3021 716 3086 alios
731 3030 858 3086 ornatus
874 3021 1030 3086 transferri
1041 3021 1146 3106 possit.

730 3331 870 3395 CAPUT
893 3331 937 3394 ΙΙ.

361 3514 414 3568 DE
432 3513 713 3570 AOOIDENTIBUS
732 3513 976 3571 SIMPLIOIBUS
995 3513 1068 3569 SEU
1086 3511 1306 3567 PRIMITIVIS.

324 3690 379 3751 24.
402 3686 545 3750 Vidimus
569 3687 718 3752 hactenns
739 3687 830 3772 quale
855 3681 1091 3750 tundamentum
1113 3684 1316 3748 accidentium
1339 3683 1386 3748 in-

283 3797 421 3862 veniatur
438 3798 471 3861 in
486 3797 693 3861 materialibus
714 3807 745 3860 et
767 3795 975 3881 spiritualibus
994 3795 1183 3873 substantiis,
1199 3803 1231 3858 et
1251 3796 1284 3857 in
1304 3816 1386 3857 com·

282 3911 382 3994 posito
404 3933 441 3973 er
464 3919 594 3994 utraque
623 3908 803 3973 substantia
864 3908 957 3972 Nunc
987 3907 1141 3990 agendum
1169 3917 1216 3970 est
1246 3905 1284 3969 de
1313 3905 1387 3990 ipsis

282 4022 490 4086 accidentibus
505 4023 536 4085 in
552 4020 744 4105 particulari:
767 4019 852 4105 quod
867 4028 902 4084 ut
917 4018 1027 4083 clarius
1042 4017 1193 4098 succedat,
1205 4019 1387 4102 incipiemus

283 4156 301 4197 a
323 4133 566 4217 simplicioribus,
582 4155 618 4196 ex
640 4131 752 4217 quibus
774 4131 833 4195 alia
855 4130 953 4214 magis
980 4130 1134 4214 complexa
1155 4129 1315 4210 resultant,
1340 4138 1385 4208 ut,

281 4246 387 4310 habita
398 4245 436 4308 de
450 4245 488 4308 iis
498 4245 641 4309 distincta
651 4243 770 4321 notitia,
780 4242 899 4306 facilius
913 4241 977 4306 haec
989 4263 1110 4326 quoque
1122 4239 1245 4304 tractari
1256 4241 1386 4324 possint.

281 4356 460 4420 Accidentia
475 4355 627 4438 primitiva
642 4365 672 4418 et
692 4355 917 4438 simplicissima
931 4354 1070 4418 omnium
1086 4360 1159 4416 sunt
1174 4353 1262 4430 actio,
1272 4353 1385 4435 passio,
