3200 4975
266 334 332 397 318
638 356 682 399 ns
697 356 953 403 seernaurnrus
972 384 975 391 ι
1230 340 1315 423 [cnr.
1333 360 1374 401 11.

306 522 361 584 29.
387 521 514 587 Odiicr'er
527 524 573 586 8⁰.
597 520 675 600 Qua
689 531 764 587 sunt
778 524 867 589 unita
884 523 918 587 in
932 524 1001 589 Deo
1021 532 1146 611 propter
1164 524 1374 590 excellentiam
1421 476 1424 485 l

263 638 295 695 et
309 630 545 697 illimitetionem
561 633 668 719 ipsius,
684 634 798 699 debent
813 633 964 719 distingui
977 635 1011 699 in
1028 636 1196 717 creaturis;
1218 636 1273 701 sed
1286 637 1372 721 prin-

262 740 378 827 cipium
400 745 573 829 proximum
594 745 750 831 operandi·
763 755 796 811 et
816 746 939 812 essendi
961 748 1069 812 unitur
1093 747 1128 811 in
1149 747 1218 813 Deo
1247 756 1373 834 propter

261 853 470 921 excellentiam
498 865 531 921 et
559 856 797 923 illimitstionem
826 859 892 924 eius
903 882 913 937 ;
942 880 1018 943 ergo
1047 858 1139 924 debet
1161 858 1311 945 distingui
1337 862 1371 925 in

264 966 420 1029 creaturis.

306 1076 488 1162 Respondeo
510 1101 590 1144 conc.
607 1081 656 1145 M.
680 1090 711 1144 et
728 1104 793 1165 nep.
809 1085 880 1147 min.
925 1082 1008 1147 Nam
1030 1082 1108 1147 ratio
1129 1093 1255 1168 propter
1274 1106 1368 1169 quam

261 1186 446 1271 principium
468 1188 588 1253 essendi
611 1198 642 1254 et
665 1190 849 1277 principium
872 1191 1046 1277 proximum
1069 1194 1217 1277 operandi
1247 1194 1368 1258 realiter

261 1306 334 1362 sunt
357 1298 432 1384 quid
453 1323 551 1365 unum
573 1300 608 1365 in
623 1302 692 1366 Deo
711 1325 777 1367 non
798 1312 846 1367 est
869 1303 1046 1369 excellentis
1067 1312 1098 1368 et
1117 1303 1283 1371 illimitatio
1296 1305 1367 1385 Dei,

261 1406 315 1473 sad
330 1418 377 1473 est
391 1410 464 1495 quia
476 1432 568 1476 omne
582 1412 666 1497 quod
680 1421 727 1476 est
741 1413 774 1476 in
789 1436 823 1477 se
837 1423 908 1478 actu
932 1412 1126 1481 substantiali
1145 1423 1247 1499 potest
1266 1416 1367 1480 adhuc

259 1522 424 1587 terminare
442 1533 546 1589 actum
565 1524 780 1609 contingenter
802 1534 885 1589 extra
905 1548 956 1590 se:
981 1525 1019 1590 de
1039 1534 1150 1591 natura
1172 1528 1255 1591 enim
1281 1537 1366 1593 actus

260 1632 470 1699 substantialis
492 1644 539 1700 est
559 1637 631 1701 dare
650 1658 716 1701 esse
735 1637 868 1700 termino
883 1660 939 1701 suo
954 1637 1159 1716 substantiali,
1176 1638 1229 1723 qui
1246 1638 1304 1703 sibi
1318 1649 1365 1704 est

258 1745 397 1811 absolute
411 1749 598 1813 necessarius
616 1749 710 1832 (unde
726 1749 820 1813 etiam
841 1749 875 1814 in
889 1749 958 1815 Deo
973 1750 1073 1831 Pater,
1089 1751 1143 1836 qui
1162 1752 1255 1816 habet
1273 1753 1365 1817 ratio·

258 1879 330 1923 nem
345 1859 496 1944 principii,
512 1861 717 1925 communicat
738 1883 804 1925 esse
818 1860 930 1941 Verbo,
946 1869 982 1925 ut
1000 1862 1141 1941 termino,
1157 1884 1229 1927 eum
1244 1886 1364 1928 summa

258 1968 462 2053 necessitate),
477 1979 519 2049 et,
534 1970 561 2033 si
575 1970 707 2035 existant
722 1979 806 2035 extra
825 1971 1028 2035 substantiam
1051 1972 1149 2057 ipsam
1166 1973 1292 2038 termini
1311 1974 1363 2037 alii

258 2079 427 2144 seeundum
442 2081 518 2166 quid
532 2082 677 2167 receptivi
691 2083 827 2147 eiusdem
844 2092 939 2160 aetus,
955 2104 1044 2166 posse
1059 2082 1131 2147 dare
1146 2083 1208 2148 illis
1223 2085 1361 2149 terminis

257 2212 323 2253 csse
337 2191 531 2272 accidentale,
546 2214 601 2256 seu
615 2192 785 2257 secundum
800 2191 886 2278 quid.
919 2192 967 2255 Ex
980 2192 1133 2257 infinitate
1147 2192 1208 2257 Dei
1223 2195 1361 2279 sequitur

257 2299 340 2385 quod
356 2323 421 2365 esse
440 2309 472 2365 et
489 2303 605 2387 operari
619 2303 653 2365 in
667 2302 736 2367 Deo
747 2312 822 2367 sunt
837 2303 928 2383 idem,
944 2303 1028 2387 quod
1043 2303 1139 2368 virtus
1154 2306 1306 2388 operativa
1320 2307 1360 2369 sit

256 2412 385 2492 infinita,
408 2414 492 2500 quod
513 2436 576 2478 uon
598 2414 736 2499 indigeat
759 2414 899 2479 terminis
921 2413 1121 2477 existentibus
1143 2414 1183 2478 ad
1205 2437 1282 2501 quos
1299 2426 1359 2481 ter-

256 2523 409 2591 minetur:
433 2527 516 2611 quod
538 2537 641 2592 autem
663 2527 850 2613 principium
873 2527 993 2590 essendi
1011 2535 1042 2592 et
1057 2527 1245 2613 principium
1258 2529 1358 2613 prori-

254 2657 340 2699 mum
363 2638 510 2721 operandi
531 2637 653 2702 realiter
673 2637 736 2701 sint
753 2638 846 2716 idem,
869 2635 928 2701 hoc
949 2637 1066 2700 nullam
1089 2637 1186 2721 exigit
1207 2638 1359 2704 infinitam

254 2748 481 2832 perfectionem.

297 2860 413 2924 'lamen
435 2861 548 2925 rectius
570 2859 682 2925 dicitur
704 2860 788 2944 quod
810 2881 871 2925 esse
891 2869 921 2924 et
933 2861 1116 2943 priucrpium
1133 2863 1272 2944 operandi
1286 2871 1359 2927 sunt

252 2969 345 3036 idem.
390 2971 481 3036 Ratio
499 2981 545 3036 est
566 2972 638 3057 quia
657 2971 842 3056 principium
863 2971 993 3050 essendi,
1010 2993 1065 3035 seu
1085 2979 1171 3036 aetus
1192 2983 1247 3036 aut
1261 2975 1358 3038 forma

253 3081 471 3163 substantialis,
488 3083 639 3167 significat
654 3092 757 3146 aetum
778 3083 936 3167 primum,
959 3093 990 3147 et
1011 3082 1114 3147 nullus
1134 3093 1220 3148 aetus
1240 3086 1357 3169 primus

251 3203 298 3256 est
313 3194 410 3276 virtus
432 3194 542 3278 agendi
550 3220 561 3272 3
583 3193 655 3278 quia
676 3194 742 3258 haec
763 3203 810 3257 est
820 3223 821 3226 ¹
831 3193 947 3280 aliquid
960 3194 994 3258 in
1009 3193 1115 3258 ordine
1130 3195 1266 3281 physico,
1283 3197 1356 3261 dum

251 3314 338 3369 aetus
360 3306 477 3389 primus
500 3315 535 3368 ut
557 3305 675 3390 primm
698 3305 806 3389 nequit
827 3305 965 3370 existere.
1012 3303 1117 3380 Quum
1140 3307 1223 3369 enim
1246 3307 1357 3373 dieitur

252 3416 335 3500 quod
341 3418 444 3501 forma
458 3419 548 3481 estid
560 3440 617 3500 quo
632 3439 722 3501 operas
736 3419 809 3501 opit,
825 3439 888 3481 non
903 3416 1087 3500 intelligitur
1101 3418 1185 3502 quod
1203 3417 1302 3483 forma
1317 3420 1357 3484 sit

244 3528 427 3610 princepum
441 3529 521 3611 quod
527 3553 538 3605 3
561 3526 619 3590 hoc
634 3527 717 3590 enim
732 3537 779 3590 est
794 3528 896 3610 ipsum
912 3550 1024 3612 agens:
1049 3528 1102 3592 sed
1117 3529 1201 3612 quod
1218 3528 1258 3593 sit
1267 3533 1355 3614 pran-

250 3639 358 3721 cspium
383 3661 452 3722 quo.
497 3638 588 3702 Unde
610 3638 708 3702 forma
728 3647 775 3702 est
792 3638 979 3723 principium
996 3637 1124 3703 aetionis
1148 3649 1239 3724 prout
1259 3643 1355 3708 estin

249 3758 320 3813 actu
343 3749 477 3813 secundo
498 3749 687 3814 constituens
709 3749 913 3813 substantiam
936 3748 1073 3832 agentis:
1104 3759 1134 3813 et
1157 3751 1200 3814 sic
1221 3773 1285 3815 non
1307 3763 1354 3818 est

249 3860 381 3945 amplius
395 3861 614 3926 consideranda
627 3869 664 3925 ut
683 3861 870 3945 principium
892 3860 1021 3938 essendi,
1037 3861 1121 3944 quod
1142 3863 1289 3946 competit
1307 3863 1354 3927 illi

249 3982 285 4036 ut
307 3983 353 4037 est
373 3984 459 4038 actus
478 3973 607 4058 primus,
623 3973 677 4037 sed
698 3982 732 4036 ut
750 3995 821 4037 cum
838 3995 894 4037 suo
908 3973 1039 4062 termino
1054 3973 1214 4037 constituit
1229 3974 1354 4060 aliquod

247 4084 395 4168 essequod
410 4086 522 4153 dieitur
535 4107 640 4171 agens.
687 4085 738 4149 Sic
752 4085 786 4148 in
800 4085 952 4149 elemento
968 4085 1102 4148 materiae
1116 4084 1215 4148 forma
1230 4108 1292 4150 non
1307 4096 1353 4150 est

246 4195 432 4281 principium
446 4198 619 4282 proximum
634 4197 819 4281 operationis
835 4197 861 4260 si
879 4195 1086 4260 consideretur
1104 4197 1136 4260 in
1160 4208 1230 4261 actu
1251 4199 1352 4282 primo

246 4318 281 4372 ut
304 4316 350 4371 est
371 4307 555 4393 principium
578 4308 708 4387 essendi,
724 4309 796 4393 quia
818 4317 853 4372 ut
877 4307 919 4372 sie
941 4331 1004 4372 non
1027 4309 1137 4388 existit,
1154 4310 1208 4374 sed
1230 4311 1255 4374 si
1278 4327 1350 4374 con*
