3200 4975
273 377 338 438 200
714 395 757 439 na
775 393 921 440 nonina.
1230 369 1317 455 [exa.
1335 385 1374 430 ιι.

274 558 312 622 ad
328 559 421 637 alind,
429 561 534 644 formu
548 584 566 624 a
580 560 687 644 figuris
702 583 872 644 corporum,
889 562 1028 625 obiectum
1051 580 1068 621 a
1088 565 1173 620 motu
1193 554 1291 633 locali,
1302 553 1377 638 finis

274 672 434 736 atermino
443 681 553 748 motus,
564 695 652 736 causo
663 675 788 756 efficiens
799 681 951 748 amotore,
957 679 987 734 et
997 670 1040 733 sic
1049 669 1086 732 de
1098 667 1222 732 caeteris.
1247 663 1337 742 Quod
1351 663 1376 725 si

275 782 423 866 quaedam,
433 792 558 868 propter
566 793 714 848 remotam
727 784 941 848 deductionem
952 806 969 846 a
981 780 1186 856 sensibilibus,
1198 799 1259 840 non
1272 775 1375 839 statim

273 894 442 958 ostendunt
452 917 538 958 suam
547 895 705 978 originem,
712 919 746 959 ea
755 897 845 960 etiam
857 895 1008 958 difficilius
1017 891 1278 975 intelliguntur,et
1288 909 1375 951 accu-

275 1005 386 1068 ratiore
401 1005 543 1089 indigent
557 1006 734 1070 definitione
749 1007 867 1070 arebus
876 1007 958 1070 notis
970 1004 1110 1083 deducta,
1120 1013 1157 1068 ut
1169 1001 1235 1086 capi
1247 999 1375 1084 possint.

277 1116 347 1179 Hoc
357 1126 459 1179 autem
470 1117 588 1200 probat,
599 1140 676 1201 pura
687 1118 962 1202 intelligibilianon
974 1117 1147 1200 imprimere
1158 1115 1190 1177 in
1205 1111 1294 1176 nobis
1309 1133 1376 1194 spe-

277 1227 354 1290 ciem
370 1228 428 1307 sui,
440 1228 471 1290 in
487 1251 548 1312 qua
562 1251 597 1292 ea
608 1229 706 1312 primo
721 1229 995 1313 apprehendamus,
1008 1227 1060 1292 sed
1072 1225 1173 1309 colligi
1189 1248 1206 1289 a
1220 1223 1309 1287 nobis
1323 1244 1377 1306 per

276 1339 466 1420 operationes
480 1340 648 1423 pendentes
662 1365 680 1405 a
695 1340 852 1426 speciebus
868 1339 1061 1404 sensibilibus
1073 1336 1199 1401 aliarum
1215 1334 1327 1413 rerum,
1343 1334 1375 1396 in

278 1450 391 1532 quibus
404 1451 502 1515 latent
519 1453 651 1515 rationes
672 1452 882 1536 intelligibiles
900 1452 1036 1515 eiusdem
1055 1459 1108 1514 aut
1126 1448 1233 1512 similis
1251 1445 1375 1510 ordinis.

277 1561 434 1642 Praeterea,
458 1563 483 1626 si
505 1563 599 1627 homo
621 1573 724 1648 posset
748 1563 974 1650 apprehendere
997 1582 1075 1648 pura
1096 1558 1301 1643 intelligibilia
1324 1580 1378 1641 per
1401 1635 1403 1638 Ι

278 1673 409 1756 primam
418 1673 699 1758 apprehensionem,
710 1675 949 1759 apprehenderet
960 1673 1011 1737 illa
1022 1673 1163 1736 intuitive
1171 1696 1181 1748 3
1198 1693 1269 1734 nam
1281 1669 1378 1753 prima

277 1784 478 1867 apprehensio
499 1794 546 1848 est
568 1807 636 1868 quae
658 1786 771 1849 directe
793 1795 824 1849 et
846 1785 1021 1848 immediate
1042 1792 1184 1847 causatur
1207 1783 1244 1846 ab
1260 1780 1378 1844 obiecto

278 1895 472 1978 imprimente
487 1898 617 1982 speciem
632 1898 680 1960 sui
694 1897 727 1960 in
745 1898 920 1982 passivitate
941 1897 1123 1961 intellectus.
1168 1895 1266 1979 Atqui
1285 1893 1377 1956 homo

278 2028 339 2068 non
356 2008 557 2092 apprehendit
572 2010 713 2073 intuitive
728 2010 852 2094 aliquod
867 2033 977 2094 purum
994 2008 1204 2092 intelligibile3
1227 2029 1290 2070 non
1305 2027 1378 2089 ergo

278 2117 354 2180 illud
375 2119 576 2202 apprehendit
596 2142 650 2204 per
669 2121 800 2204 primam
821 2122 1102 2206 apprehensionem.
1148 2119 1254 2182 Minor
1275 2129 1378 2182 autem

277 2237 362 2311 patet
372 2254 383 2306 ;
406 2252 478 2292 nam
500 2253 592 2294 nemo
614 2232 694 2294 inter
714 2231 856 2295 homines
878 2255 932 2316 per
954 2233 1083 2317 primam
1107 2231 1377 2317 apprehensionem

278 2339 361 2403 videt
376 2341 516 2404 intuitive
531 2341 655 2426 aliquod
669 2342 824 2425 singulare
838 2343 1030 2427 intelligibile
1045 2366 1108 2407 non
1124 2342 1275 2420 sensibile,
1288 2365 1315 2406 v.
1331 2364 1378 2425 gr.

279 2450 434 2535 angelum,
451 2462 504 2516 ant
519 2453 643 2538 aliquod
658 2454 828 2519 universale
842 2454 1044 2539 intelligibile,
1058 2477 1084 2518 v.
1098 2477 1144 2539 gr.
1161 2455 1379 2533 causalitatem,

280 2562 492 2642 substantiam,
508 2564 662 2643 virtutem,
678 2574 731 2628 aut
747 2565 867 2629 similia.
913 2565 1017 2641 Qnaeri
1031 2588 1107 2649 ergo
1120 2575 1230 2650 potest,
1247 2566 1330 2629 unde
1345 2566 1380 2627 lit

280 2686 316 2737 ιιι
327 2698 494 2759 numquam
508 2675 668 2755 videamus
675 2678 829 2761 angelum,
841 2679 919 2741 sicut
931 2679 1068 2742 videmus
1080 2676 1204 2763 equum,
1214 2678 1379 2754 hominem,

281 2786 443 2851 arborem?
488 2788 583 2851 Nulla
598 2788 716 2851 aliaest
731 2790 819 2868 ratio,
834 2786 894 2852 nisi
909 2790 982 2869 haec,
999 2784 1081 2874 quod
1097 2791 1141 2854 vis
1152 2786 1263 2873 'primo'
1273 2810 1380 2873 appre-

281 2899 405 2963 hensiva
421 2922 490 2984 quae
503 2910 550 2963 est
563 2900 597 2963 in
612 2900 710 2979 nobis,
726 2924 790 2965 non
805 2902 945 2965 intuetur
959 2901 1164 2985 intelligibilia
1178 2898 1242 2964 nisi
1256 2902 1289 2964 in
1312 2922 1380 2963 sen·

281 3009 430 3073 sibilibns.
476 3011 567 3074 Ratio
589 3033 658 3074 vero
680 3034 735 3075 cur
756 3012 848 3076 homo
870 3022 1001 3097 nequeat
1019 3014 1120 3077 videre
1142 3013 1312 3077 universale
1333 3012 1380 3075 in·

282 3123 390 3186 tuitive
409 3144 472 3185 non
490 3132 537 3185 est
554 3122 652 3185 solum
672 3124 735 3187 haec
758 3146 849 3208 quarn
872 3124 1012 3202 diximus,
1029 3124 1083 3189 sed
1101 3126 1158 3188 ista
1173 3124 1232 3188 alia
1246 3126 1381 3207 insuper,

282 3234 365 3317 quod
384 3233 553 3296 universale
573 3233 711 3297 absolute
731 3236 838 3319 nequit
857 3235 998 3301 intuitive
1013 3236 1117 3300 videri.
1163 3237 1244 3300 Nam
1262 3236 1381 3299 univer-

282 3344 344 3408 sale
358 3366 421 3406 non
436 3344 538 3406 existit
553 3352 588 3406 ut
603 3345 782 3423 universale,
793 3367 888 3429 quum
905 3346 1076 3410 universale
1090 3357 1125 3409 ut
1140 3345 1200 3409 tale
1216 3346 1254 3409 sit
1266 3345 1382 3430 aliquid

281 3455 552 3518 indeterminatum
578 3463 609 3517 et
632 3455 808 3538 potentiale,
831 3464 862 3517 et
878 3456 1036 3541 vquidquid
1053 3456 1154 3519 existit
1174 3464 1220 3519 est
1241 3456 1383 3519 determi-

282 3566 397 3629 natum
413 3567 504 3629 actu.
537 3566 626 3649 Ergo·
641 3566 810 3629 universale
832 3588 888 3629 nec
902 3567 974 3650 agit
996 3576 1032 3630 ut
1049 3566 1218 3631 universale
1235 3568 1268 3630 in
1286 3567 1384 3651 passi·

285 3679 408 3743 vitatem
424 3678 608 3753 intellectus,
623 3699 719 3761 quum
735 3699 824 3759 agere
845 3676 884 3739 sit
904 3677 1081 3755 existentis3
1103 3676 1384 3761 er'go'inipossibile
1435 3688 1442 3699 “

277 3801 331 3854 ,est
345 3790 478 3875 imprimi
494 3790 623 3874 speciem
638 3788 671 3851 in
685 3788 853 3867 intellectu,
866 3812 926 3873 qua
938 3788 1106 3853 universale
1117 3790 1384 3873 ut‘sicliatprima

286 3902 525 3986 apprehensione
548 3900 698 3965 intuibile.
742 3900 789 3962 Ex
812 3922 872 3984 quo
886 3901 981 3963 'etiam
996 3901 1150 3985 sequitur,
1164 3900 1384 3965 universale'ut

277 4018 329 4078 >sic
345 4025 406 4079 n'on
423 4037 488 4077 esse
502 4012 654 4078 obiectum
668 4012 774 4097 primae
789 4012 1038 4096 apprehensionis
1053 4014 1180 4077 alicuius
1200 4012 1385 4092 intellectus,

286 4130 379 4191 etiam
402 4125 540 4208 angelici,
563 4123 617 4187 sed
638 4146 675 4186 ex
696 4124 822 4187 adverso
843 4146 907 4187 esse
930 4124 1095 4188 terminum
1118 4124 1302 4188 obiectivum
1331 4146 1385 4208 per

287 4235 492 4321 operationem
516 4234 846 4310 alicuiusintellectus
874 4235 1068 4319 productum.
1113 4236 1191 4299 Dico
1221 4238 1385 4312 terminum,

275 4350 358 4433 'quia
369 4350 416 4422 ,ad
435 4347 510 4409 illud
526 4345 720 4421 terminatur
733 4347 857 4429 quidam
879 4354 965 4409 actus
984 4346 1177 4424 intellectus,
1208 4348 1386 4423 obiectivum,
