3200 4975
258 370 331 414 css.
348 350 388 433 1.]
646 371 704 415 'ns
720 374 973 418 recreassemus.
1299 354 1362 417 295

257 534 672 621 insipientesseaeeidentis.
711 536 984 601 Ponaturexistere
995 538 1163 602 seeundum
1175 536 1361 601 elementum

255 648 408 713 materiei
431 647 607 711 immediate
622 648 667 711 vis
682 648 779 713 nebia
792 649 887 713 anius
901 659 973 733 aget
994 649 1028 713 in
1042 638 1203 713 materiam
1215 649 1360 728 alterias3

256 759 415 824 resultabit
431 782 505 844 ergo
525 768 559 823 et
573 762 652 824 adio
666 769 698 823 et
710 762 813 845 passio
834 760 1029 828 accidentalis
1044 771 1108 825 tum
1130 763 1163 825 in
1178 782 1251 841 uno,
1267 782 1360 846 quam

255 874 287 938 in
311 873 424 952 altero3
447 896 543 958 quum
573 873 618 938 vis
643 873 808 939 materialis
835 876 878 939 sit
907 875 1071 945 intrinsece
1094 875 1295 939 determinata
1320 874 1360 938 ad

253 986 408 1069 agendum
436 985 494 1049 sub
519 985 578 1049 hac
601 984 665 1049 sola
690 986 876 1066 eonditione,
899 986 982 1072 quod
1005 986 1114 1054 existet
1137 987 1288 1053 termium
1310 986 1359 1051 di·

248 1098 396 1176 stinctus,
426 1098 457 1161 in
489 1119 551 1181 quo
576 1096 655 1161 aetio
685 1096 779 1182 recipi
807 1098 914 1183 possit.
973 1098 1067 1182 Ergo,
1096 1098 1196 1183 posito
1224 1097 1360 1161 seeundo

256 1210 415 1289 elemento,
430 1208 620 1294 impossibile
641 1218 698 1288 est,
713 1209 774 1272 vim
792 1210 936 1273 motivam
952 1231 1022 1294 que
1036 1218 1100 1277 erat
1114 1209 1146 1273 iu
1161 1216 1233 1273 aeta
1245 1210 1357 1293 primo,

255 1344 317 1387 non
339 1321 469 1386 transire
490 1318 665 1385 immediate
687 1320 727 1386 ad
741 1330 845 1387 aetum
867 1321 1047 1399 seeundum,
1063 1322 1118 1407 qui
1140 1321 1252 1385 dieitur
1267 1321 1356 1385 aetio.

254 1433 414 1497 Passiones
428 1454 508 1512 vero,
524 1454 593 1516 quae
606 1431 640 1497 in
655 1440 785 1517 utroque
805 1432 1003 1517 recipiuntur,
1020 1454 1083 1497 nen
1098 1440 1171 1497 sunt
1185 1432 1244 1495 nisi
1259 1420 1358 1496 deter-

134 1622 138 1627 ’
255 1545 437 1645 minationes
459 1544 621 1629 utriusque
641 1546 778 1609 materiae
797 1545 837 1609 ad
856 1546 1057 1612 mutationem
1077 1544 1259 1610 ubieativam
1282 1544 1359 1608 rela-

254 1658 358 1736 tivam,
377 1679 446 1743 que
468 1657 581 1721 dieitur
596 1665 701 1721 motus
720 1657 825 1721 localis
845 1657 1020 1737 continuus,
1039 1665 1073 1721 et
1092 1678 1211 1741 exque
1230 1656 1358 1720 resultat

249 1770 344 1833 etiam
363 1768 510 1834 continua
533 1769 663 1833 mutatio
680 1768 867 1833 intensitatis
888 1771 919 1833 in
943 1769 1059 1837 mutuis
1076 1768 1257 1848 aetiombus,
1273 1768 1358 1834 iusta

252 1880 465 1965 legem‚quam
479 1879 675 1964 exposuimus
690 1889 721 1943 et
730 1878 925 1963 probavimus
940 1881 973 1943 in
983 1888 1117 1945 traetatu
1130 1880 1169 1944 de
1185 1878 1356 1945 substantia

253 2014 405 2076 eorporea.

297 2104 429 2187 Insuper
445 2102 645 2167 existentibus
667 2101 787 2166 duabus
810 2102 992 2183 actionibus,
1007 2104 1115 2169 existet
1136 2102 1243 2167 relatio
1265 2104 1356 2169 unius

253 2213 292 2277 ad
314 2214 462 2279 alteram:
492 2236 564 2299 quie
588 2223 636 2278 est
657 2213 841 2298 equalitatis
866 2213 913 2277 vel
942 2214 1157 2299 inaequalitatis
1187 2215 1355 2279 seeundum

251 2325 472 2404 intensitateai,
501 2335 533 2389 et
562 2324 775 2389 similitudinis
811 2325 859 2390 vel
888 2325 1147 2392 dissimilitudinis
1188 2327 1356 2392 secundum

252 2438 382 2522 speeiem
396 2437 541 2517 virtutis3
564 2436 775 2502 similitudinis
790 2436 940 2516 videlieet,
950 2438 977 2502 si
991 2438 1088 2504 ambae
1104 2438 1165 2504 sint
1180 2439 1355 2518 attractivae,

251 2549 298 2613 vel
308 2549 406 2612 ambe
416 2548 585 2633 repulsivas,
593 2548 854 2612 dissimilitudinis
864 2548 888 2612 si
900 2571 962 2612 una
974 2549 1014 2613 sit
1024 2549 1185 2634 repulsus,
1196 2550 1356 2614 attractiva

251 2660 319 2724 alia.
365 2660 445 2723 Item
458 2660 488 2723 si
503 2663 604 2744 passio
620 2659 752 2743 passioni
772 2670 976 2744 comparetur,
993 2659 1236 2744 deprehendetur
1250 2659 1356 2725 relatio

252 2771 428 2836 virtualium
449 2771 656 2850 veloeitatum,
672 2794 740 2856 quae
761 2794 798 2835 ex
818 2771 879 2836 illis
901 2772 1093 2857 passionibus
1113 2779 1355 2857 consequuntur,

252 2892 319 2968 tum
335 2882 504 2946 seeundum
519 2883 739 2963 intensitstem,
754 2893 822 2947 tum
838 2883 1006 2949 seeundum
1019 2884 1224 2949 directionem.

295 2995 454 3074 Praeterea,
469 2993 649 3080 simpliciter
664 2995 864 3059 existentibus
885 2995 1006 3060 duobus
1021 2995 1173 3060 distinctis
1187 2996 1356 3076 elementis,

252 3108 383 3172 existent
402 3107 465 3173 duo
486 3109 538 3172 adi
558 3107 724 3172 intrinseca
742 3117 775 3172 et
794 3108 947 3187 absoluta,
966 3131 1095 3193 quorum
1118 3117 1227 3172 mutua
1248 3118 1356 3193 poten-

251 3220 364 3284 tialitas
377 3221 545 3285 extrinseca
560 3219 598 3285 ad
621 3229 740 3284 motum
754 3221 918 3285 eonstituit
938 3220 1115 3285 relationem
1131 3220 1282 3284 dimnntiae
1296 3248 1303 3286 :
1326 3229 1357 3286 et

251 3334 319 3417 ipsa
335 3334 386 3396 uti
405 3332 536 3396 duorum
559 3332 789 3412 elementorum,
810 3342 846 3396 ut
864 3331 903 3396 ad
922 3331 1051 3396 invieem
1076 3332 1180 3411 relata,
1194 3343 1227 3396 et
1252 3334 1356 3398 termi-

249 3445 357 3508 nantia
379 3445 568 3524 distantiam,
590 3445 672 3507 fiunt
696 3444 832 3522 relativa,
859 3451 901 3522 et,
925 3451 959 3508 at
982 3453 1051 3507 wat
1074 3447 1108 3507 in
1131 3445 1187 3507 tali
1209 3445 1357 3510 distantiae

249 3558 402 3636 relatione,
418 3567 492 3620 sunt
512 3555 720 3634 aoeidentalia,
740 3577 836 3640 quum
859 3553 966 3618 relatio
987 3554 1039 3618 illa
1059 3556 1099 3618 sit
1122 3555 1303 3640 contingens
1323 3566 1356 3620 et

161 3742 165 3747 ⁸
250 3668 406 3732 mutabilis
417 3677 613 3752 permotum.
648 3666 822 3731 Habebitur
831 3667 933 3751 itaque
944 3667 1152 3731 statimstabi
1163 3668 1356 3747 accidentale,

247 3788 279 3843 et
293 3781 398 3843 relatio
409 3781 573 3843 eetrirueeo
586 3778 740 3843 ubieativa
752 3777 882 3841 fundata
896 3777 930 3839 iu
941 3777 1143 3862 possibilitate
1159 3787 1261 3843 motus
1275 3781 1356 3843 inter

248 3891 397 3954 terminos
412 3889 575 3954 distantiae.

293 4002 385 4080 Item,
416 4001 617 4065 existentibus
645 4000 768 4065 duobus
797 4001 967 4079 elementis,
996 4002 1165 4066 neoessarie
1195 4001 1356 4066 habebitne

246 4120 351 4193 motus
374 4111 488 4190 localis,
513 4119 545 4176 et
574 4119 797 4196 consequenter
819 4110 984 4175 habebitur
1010 4112 1103 4176 etiam
1134 4114 1250 4196 quando
1278 4113 1357 4176 aeci-

250 4221 425 4288 dentaleet
451 4223 623 4302 relativum,
645 4223 729 4308 quod
750 4233 798 4287 est
822 4223 998 4288 terminatio
1020 4223 1149 4289 sotionis
1172 4225 1292 4288 motivae
1314 4224 1357 4288 ad

252 4335 408 4414 matedam
430 4337 463 4400 in
479 4359 540 4420 qua
554 4336 699 4420 recipitur
716 4345 820 4400 motus
836 4335 880 4419 (et
893 4335 1008 4400 dieitur
1021 4345 1194 4401 moaeentsas
1210 4338 1357 4420 leomeris,
