3200 4975
280 368 346 431 300
673 388 716 431 nr
730 385 987 431 accrueurrnus.
1258 362 1342 446 [ose.
1360 378 1383 421 r.

280 551 329 616 De
350 573 412 638 qua
433 573 466 617 re
488 574 552 615 uon
573 551 693 615 videtur
715 550 919 615 necessarium
947 550 1057 615 iterum
1082 548 1190 628 dicere,
1215 571 1252 612 ne
1275 546 1384 611 similia

280 672 475 749 repetantur:
498 664 553 729 sed
573 664 646 728 addi
667 672 778 749 potest,
809 663 892 748 quod
914 660 1108 747 adaequatum
1137 664 1189 726 ubi
1217 658 1382 746 spiritualis

278 775 457 841 substantia
479 774 606 840 resultat
623 798 659 839 ex
682 774 855 840 ubicatione
876 774 1062 840 intellectiva
1083 782 1114 838 et
1136 772 1257 838 volitiva
1279 770 1380 849 simul,

278 886 326 953 vel
348 886 461 973 potius,
477 886 561 972 quod
581 888 633 951 aba·
652 885 873 953 intellectivam
897 908 959 949 nou
983 893 1030 950 est
1052 885 1162 949 ultimo
1184 884 1380 969 completum,

278 998 338 1062 nisi
353 998 392 1062 ad
406 998 504 1082 ipsam
519 998 612 1062 etiam
626 998 833 1083 passivitatem
849 996 1017 1061 affectivam
1034 996 1199 1081 pertingat.

271 1109 291 1161 ·'
323 1107 559 1187 concludemus,
574 1108 658 1194 quod
672 1110 724 1174 abi
737 1108 912 1173 absolutum
936 1108 1116 1173 substantiae
1130 1107 1298 1193 spiritualis
1319 1128 1381 1171 non

279 1230 326 1287 est
355 1220 494 1286 accidens
523 1220 598 1300 eius,
629 1221 682 1285 scd
712 1220 896 1287 attributum
927 1220 1076 1286 comitans
1105 1219 1323 1285 invariabiliter
1351 1228 1382 1282 et

279 1332 481 1399 essentialiter
494 1332 702 1417 passivitatem
717 1332 934 1399 intellectivam
950 1340 981 1399 et
991 1332 1177 1397 affectivam:
1193 1341 1223 1395 et
1232 1340 1382 1416 quatenus

278 1452 325 1511 est
346 1446 380 1509 in
402 1445 540 1530 potentia
562 1444 600 1509 ad
627 1444 724 1509 varias
750 1444 1014 1511 denominationes
1038 1443 1178 1509 relativas
1201 1442 1382 1508 extrinsecas

279 1556 352 1622 dicit
386 1556 617 1642 possibilitatem
652 1556 792 1621 omnium
821 1556 1030 1621 ubicationum
1071 1557 1275 1642 spiritualium
1305 1556 1381 1621 acci-

279 1669 446 1734 dentalium
462 1668 597 1735 eiusdem
613 1667 802 1735 substantia.

272 1820 279 1829 .
322 1782 373 1846 14.
396 1781 508 1861 Tertio,
524 1803 621 1867 quum
637 1779 861 1845 insubstantia
881 1780 1032 1865 spirituali
1055 1780 1289 1865 intelligibilitas
1312 1803 1381 1866 pro·

277 1891 337 1977 prii
351 1914 416 1956 esse
432 1890 484 1955 det
499 1912 565 1955 esse
579 1890 750 1956 intellectui
763 1890 883 1976 passivo
898 1898 929 1956 et
945 1900 1164 1977 consequenter
1179 1892 1382 1957 communicet

278 2002 323 2067 illi
338 2003 431 2067 etiam
446 2024 537 2067 suum
552 2002 668 2086 quando
683 2000 869 2082 absolutum,
884 2002 1057 2069 intellectus
1068 2025 1137 2068 vero
1151 2005 1289 2089 passivus
1301 2026 1381 2069 com·

278 2112 361 2198 pleat
378 2111 570 2197 intelligibile
592 2112 625 2177 in
643 2135 709 2178 esse
730 2113 878 2179 intellecti
897 2121 927 2178 et
942 2114 1109 2179 constituat
1123 2114 1201 2179 illud
1215 2116 1248 2180 in
1264 2139 1319 2181 suo
1333 2119 1384 2181 abi

278 2223 429 2304 absoluto,
445 2223 532 2288 facile
554 2224 756 2305 concluditur,
772 2225 853 2289 idem
876 2227 927 2291 ati
943 2226 1099 2312 spirituale
1116 2235 1147 2291 et
1165 2227 1245 2297 idem
1267 2230 1382 2312 quando

278 2337 438 2401 convenire
469 2335 589 2421 utrique
618 2335 781 2401 intrinsece
810 2345 842 2401 et
866 2337 1014 2417 absolute,
1041 2338 1149 2403 saltem
1176 2339 1381 2405 materialiter.

279 2448 360 2515 Nam
375 2450 427 2513 cdi
441 2447 598 2534 spirituale
612 2470 674 2515 non
689 2450 831 2515 convenit
846 2449 1035 2536 intelligibili
1052 2460 1087 2516 ut
1109 2460 1155 2516 est
1178 2451 1380 2538 intelligibile,

275 2561 332 2627 sed
343 2570 379 2627 ut
389 2569 436 2627 cst
447 2561 637 2626 intellectum
650 2588 657 2628 :
680 2568 711 2625 et
723 2563 838 2646 wando
849 2583 912 2626 non
924 2564 1066 2627 convenit
1075 2563 1205 2628 termino
1217 2565 1380 2645 intellecto,

277 2685 314 2740 ut
328 2674 399 2739 talis
414 2683 470 2754 est,
483 2673 536 2738 sed
550 2683 587 2738 ut
602 2673 733 2757 complet
748 2683 851 2742 actum
868 2672 1087 2759 intelligibilis:
1110 2683 1246 2739 attamen
1261 2685 1380 2740 utrum-

279 2810 338 2874 que
360 2787 501 2852 convenit
525 2786 646 2871 utrique
668 2787 700 2849 in
723 2795 874 2869 quantum
898 2794 971 2850 sunt
988 2808 1050 2852 una
1070 2785 1240 2852 substantia
1255 2797 1285 2852 et
1301 2812 1380 2854 unus

277 2898 364 2964 actus
375 2897 545 2984 completus
556 2896 732 2983 spiritualis.
767 2897 848 2974 stia
859 2921 933 2983 ergo
944 2897 1137 2983 intelligibile
1148 2907 1178 2963 et
1190 2900 1378 2965 intellectum

276 3010 391 3076 habent
405 3010 487 3074 idem
503 3010 627 3094 pwado,
643 3031 745 3073 revera
759 3010 940 3087 coexistunt,
957 3018 987 3074 et
1003 3009 1126 3094 quidem
1143 3011 1233 3074 unica
1250 3012 1379 3076 existen·

276 3124 328 3205 tia,
345 3145 413 3209 quac
427 3131 474 3186 est
488 3122 527 3187 ab
541 3122 699 3186 intellectu
715 3130 750 3186 ut
765 3121 962 3206 cognoscibili
978 3121 1036 3186 sibi
1045 3122 1121 3206 ipsi:
1145 3131 1176 3185 ct
1185 3124 1256 3207 quia
1266 3123 1380 3188 habent

275 3235 357 3299 idem
372 3237 422 3298 chi
437 3233 602 3319 spirituale,
614 3238 715 3298 revera
731 3233 789 3297 sibi
804 3233 982 3314 inexistunt,
993 3241 1023 3297 et
1038 3234 1161 3320 quidem
1171 3235 1211 3298 in
1225 3235 1316 3300 unico
1330 3238 1380 3300 ubi

276 3346 358 3432 quod
380 3356 427 3410 est
448 3346 551 3429 imago
574 3345 621 3411 sui
644 3344 702 3408 sibi
724 3345 855 3429 cognita.
903 3345 1005 3422 Quare
1027 3345 1218 3430 intelligibile
1241 3356 1271 3412 et
1289 3348 1378 3413 iutel-

275 3459 470 3540 lectum„seu
484 3467 570 3522 actus
585 3465 616 3521 et
637 3456 1017 3523 terminussubstantialis
1039 3457 1242 3522 intellectivns
1264 3458 1379 3524 habent

276 3569 486 3637 necessitatem
509 3577 648 3632 mutuam
672 3568 889 3632 coinexistendi
912 3568 971 3636 sibi
993 3567 1227 3634 invariabiliter:
1257 3580 1288 3635 et
1305 3572 1379 3637 'haec

277 3681 439 3746 necessitas
457 3689 503 3745 est
518 3680 595 3744 ratio
609 3702 664 3744 cur
677 3680 759 3745 idem
775 3689 862 3745 actus
877 3689 907 3744 et
923 3681 1071 3744 terminus
1086 3682 1261 3766 conspirent
1275 3706 1379 3749 neces.

276 3795 354 3860 sario
376 3795 409 3858 in
431 3793 582 3857 unitatem
604 3791 792 3857 substantiae.
840 3792 915 3857 Haec
937 3815 1009 3876 ergo
1031 3794 1215 3878 conspiratio
1237 3795 1277 3861 ad
1294 3797 1378 3860 coin-

275 3907 464 3973 'existentiam
479 3914 629 3969 vmutuam
647 3926 710 3968 non
725 3912 771 3969 est
786 3904 935 3984 accidens,
952 3904 1004 3982 sed
1020 3905 1203 3970 attributum
1218 3910 1378 3975 essentiale

275 4016 455 4098 substantiae
477 4015 654 4101 spiritualis,
676 4024 707 4079 et
729 4015 913 4101 principium
936 4015 1063 4080 formale
1086 4017 1213 4081 unitatis
1236 4019 1379 4086 substan·

274 4129 356 4193 tialis
380 4130 415 4192 in
439 4129 523 4214 ipsa:
546 4136 577 4191 et
601 4137 753 4213 quatenus
777 4135 824 4192 est
848 4127 880 4190 in
904 4127 1042 4212 potentia
1067 4127 1105 4192 ad
1121 4129 1217 4194 varias
1242 4129 1378 4196 denomi-

275 4221 617 4317 nationesextrinsecas
640 4262 676 4304 ex
701 4240 790 4303 van'is
814 4240 1037 4304 ubicationibus
1066 4264 1101 4305 ac
1132 4243 1378 4327 quandeitatibus

275 4350 459 4430 extrinsecis,
496 4375 572 4436 quas
609 4351 727 4415 trahere
761 4361 865 4436 potest
898 4352 936 4416 ad
972 4353 1232 4420 coinexistendum
1268 4356 1299 4420 in
1330 4358 1378 4422 in·
