3200 4975
240 368 309 411 aar.
327 349 382 430 in]
692 373 734 416 nu
753 374 899 417 nonrnm.
1115 387 1117 392 ·
1285 358 1347 419 189

233 552 291 612 per
313 552 344 593 se
369 539 476 594 natura
499 533 711 597 substantiolis.
758 533 891 610 Quando
917 556 990 619 ergo
1014 533 1135 614 dicitur,
1162 556 1197 598 ex
1228 534 1347 600 duobus

239 642 398 726 completis
416 665 479 706 non
499 644 565 708 fieri
583 668 680 710 unum
700 669 755 731 per
775 670 808 710 se
829 645 1043 726 substantiale,¹
1055 646 1130 710 latet
1152 647 1348 731 aequivocatio

238 751 272 815 in
295 753 442 818 vocabulo
464 778 562 834 anam,
578 756 661 839 quod
684 757 710 820 si
732 758 899 842 accipiatur
919 780 974 842 pro
992 781 1055 821 una
1074 757 1255 837 substantia,
1277 781 1347 842 pro·

238 863 350 947 positio
359 865 417 928 erit
432 865 641 931 concedenda:
665 867 691 931 si
705 867 871 953 accipiatur
885 891 941 953 pro
956 891 1020 932 uno
1030 868 1200 953 composito
1214 869 1347 933 naturali

239 976 442 1056 substantiali,
467 979 634 1063 propositio
653 980 711 1044 erit
736 980 885 1064 neganda,
907 1003 1004 1064 quum
1028 1002 1120 1043 omne
1143 981 1345 1064 compositum

237 1088 278 1152 sit
293 1112 329 1152 ex
343 1088 465 1153 duobus
487 1091 605 1170 saltem,
620 1101 651 1155 et
666 1091 787 1155 nullum
811 1091 1013 1176 compositum
1028 1091 1192 1177 physicum
1215 1091 1255 1154 sit
1270 1091 1344 1154 sub-

239 1201 390 1282 stantiale,
409 1203 469 1266 nisi
492 1204 707 1288 componentia
725 1204 787 1267 sint
810 1202 1001 1281 substantiae,
1022 1211 1053 1266 et
1076 1202 1256 1287 compositio
1279 1202 1346 1287 ipsa

238 1313 292 1376 fiat
306 1336 370 1377 non
391 1315 545 1379 mediante
559 1315 662 1400 aliquo
677 1315 843 1379 accidente.
888 1313 981 1410 Quod
1004 1314 1030 1376 si
1046 1313 1085 1377 ad
1107 1314 1166 1378 hoc
1182 1315 1346 1398 requiritur

239 1424 366 1489 ulterius
389 1436 425 1490 ut
454 1450 552 1491 unum
575 1450 592 1491 e
617 1427 871 1511 componentibus
895 1427 936 1490 sit
958 1426 1175 1511 completivum
1199 1434 1230 1490 et
1259 1425 1345 1490 aliud
1453 1459 1455 1466 ·

238 1537 427 1621 complebile,
451 1560 514 1601 non
540 1538 687 1622 sequitur,
712 1537 842 1602 alterum
867 1561 932 1602 esse
961 1537 1188 1622 completivum,
1213 1536 1344 1601 alterum

238 1647 416 1732 complebile
425 1648 458 1711 in
474 1649 590 1712 ratione
605 1648 792 1726 substantiae,
804 1649 857 1712 sed
872 1656 994 1711 tantum
1009 1647 1042 1711 in
1058 1648 1174 1712 ratione
1186 1649 1344 1714 cuiusdam

237 1766 356 1822 naturae
366 1785 376 1838 3
400 1769 474 1823 sunt
497 1760 578 1823 enim
602 1760 743 1824 ordinata
764 1759 804 1823 ad
829 1759 1077 1824 constituendam
1099 1760 1263 1844 quamdam
1289 1784 1345 1825 ns-

237 1878 350 1949 turam,
374 1894 437 1934 non
462 1870 627 1955 quamdam
654 1870 870 1935 substantiam.
926 1869 1019 1934 Unde
1046 1871 1078 1934 S.
1095 1870 1226 1936 Thomas
1254 1873 1295 1956 (p.
1314 1876 1343 1936 l.

239 2004 269 2066 q.
287 1985 338 2047 75.
354 2005 381 2045 a,
398 1984 431 2066 2)
456 1973 551 2066 quum
571 1981 629 2046 sibi
644 1981 804 2046 obiecisset
825 1980 907 2066 qnod
927 2003 1019 2044 omne
1045 1981 1214 2046 subsistens
1234 1983 1345 2046 dicitur

238 2094 292 2155 doc
306 2093 427 2176 aliquid,
443 2093 545 2157 anima
559 2102 661 2157 autem
677 2101 802 2157 nonest
817 2094 870 2157 doc
884 2093 1007 2177 aliquid,
1022 2093 1076 2156 sed
1090 2094 1291 2178 compositum
1308 2117 1344 2158 ex

238 2203 340 2267 anima
363 2214 393 2267 et
416 2227 557 2288 corpore;
581 2227 655 2288 ergo
677 2205 779 2268 anima
803 2226 865 2268 non
888 2212 935 2268 est
957 2204 1073 2288 aliquid
1099 2206 1277 2285 subsistens,
1297 2230 1343 2271 re·

239 2316 388 2400 spondet:
412 2317 466 2380 Ad
475 2320 605 2401 primum
626 2317 785 2395 diemaro,
803 2317 882 2400 quod
901 2337 965 2380 rroc
984 2337 1124 2387 aaronis
1136 2326 1237 2400 potest
1252 2322 1345 2404 accipi

229 2430 412 2513 dupliciter:
435 2452 493 2493 ano
516 2430 598 2494 modo
613 2452 672 2513 pro
696 2451 873 2513 quocumque
893 2429 1074 2508 subsistente,
1096 2429 1155 2493 aiio
1175 2430 1258 2493 moda
1280 2450 1342 2493 rao

230 2562 457 2605 vsunsrsrrrrrrrr
480 2561 706 2605 cortinarom
729 2561 863 2603 urruns
877 2560 1033 2603 surculos
1055 2560 1194 2602 senemr.
1239 2542 1343 2605 Primo

237 2655 320 2717 modo
334 2655 461 2717 accludit
476 2656 674 2718 inhaerentiam
688 2653 845 2717 resideatis
859 2660 888 2716 et
896 2652 1004 2735 fornace
1017 2653 1197 2715 materialis:
1219 2656 1342 2717 secando

238 2767 321 2829 modo
345 2767 471 2829 escludit
491 2768 580 2829 ctiam
594 2765 840 2849 imperfectionem
859 2765 970 2846 partis.
1021 2764 1102 2827 Unde
1121 2786 1224 2828 manus
1241 2775 1344 2850 posset

238 2878 296 2939 dici
317 2879 371 2941 doc
390 2878 505 2961 aliquid
517 2879 615 2961 primo
638 2877 732 2955 modo,
747 2876 800 2939 sed
821 2897 879 2937 non
898 2875 1020 2938 secando
1040 2876 1132 2939 niodo.
1180 2878 1233 2940 Sic
1251 2879 1344 2961 ipitnr

238 2991 336 3051 naimo
365 2991 500 3068 humano,
517 3011 604 3072 qaam
632 2990 673 3051 sit
697 3008 771 3071 pars
793 2987 899 3071 speciei
924 2988 1063 3067 hamana,
1084 2995 1184 3069 potest
1207 2988 1265 3053 dici
1290 2991 1343 3053 hoc

233 3101 353 3189 aliquid
365 3104 465 3185 prinae
486 3102 579 3180 audo,
595 3104 680 3184 quasi
698 3102 865 3178 subsistens,
880 3100 933 3163 sed
951 3122 1009 3163 aon
1026 3100 1149 3163 secando
1170 3101 1277 3175 modo;
1299 3103 1342 3165 sic

237 3214 313 3275 enim
330 3216 518 3297 compositam
537 3236 574 3276 ea
593 3215 691 3276 anima
711 3221 740 3276 et
760 3234 879 3295 cuipare
901 3212 1008 3275 dicitur
1031 3212 1085 3274 doc
1099 3211 1219 3295 aliquid.
1265 3211 1343 3288 Quae

238 3326 340 3388 omnia
362 3325 540 3404 ostendunt,
556 3325 689 3389 animam
711 3346 766 3408 per
785 3322 1032 3387 coniunctionem
1047 3346 1117 3387 cum
1139 3346 1263 3409 corpore
1277 3347 1341 3390 non

238 3436 382 3520 compleri
397 3436 428 3499 in
440 3437 558 3500 ratione
567 3435 771 3513 subsistentis,
783 3456 852 3520 quae
866 3444 913 3499 est
927 3434 1048 3519 propria
1059 3436 1136 3500 ratio
1151 3436 1340 3518 substantiae,

238 3548 290 3611 sed
306 3557 428 3613 tantum
443 3549 475 3612 in
491 3550 608 3613 ratione
622 3557 740 3612 naturae
754 3547 912 3611 cuiusdam
930 3547 1051 3631 speciei.

224 3691 228 3695 -
259 3704 262 3709 J
283 3659 429 3744 Superest
451 3659 632 3724 elucidanda
656 3659 818 3723 difficultas
838 3668 904 3723 orta
927 3681 963 3723 ex
986 3658 1111 3743 ancipiti
1134 3683 1225 3724 sensu
1248 3684 1340 3746 quem

237 3769 329 3834 habet
341 3793 397 3835 vox
411 3773 599 3848 accidentalis
608 3773 640 3834 in
655 3771 864 3856 propositione
878 3769 930 3835 illa
942 3771 1167 3836 conditionata:
1192 3774 1228 3836 Si
1242 3776 1339 3838 anima

236 3890 280 3945 est
293 3883 458 3946 substantia
472 3884 623 3966 completa,
638 3886 700 3946 eius
720 3885 886 3947 terminatio
901 3884 942 3946 ad
953 3906 1057 3967 corpas
1071 3886 1128 3949 erit
1142 3886 1338 3949 accidentalis.
1357 3932 1364 3945 .

238 3993 373 4058 Notetur
391 3994 497 4078 igitur,
513 3994 652 4059 accidens
672 3994 792 4058 duobus
812 3995 910 4059 modis
928 3996 1022 4079 accipi
1036 4018 1145 4081 posse:
1169 4019 1232 4061 uno
1247 3998 1339 4062 modo

237 4106 408 4190 lopicapro
430 4106 567 4171 omnico
584 4105 668 4191 quod
690 4114 872 4190 potestesse
894 4113 924 4169 et
945 4106 1049 4171 abesse
1068 4107 1148 4171 salva
1168 4108 1340 4174 substantia

237 4240 292 4280 seu
314 4218 445 4282 essentia
460 4219 521 4282 rei:
545 4218 603 4283 alio
617 4218 710 4282 modo
726 4219 858 4302 physice,
875 4240 930 4303 pro
953 4219 1087 4303 eoquod
1108 4220 1209 4283 existit
1231 4220 1264 4284 in
1279 4222 1338 4286 alio

236 4337 394 4415 tamquam
414 4332 448 4395 in
471 4330 617 4396 subiecto.
663 4329 756 4407 Quod
771 4330 955 4395 'terminatio
979 4331 1087 4395 animae
1110 4331 1148 4395 ad
1167 4354 1276 4417 corpus
1299 4334 1339 4398 sit
