3200 4975
274 356 340 421 246
717 379 761 423 ur
777 379 925 424 suumn.
1222 357 1307 441 [cur.
1323 375 1378 418 111.

272 552 408 611 uectura
423 545 581 612 rationalis
595 546 662 611 luat
676 568 802 632 poennm
814 547 917 612 delicti
932 546 1010 611 nihil
1025 545 1064 611 de
1078 545 1190 611 delicto
1200 566 1257 609 suo
1267 545 1378 623 sciens,

271 652 373 721 nullos
394 678 548 721 remorsus
569 656 715 736 sentiens,
737 666 769 723 et
790 657 909 723 nnllam
931 656 1083 722 rationem
1104 676 1205 743 poeuae
1227 655 1261 720 in
1283 676 1377 741 poenn

270 764 450 851 percipiens.

313 877 453 945 lurotu.
476 878 546 945 Nisi
567 880 678 945 enimse
699 888 913 965 supponentur
935 878 1150 965 praeustitisse
1171 885 1203 942 et
1224 899 1375 963 poecasse,

270 988 378 1074 nequit
391 988 475 1055 reddi
491 990 568 1056 ratio
583 991 773 1057 miseriarum
788 992 882 1056 huius
897 990 1017 1056 mundi.
1060 990 1156 1074 Ergo.

313 1100 495 1187 Respondeo
522 1125 589 1188 nep.
617 1112 681 1169 cut.
710 1112 742 1167 ct
766 1125 846 1168 eous.
892 1102 1026 1167 Miserius
1048 1102 1142 1166 huius
1169 1099 1279 1165 mnndi
1300 1121 1374 1164 con·

269 1221 441 1297 requmtur
454 1221 597 1279 naturam
610 1213 763 1281 hominis:
785 1222 817 1280 et
831 1212 918 1279 nullu
928 1212 1108 1299 imaginaria
1119 1212 1284 1300 hypothesi
1294 1234 1373 1297 opus

269 1332 317 1387 est
330 1322 371 1389 sd
384 1346 436 1391 ens
449 1325 651 1411 explicandos.
696 1326 782 1391 hicet
796 1348 868 1391 vero
882 1325 975 1390 homo
985 1325 1019 1389 iu
1029 1325 1174 1410 praesenti
1185 1331 1268 1389 statu
1276 1323 1374 1388 multa

267 1437 412 1522 patiatur,
428 1461 446 1505 n
464 1439 577 1525 quibus
599 1440 747 1505 immunis
765 1440 875 1505 luisset
893 1440 932 1505 de
951 1440 1041 1520 facto,
1058 1438 1201 1503 siAdnm
1221 1461 1286 1503 non
1302 1460 1372 1523 pem-

266 1558 372 1631 cssset,
382 1562 414 1616 et
424 1551 467 1617 sio
478 1552 607 1618 miserioe
621 1552 714 1617 huius
723 1553 793 1618 vitae
807 1552 923 1618 habent
938 1552 976 1616 de
991 1552 1072 1617 lacto
1086 1550 1237 1617 rationem
1250 1571 1371 1635 poeuae:

231 1676 235 1687 '
267 1660 333 1729 luec
356 1672 460 1730 tamur
484 1686 578 1751 poena
603 1664 742 1731 consistit
767 1665 801 1730 in
826 1664 1033 1731 subtractione
1057 1664 1209 1729 donorum
1227 1686 1261 1728 sc
1280 1662 1371 1747 privi-

266 1772 415 1867 legiorum
439 1775 728 1861 supernaturalium,
742 1776 856 1861 quibus
877 1783 1005 1841 ornatus
1022 1776 1122 1840 iuerat
1136 1775 1255 1859 primus
1268 1773 1371 1851 homo,

266 1892 303 1949 nt
317 1884 486 1952 ostendunt
501 1886 646 1972 theologi.
693 1886 796 1963 Quare
810 1887 937 1952 miseria
952 1887 1045 1951 huius
1060 1886 1129 1951 vitae
1144 1885 1260 1950 habent
1278 1884 1371 1949 ratio·

265 2014 336 2058 nem
356 2014 456 2079 poense
476 2018 540 2061 non
553 2005 646 2082 prout
656 1986 840 2083 simpliciter
855 2006 1070 2084 comparantur
1085 2018 1249 2082 cumputo
1262 2004 1372 2060 natura

265 2102 410 2187 hominis,
426 2106 480 2172 scd
498 2115 591 2192 prout
605 2117 822 2194 comparantur
836 2131 906 2174 eum
923 2117 1006 2174 statu
1020 2108 1175 2195 primitivo
1189 2106 1372 2172 innoeentiae

266 2213 401 2299 gratuita
414 2214 573 2302 privilegis
586 2217 773 2283 includente.

306 2326 437 2409 Inquiro.
461 2326 546 2393 Finis
568 2329 612 2393 rei
633 2329 797 2415 respondet
819 2330 969 2415 principio
992 2331 1066 2395 eius.
1114 2329 1175 2394 Sed
1197 2329 1299 2393 anima
1320 2328 1368 2392 in-

263 2435 415 2504 tellectiva
429 2449 565 2506 remanet
580 2439 736 2507 destructo
751 2463 877 2527 corpore
885 2468 894 2523 ;
918 2464 991 2528 ergo
1006 2441 1066 2507 fuit
1081 2449 1153 2506 ante
1168 2462 1289 2526 eorpus.

308 2548 490 2636 Respondeo
504 2574 575 2616 eum
591 2552 623 2617 S.
636 2552 754 2640 Thomu
776 2554 819 2638 (p.
837 2558 867 2619 1.
882 2576 912 2639 q.
932 2556 1005 2619 118.
1021 2576 1047 2617 a.
1064 2555 1110 2636 3),
1120 2554 1200 2636 quod
1212 2554 1276 2632 hoc,
1292 2554 1370 2636 quod

262 2663 361 2726 ocimu
382 2672 510 2729 rocroort
531 2666 594 2729 siue
615 2687 735 2749 corpore
756 2667 900 2750 coutiupit
914 2688 972 2751 per
994 2667 1124 2749 eorporis
1145 2667 1368 2749 corruptiorem,

262 2798 326 2859 quc
346 2784 501 2841 corueeutu
515 2785 558 2842 eet
572 2800 609 2842 ec
616 2785 751 2860 peccato.
802 2778 885 2844 Unde
898 2801 956 2843 con
964 2779 1031 2862 filit
1045 2779 1225 2857 couveniens,
1240 2777 1320 2860 quod
1331 2777 1367 2839 ab

261 2887 315 2952 hoe
337 2888 496 2972 irreperent
510 2890 570 2952 Dei
593 2911 691 2972 apuu.
738 2888 870 2974 Insuper
896 2889 1001 2974 negari
1024 2896 1127 2974 potest
1153 2888 1250 2952 maior
1275 2909 1365 2972 argu·

263 2999 360 3064 menti
368 3025 378 3077 ;
401 3001 551 3085 quianon
565 3001 836 3084 estuniversaliter
850 3025 930 3067 veru.
963 3002 1042 3066 Vide
1056 3002 1150 3066 etium
1167 3002 1199 3067 S.
1216 3003 1366 3066 Thomam

263 3121 370 3177 contra
384 3120 468 3196 gent.
484 3111 537 3176 lib.
553 3115 584 3176 2.
600 3107 690 3191 e.'83,
705 3113 759 3175 84.

306 3225 359 3288 86.
384 3224 540 3301 Quaeritur
561 3225 704 3303 secundo,
720 3233 819 3288 utrum
840 3227 938 3288 auimo
960 3227 1087 3289 humanu
1109 3225 1334 3309 transfundatur
1347 3247 1366 3286 a

254 3337 432 3420 parentibus
445 3338 478 3399 irc
484 3337 579 3421 filios.

304 3447 495 3532 Respondeo‚
509 3447 593 3512 hunc
613 3447 707 3512 luisse
724 3406 856 3515 edrorem
880 3446 1125 3526 traducianorum,
1142 3447 1196 3533 qni
1216 3446 1364 3512 docebant

260 3560 395 3623 animam
403 3558 437 3622 in
445 3559 639 3643 generatione
650 3559 785 3624 hominis
795 3581 867 3624 eum
879 3535 995 3622 semine
1005 3557 1134 3623 traduci.
1182 3559 1251 3623 Hoc
1261 3567 1365 3624 autem

260 3694 325 3736 esse
347 3670 458 3736 falsum
480 3670 651 3737 ostenditur
681 3676 714 3735 1⁰
736 3672 809 3757 quia
831 3671 933 3736 anima
955 3671 1091 3735 humana
1112 3680 1159 3734 est
1182 3670 1311 3756 simplex
1332 3679 1362 3734 et

260 3783 437 3870 spiritualis,
453 3792 487 3848 ut
510 3806 601 3869 supra
622 3784 763 3849 habitum
785 3793 850 3862 est3
880 3805 945 3847 non
968 3805 1041 3866 ergo
1064 3791 1165 3867 potest
1187 3780 1363 3847 transfundi

259 3896 320 3960 nisi
336 3905 422 3976 tnta3
445 3918 537 3981 quare
555 3895 581 3959 si
598 3897 700 3960 anima
714 3919 750 3960 ex
764 3905 852 3980 patre
866 3896 899 3958 in
914 3893 1014 3958 filium
1029 3894 1296 3959 transfunderetur
1309 3917 1364 3979 per

260 4029 373 4087 semen,
385 4016 472 4092 pater
485 4007 519 4071 in
533 4014 609 4071 actu.
619 4007 785 4092 generandi
800 4009 954 4071 amitteret
970 4005 1115 4086 animem,
1127 4005 1211 4090 quod
1226 4007 1364 4071 videmus

259 4140 324 4183 non
344 4142 410 4184 esse
424 4142 528 4183 verum
537 4145 547 4198 3
569 4118 617 4183 vel
637 4119 728 4183 unica
749 4119 852 4182 anima
874 4127 954 4182 esset
977 4117 1070 4182 simul
1092 4117 1124 4182 in
1142 4126 1229 4202 petre
1243 4126 1275 4182 et
1289 4117 1361 4196 filio,

259 4231 342 4316 qnod
356 4230 448 4295 etiam
463 4239 509 4294 est
524 4230 645 4309 falsum,
657 4230 729 4314 quia
743 4230 849 4295 eadem
862 4229 967 4294 anima
981 4231 1090 4315 nequit
1106 4229 1257 4294 contraria
1271 4228 1362 4293 simul

257 4365 357 4425 agere,
380 4353 471 4425 prout
494 4351 623 4425 possunt
646 4351 732 4425 pater
753 4351 784 4405 et
806 4342 899 4405 filins.
945 4346 988 4407 2⁰.
1022 4341 1107 4438 Quia
1127 4363 1241 4421 semen,
1264 4362 1362 4426 quum
