3200 4975
234 358 307 401 car.
326 340 379 423 11.]
691 368 733 409 os
752 368 896 411 nonius.
1280 350 1341 411 163

233 527 346 590 mativa
361 537 396 590 ut
411 529 562 613 applicata
577 533 711 597 materiae
725 535 859 619 incapaci
875 535 1040 620 recipiendi
1057 537 1159 616 vitam,
1175 538 1286 622 partim
1302 560 1337 602 ex

232 639 365 722 eoquod
381 639 599 725 incomposito
619 642 672 707 illo
695 656 867 724 exerceatur
891 657 1111 732 cousequenter
1131 649 1170 713 ad
1193 649 1337 712 informa-

231 748 365 828 tionem3
389 773 486 835 quum
501 754 582 816 enim
604 777 658 839 per
679 755 925 822 informationem
950 768 1013 824 tota
1035 761 1144 824 animae
1166 761 1338 824 substantia

232 859 415 948 terminetur
428 861 468 925 ad
483 885 593 949 corpus
611 866 695 949 quod
715 866 871 945 informat,
894 879 926 932 et
948 871 1172 954 quodammodo
1195 870 1338 961 alligetur

230 971 355 1057 physice
385 996 441 1037 suo
466 975 595 1059 corpori,
621 976 667 1041 vis
692 979 807 1042 motiva
836 980 1024 1044 exercebitur
1053 994 1272 1066 consequenter
1297 982 1336 1046 ad

230 1083 439 1166 alligationem
461 1086 564 1165 illam3
588 1097 619 1151 et
634 1089 677 1153 sic
691 1112 756 1154 non
769 1090 831 1154 nisi
852 1115 923 1157 cum
943 1091 1146 1177 dependentia
1160 1093 1198 1157 ab
1213 1092 1335 1176 organis

229 1203 261 1258 et
274 1218 329 1279 per
343 1218 458 1280 organa
474 1199 607 1263 movebit
621 1199 680 1264 alia
695 1222 831 1287 corpora.

274 1307 463 1386 Generaliter
490 1333 565 1394 ergo
591 1311 636 1375 vis
663 1313 786 1391 motiva,
814 1335 882 1398 quae
907 1313 1012 1377 estin
1038 1317 1214 1399 composito,
1241 1314 1335 1380 libere

229 1419 400 1504 applicatur
414 1422 460 1485 vel
483 1423 522 1486 ad
544 1424 729 1488 movendum
753 1425 854 1510 ipsum
877 1449 987 1511 corpus
1010 1427 1217 1506 informatum,
1233 1428 1280 1492 vel
1295 1428 1335 1492 ad

230 1532 379 1597 movenda
401 1533 459 1597 alia
478 1557 621 1620 corpora:
645 1537 765 1622 corpori
786 1537 951 1601 informato
972 1539 1141 1623 applicatur
1160 1540 1335 1604 immediate

228 1663 284 1725 pro
300 1643 465 1725 organismi
479 1645 695 1730 dispositione:
719 1647 786 1712 aliis
800 1649 977 1733 corporibus
992 1649 1162 1734 applicatur
1181 1651 1333 1716 mediante

229 1764 319 1836 motu
331 1754 465 1840 corporis
480 1757 647 1821 informati.

674 2066 815 2131 CAPUT
839 2068 882 2130 ΙΙ.

387 2257 437 2310 DE
454 2256 614 2311 NATURA
633 2257 680 2311 ΕΤ
698 2258 989 2314 FAOULTATIBUS
1009 2259 1177 2314 HOMINIS.

267 2426 320 2488 38.
345 2423 486 2488 Vidimus
508 2423 666 2509 bucusque
688 2425 842 2510 quomodo
865 2448 901 2490 ex
921 2425 1031 2512 spiritu
1056 2438 1086 2490 et
1111 2427 1235 2491 matoria
1257 2449 1329 2491 oon-

225 2537 292 2600 flari
307 2538 403 2622 possit
418 2560 515 2600 unum
531 2560 585 2621 per
600 2560 632 2601 se
646 2538 849 2622 compositum
873 2538 1021 2617 naturale,
1043 2549 1073 2603 et
1089 2562 1157 2623 quae
1172 2540 1330 2603 facultates

224 2648 374 2711 resultent
396 2670 432 2712 ex
454 2648 613 2733 utriusque
643 2649 822 2713 substantiae
850 2650 883 2713 in
914 2672 1007 2714 unam
1037 2660 1179 2713 naturam
1208 2650 1329 2734 conspi-

225 2760 352 2824 ratione.
397 2758 474 2837 Quae
488 2770 591 2824 autem
607 2760 786 2838 dictasunt,
803 2762 1012 2826 universaliter
1030 2762 1216 2827 conveniunt
1230 2762 1329 2825 omni·

224 2872 282 2937 bus
294 2872 440 2936 creaturis
454 2872 646 2936 intellectivis
662 2872 753 2936 simul
765 2881 796 2937 et
809 2873 970 2952 sensitivis,
983 2896 1051 2957 quae
1066 2872 1183 2958 concipi
1198 2882 1329 2957 possunt

222 2984 376 3063 creabiles,
391 2975 462 3047 licet
473 2984 511 3047 ab
523 2984 648 3048 homine
658 2984 691 3046 in
702 2983 843 3068 pluribus
858 2985 981 3067 organis
996 2984 1170 3049 differrentr
1193 2994 1228 3049 ut
1241 2986 1329 3070 siqui

222 3105 325 3159 essent
339 3095 524 3160 habitatores
546 3095 748 3180 planetarum,
772 3105 826 3158 aut
849 3095 979 3159 aliorum
1001 3107 1163 3176 astrorum,
1189 3120 1261 3165 euru
1284 3098 1328 3160 di-

222 3231 308 3272 versa
323 3209 456 3292 corporis
471 3207 698 3271 constitutione.
744 3208 849 3285 Nunc,
864 3208 983 3271 inverso
1006 3208 1122 3287 ordine,
1143 3231 1178 3271 ex
1193 3231 1228 3273 eo
1247 3208 1329 3293 quod

222 3321 255 3382 in
276 3318 400 3382 homine
419 3318 612 3381 inveniantur
635 3339 741 3381 omnes
761 3316 921 3381 facultates
945 3320 1074 3402 propriae
1103 3319 1263 3403 compositi
1293 3342 1329 3383 ex

222 3431 332 3515 spiritu
360 3439 390 3493 et
421 3430 556 3508 materia,
589 3429 677 3494 facile
711 3429 873 3493 ostendere
907 3452 1070 3514 possumus
1106 3431 1263 3495 bominem
1292 3454 1329 3495 ex

222 3542 333 3626 spiritu
362 3552 393 3605 et
423 3542 549 3605 materia
582 3564 647 3605 esse
679 3540 893 3626 compositum.
932 3533 1036 3605 ¹Num
1067 3542 1101 3605 in
1129 3564 1191 3627 quo
1220 3542 1327 3607 insunt

220 3653 380 3717 facultates
401 3654 531 3737 propriae
553 3652 646 3716 solius
669 3652 830 3737 compositi
852 3675 889 3716 ex
911 3652 1022 3738 spiritu
1043 3661 1074 3717 et
1092 3654 1227 3733 materia,
1244 3655 1277 3717 in
1292 3676 1327 3717 eo

220 3774 268 3829 est
290 3764 470 3849 compositio
501 3764 626 3848 spiritus
649 3773 680 3827 et
702 3764 847 3829 materiae.
891 3765 990 3849 Atqui
1012 3765 1045 3829 iu
1067 3764 1192 3829 homine
1220 3766 1328 3829 insunt

221 3875 381 3941 facultates
402 3874 531 3960 propriae
552 3875 646 3939 solius
667 3876 828 3960 compositi
842 3899 879 3939 ex
893 3876 1004 3960 spiritu
1020 3886 1050 3939 et
1066 3877 1199 3965 materia.
1244 3877 1329 3961 Ergo

221 3989 314 4052 bomo
336 3998 383 4051 est
405 3986 592 4071 compositus
613 4009 650 4050 cx
672 3986 783 4071 spiritu
803 3996 835 4051 et
849 3987 986 4051 materia.
1032 3987 1136 4053 Huius
1158 3987 1328 4073 syllogismi

220 4104 317 4165 maior
338 4109 385 4164 est
407 4098 548 4164 evidens:
573 4098 672 4163 minor
693 4121 764 4162 vero
786 4099 960 4162 ostenditur
991 4098 1199 4163 enumerando
1231 4099 1327 4164 facul-

221 4221 312 4291 tates,
323 4234 391 4296 quae
405 4219 578 4274 noscuntur
598 4210 697 4273 inesse
712 4209 841 4289 bomini,
857 4219 887 4273 et
903 4210 1140 4274 demonstrando
1155 4211 1237 4296 quod
1251 4211 1328 4277 tales

220 4324 382 4390 facultates
404 4324 468 4387 sint
488 4322 619 4408 propriae
645 4320 740 4387 solius
765 4322 926 4406 compositi
949 4346 985 4387 ex
1007 4323 1117 4408 spiritu
1140 4332 1170 4387 et
1193 4324 1327 4390 materia

1094 4455 1120 4497 u
1136 4438 1157 4499 2
