3200 4975
288 374 351 436 118
735 392 778 435 ur
796 364 944 435 nourrius.
1263 368 1352 453 [car.
1370 388 1394 431 1.

330 553 484 618 Tractatio
505 554 571 618 luae
592 553 692 619 tribus
717 552 893 619 absolvetur
916 553 1087 639 capitibus:
1118 561 1210 638 atque
1232 560 1341 637 agetur
1361 551 1395 615 in

286 666 386 751 primo
408 666 446 729 de
468 666 636 750 composito
657 688 694 731 ex
716 666 827 751 spiritu
851 674 882 730 et
904 665 1031 730 materia
1052 664 1231 749 generatim,
1247 663 1395 748 exipsius

287 778 414 862 spiritus
434 800 469 843 ac
487 778 621 842 materia
638 777 834 842 notionibus:
862 778 895 841 in
915 777 1049 842 secundo
1067 777 1105 841 de
1122 775 1257 856 homine,
1272 773 1394 861 qualem

286 890 319 954 in
336 912 436 954 rerum
459 898 569 953 natura
583 889 731 967 videmus,
747 912 782 953 ac
800 889 968 974 praesertim
991 888 1029 954 de
1047 888 1165 953 anima:
1189 888 1222 953 in
1244 888 1335 952 tertio
1355 886 1394 951 de

285 1010 366 1081 ortu,
389 1001 571 1081 evolutione,
593 1012 624 1066 et
646 1002 775 1067 interitu
795 1000 942 1081 hominis,
961 1001 1016 1066 ubi
1037 1001 1129 1066 etiam
1151 1021 1215 1065 non
1237 1022 1334 1085 panea
1356 998 1394 1062 de

286 1113 422 1178 idearum
438 1113 557 1199 origine
571 1114 774 1199 attingentur.

745 1377 885 1441 CAPUT
901 1377 928 1443 Ι.

315 1557 366 1611 DE
384 1556 597 1611 OOMPOSITO
615 1556 668 1610 EX
688 1556 842 1611 SPIRITU
861 1555 908 1610 ET
928 1554 1106 1610 MATERIA
1125 1554 1361 1611 GENERATIM.

329 1718 361 1778 2.
384 1713 434 1777 Ad
463 1722 605 1777 naturam
635 1712 807 1797 compositi,
839 1711 876 1776 da
905 1734 967 1797 quo
989 1711 1120 1796 agimus,
1150 1711 1244 1796 probe
1277 1734 1390 1797 cogno-

286 1829 439 1909 scendam,
454 1829 575 1915 expedit
591 1828 794 1894 substantiam
810 1838 877 1892 turn
894 1828 1093 1913 spiritualem,
1109 1838 1176 1893 turn
1193 1830 1389 1908 materialem,

285 1945 344 2007 iam
360 1965 424 2006 non
439 1942 471 2005 in
487 1964 520 2005 se
534 1949 565 2005 et
580 1940 729 2021 absolute,
746 1942 826 2005 sieut
842 1962 934 2026 supra
948 1940 1087 2021 lecimus,
1104 1940 1157 2005 sed
1175 1941 1298 2005 relative
1318 1963 1389 2005 oon-

285 2055 425 2133 siderare,
437 2062 530 2138 atque
544 2052 696 2139 inquirere
711 2076 751 2116 an
765 2062 797 2117 et
811 2051 965 2137 quomodo
980 2052 1073 2117 altera
1088 2052 1176 2116 alteri
1191 2053 1252 2117 sive
1263 2075 1389 2138 propor-

284 2167 431 2245 tionetur,
456 2166 518 2229 sive
545 2164 767 2250 proportionari
791 2164 940 2249 indigeat,
962 2173 998 2227 ut
1022 2164 1111 2229 unica
1135 2187 1172 2228 ex
1197 2163 1258 2228 illis
1280 2172 1390 2228 natura

282 2276 465 2340 efflorescere
488 2275 594 2359 possit.
641 2272 738 2339 Cuius
752 2275 960 2359 inquisitionis
980 2275 1096 2340 utilitas
1114 2276 1238 2339 evidens
1258 2284 1304 2339 est
1314 2303 1324 2355 3
1347 2276 1387 2340 si-

283 2388 407 2473 quidem
419 2387 551 2471 oognitis
559 2388 625 2451 eius
637 2410 693 2472 ope
705 2388 934 2453 conditionibus
946 2388 1091 2473 utrinque
1102 2388 1257 2473 requisitis
1268 2388 1307 2452 ad
1318 2410 1388 2473 pos·
1476 2461 1480 2470 Ι

283 2500 459 2565 sibilitatem
474 2500 704 2585 compositionis
719 2501 853 2585 partium
869 2501 902 2564 in
917 2502 1067 2565 unitatem
1079 2510 1207 2580 naturae,
1219 2501 1301 2586 ipsas
1311 2523 1386 2586 quo-

282 2635 341 2698 que
362 2619 463 2696 partes
485 2612 584 2696 magis
599 2611 799 2676 determinate
815 2634 1045 2696 cognoscemus,
1059 2621 1090 2676 et
1105 2635 1175 2677 eum
1192 2613 1304 2676 maiore
1318 2635 1387 2698 per·

281 2723 442 2809 spicuitate
458 2733 598 2787 naturam
613 2746 647 2787 ac
665 2723 865 2808 proprietates
884 2723 1053 2808 compositi,
1069 2748 1087 2788 a
1105 2727 1213 2808 priori,
1229 2733 1387 2808 tamquam

281 2836 423 2901 effectum
441 2858 477 2899 ex
496 2857 586 2899 causa
602 2835 797 2900 deducemus.
843 2835 945 2912 Quare
957 2845 1049 2921 caput
1060 2837 1159 2901 hocin
1172 2847 1233 2902 tres
1244 2837 1388 2902 articulos

281 2949 456 3032 partiemur,
468 2955 593 3032 agentes
604 2949 636 3010 in
646 2947 793 3031 primodo
804 2947 1032 3012 conditionibus
1044 2947 1260 3033 praerequisitis
1270 2947 1309 3032 ad
1317 2971 1387 3033 pos·

281 3060 456 3125 sibilitatem
473 3060 633 3143 compositi
649 3082 686 3123 ex
701 3059 813 3143 spiritu
828 3068 858 3124 et
878 3059 1014 3138 materia,
1027 3059 1058 3122 in
1075 3060 1207 3124 secundo
1223 3059 1261 3124 de
1274 3061 1387 3125 consti&

281 3170 400 3235 tutione
415 3170 580 3234 intrinseca
594 3169 665 3233 talis
681 3171 852 3253 compositi,
868 3159 901 3234 in
919 3175 1009 3236 tertio
1026 3171 1063 3234 de
1078 3171 1143 3235 eius
1157 3170 1363 3235 facultatibus.

551 3377 555 3386 '
664 3393 849 3438 narremus
866 3395 1002 3438 smnus.

323 3529 371 3594 De
385 3529 595 3629 reditionibus
603 3531 813 3612 possibilitatis
829 3531 979 3614 compositi
994 3554 1031 3595 ee
1044 3533 1152 3615 spiritu
1167 3540 1195 3595 et
1209 3535 1343 3596 materia.

323 3681 354 3744 3.
378 3681 541 3758 Quaeritur.
555 3703 629 3765 ergo
649 3682 760 3766 primo,
777 3706 816 3744 ou
835 3684 942 3766 queuis
964 3686 1086 3749 materia
1109 3692 1179 3766 opto
1193 3686 1235 3747 sa't
1249 3687 1386 3768 coniungi

279 3815 343 3856 cum
357 3794 465 3876 spiritu
479 3794 511 3855 ia
525 3795 667 3857 unitatem
681 3802 803 3858 actare

322 3904 503 3990 Respondeo
521 3905 670 3989 negative.
717 3905 809 3984 Nam,
833 3928 928 3990 quum
950 3905 1052 3969 unitas
1070 3913 1187 3969 naturae
1207 3907 1382 3990 compositae

235 4078 241 4088 ,
276 4016 381 4100 exigat
396 4038 495 4079 unum
510 4016 695 4101 principium
711 4015 905 4101 adaequatum
926 4015 1137 4100 operationum
1153 4025 1185 4080 et
1205 4016 1381 4100 passionum

276 4148 311 4192 ex
326 4127 541 4192 coniunctione
556 4128 804 4212 componentium
820 4127 981 4207 resultans,
997 4137 1072 4192 tunc
1086 4137 1209 4192 tautum
1230 4136 1331 4212 potest
1346 4151 1382 4192 ex

276 4240 395 4304 duabus
410 4238 500 4304 unica
510 4246 620 4302 natura
631 4239 706 4318 ficri,
720 4239 844 4324 quaudo
855 4239 999 4304 distincta
1012 4238 1160 4324 principia
1171 4239 1382 4324 operationum

275 4362 306 4415 et
320 4350 498 4435 passionum
515 4349 675 4434 utriusque
690 4361 822 4435 possunt
845 4351 883 4414 ad
907 4351 1034 4415 unicum
1058 4351 1249 4434 adaequatum
1272 4351 1386 4436 princi-
