3200 4975
264 333 329 396 358
651 351 693 395 ns
708 349 964 395 accinaumaus.
1056 391 1059 397 ,
1215 328 1300 413 [car.
1318 348 1372 391 111.

265 520 334 585 aliis
356 520 512 606 passiones
535 520 660 585 divense
685 519 831 585 rationis:
866 527 898 583 et
923 518 982 583 hoo
1007 518 1055 583 vel
1078 526 1264 597 constanter,
1289 516 1373 602 quod

268 629 393 697 denotat
408 631 500 697 talem
515 631 643 697 modum
656 630 768 716 agendi
782 638 835 695 aut
851 628 987 715 patiendi
1001 650 1067 694 esse
1081 629 1120 693 de
1134 638 1246 693 natura
1259 628 1313 706 rei,
1325 626 1373 691 vel

269 742 466 823 mutabiliter,
481 743 565 830 quod
581 742 671 809 nobis
687 742 822 808 ostendit
839 742 933 807 talem
955 741 1081 806 modum
1108 740 1218 824 agendi
1242 748 1297 804 aut
1319 761 1373 824 pa·

271 855 369 920 tiendi
390 856 524 921 accidere
544 864 662 921 natura
685 854 747 919 iam
772 855 807 919 in
834 876 866 919 se
889 852 1072 917 constitutae.
1119 852 1203 916 Hinc
1228 852 1375 935 sequitur,

269 989 393 1031 omnem
414 967 593 1052 qualitatem
614 967 677 1032 sive
698 966 901 1044 essentialem,
922 964 984 1029 sive
1006 963 1223 1029 accidentalem
1245 962 1375 1028 alieuius

270 1076 449 1141 substantia
470 1080 633 1142 connotare
647 1077 695 1142 vel
717 1076 883 1163 qnamdam
904 1076 1054 1140 rationem
1069 1074 1189 1159 agendi,
1205 1074 1251 1138 vel
1267 1096 1376 1159 quam-

272 1186 342 1251 dam
356 1186 506 1251 rationem
518 1186 673 1271 patiendis
696 1196 727 1252 et
742 1187 811 1252 ideo
823 1186 986 1251 dicendum
998 1194 1054 1264 est,
1065 1208 1188 1249 omnem
1197 1184 1375 1270 qualitatem

271 1319 337 1361 csse
358 1298 624 1365 determinatimcem
645 1301 677 1363 in
698 1299 797 1384 aliquo
820 1301 990 1363 existentem
1012 1298 1053 1361 ad
1064 1297 1243 1381 peculiares
1261 1297 1378 1361 niodum

273 1412 398 1476 actionis
412 1420 464 1477 aut
473 1415 633 1497 passionis,
648 1436 717 1498 quae
731 1413 779 1478 vel
803 1413 967 1477 comitatur
994 1434 1113 1496 semper
1132 1420 1273 1475 naturam
1293 1409 1378 1473 illius

272 1533 302 1587 et
333 1524 446 1589 dicitur
474 1525 631 1604 naturalis,
652 1525 700 1589 vel
725 1524 889 1610 aliqnando
918 1546 982 1588 non
1011 1523 1184 1602 comitatur,
1208 1532 1239 1587 et
1265 1521 1378 1585 dieitur

271 1636 486 1720 superveniens
500 1645 629 1716 naturae,
644 1659 698 1701 seu
712 1635 907 1701 accidentalis
921 1634 976 1699 illi.

314 1750 366 1811 58.
391 1746 546 1823 Quaeritur
568 1746 711 1827 secundo,
726 1757 825 1812 utrum
848 1749 879 1811 in
900 1747 1027 1830 simplici
1041 1749 1171 1810 materie
1186 1746 1323 1809 elemento
1336 1748 1393 1825 sit

273 1859 374 1943 aliqrra
388 1860 526 1943 qualitas.

318 1970 500 2053 Respondeo
514 1970 664 2055 negative,
680 1969 706 2034 si
720 1979 830 2054 agatur
845 1969 882 2033 de
898 1969 1046 2054 qualitate
1061 1968 1248 2033 accidentali.
1294 1969 1378 2032 Nam

274 2081 306 2143 in
322 2080 472 2144 elemento
487 2082 621 2145 materiae
634 2081 713 2145 nihil
727 2080 811 2146 aliud
826 2092 872 2145 est
887 2081 997 2165 primo,
1008 2079 1068 2144 nisi
1083 2080 1210 2144 materia
1221 2088 1251 2143 et
1261 2080 1378 2143 forma:

275 2212 373 2275 quum
383 2198 487 2254 autem
501 2190 599 2254 forma
613 2212 676 2254 non
692 2190 733 2254 sit
746 2190 908 2275 receptiva,
918 2200 949 2254 et
964 2190 1090 2254 materia
1104 2213 1168 2253 non
1179 2190 1303 2275 recipiat
1318 2190 1381 2253 nisi

275 2310 394 2365 motum
409 2301 545 2382 localem,
561 2302 614 2387 qui
628 2324 692 2365 non
706 2310 752 2366 est
769 2303 911 2387 qualitas,
927 2302 981 2366 sed
995 2310 1082 2366 actus
1096 2302 1176 2367 entis
1191 2303 1222 2366 in
1241 2302 1381 2387 potentia

275 2422 312 2478 ut
333 2413 366 2477 in
387 2414 544 2500 potentia3
566 2414 705 2499 sequitur
727 2413 845 2478 nullam
868 2414 1047 2500 qualitatem
1070 2414 1191 2500 proprie
1214 2413 1326 2479 dictam
1345 2415 1379 2477 in

275 2525 569 2618 elementoladmitti
590 2547 687 2610 posse.
734 2524 850 2588 Verum
873 2525 997 2609 quidem
1020 2533 1076 2604 est,
1092 2547 1157 2589 esse
1179 2525 1212 2588 in
1228 2525 1380 2590 elemento

275 2637 419 2701 virtutem
445 2636 590 2700 motivam
615 2644 647 2700 et
671 2635 841 2720 potentiam
868 2636 1040 2720 passivam:
1069 2637 1123 2701 sed
1145 2637 1194 2702 hae
1217 2660 1279 2702 non
1306 2649 1379 2703 sunt

273 2748 434 2833 qualitates
444 2748 654 2827 accidentales,
665 2771 763 2833 quum
774 2748 838 2812 sint
851 2747 888 2812 de
900 2748 1073 2813 substantia
1083 2749 1137 2812 rei.
1175 2750 1257 2814 Nam
1269 2759 1380 2814 natura

275 2859 380 2924 formae
405 2861 569 2925 materialis
591 2840 644 2924 cst
661 2860 876 2954 determinatio
898 2859 1064 2924 intrinseca
1088 2869 1119 2924 et
1149 2863 1317 2926 necessaria
1340 2861 1379 2926 ad

274 2972 459 3036 movendum
489 2972 548 3065 alia
572 2972 739 3061 localiterr,
757 2972 784 3036 si
809 2973 891 3037 enim
917 2971 982 3036 haec
1005 2972 1218 3037 determinatio
1243 2973 1380 3052 tollatur,

275 3083 354 3147 nihil
368 3083 478 3169 reliqui
493 3083 586 3148 estin
601 3083 656 3148 tali
670 3067 849 3168 forma,'per
864 3083 947 3168 quod
962 3084 1082 3168 concipi
1097 3087 1203 3169 possit.
1235 3085 1292 3148 Est
1307 3107 1380 3169 ergo

276 3194 463 3260 elementum
474 3190 632 3260 ¹materiale
646 3173 848 3259 essentialiter
863 3195 1100 3259 determinatum
1115 3196 1154 3260 ad
1162 3197 1327 3280 agendum,
1338 3207 1381 3276 et,

277 3315 429 3392 qnantum
450 3315 496 3370 est
519 3307 557 3389 de
572 3329 614 3401 se,
629 3305 691 3370 iam
705 3316 751 3371 est
769 3283 874 3370 in'sao
889 3314 959 3371 actn
974 3308 1083 3391 primo,
1099 3316 1130 3372 et
1144 3309 1312 3374 dummodo
1326 3309 1381 3374 ad·

274 3419 319 3494 ¹sit
334 3418 498 3497 obiectum,
512 3418 546 3480 in
562 3440 622 3513 qno
637 3418 703 3482 eins
720 3417 799 3482 actio
821 3418 994 3503 recipiatur,
1009 3429 1079 3504 aget
1098 3421 1131 3484 in
1149 3430 1219 3484 actu
1237 3421 1379 3487 secundo.

278 3529 370 3593 Unde
385 3526 675 3603 determinatiolhaec
689 3552 752 3593 non
767 3538 814 3594 est
829 3510 968 3614 qualitas,
985 3532 1038 3595 sed
1052 3531 1221 3616 proprietas
1236 3533 1382 3598 essentia·

274 3641 315 3705 lis
330 3639 510 3705 substantiae
523 3640 696 3719 materialis,
708 3641 787 3704 sicut
803 3646 871 3704 ess'e
882 3642 1028 3706 rationale
1043 3651 1167 3708 nonest
1181 3644 1313 3728 qualitas
1327 3645 1381 3710 sed

277 3752 446 3840 proprietas
460 3753 630 3846 essentialis
644 3753 791 3817 hominis·
834 3753 885 3816 Ad
896 3753 1034 3818 vitandas
1049 3763 1151 3820 autem
1166 3756 1379 3837 cavillationes,

277 3874 411 3946 notetur,
427 3851 521 3951 quod'-
532 3842 746 3951 determinatio
761 3860 808 3930 'ad
829 3864 1024 3945 movendum,
1039 3865 1109 3930 licet
1131 3866 1164 3930 in
1185 3889 1218 3931 re
1241 3867 1322 3933 idem
1341 3869 1380 3933 sit

277 3977 360 4062 quod
374 3977 473 4042 forma
487 3977 663 4056 materialis,
679 3977 882 4060 distinguitur
896 3987 1000 4041 tamen
1014 3977 1052 4042 ab
1068 4001 1103 4042 ea
1117 3979 1287 4044 secundnm
1309 4003 1381 4044 con·

278 4087 491 4152 siderationem
505 4087 747 4173 metaphysicam
760 4114 767 4152 :
790 4085 862 4172 quia
875 4087 973 4152 forma
983 4096 1019 4152 ut
1031 4088 1074 4153 sic
1085 4089 1158 4152 dicit
1166 4101 1269 4154 aetum
1282 4091 1380 4175 primo

277 4198 497 4262 terminabilem
508 4197 548 4262 ad
558 4221 644 4262 suam
657 4199 826 4278 materiam,
838 4199 1050 4264 determinatio
1059 4223 1128 4266 vero
1142 4201 1182 4264 ad
1196 4201 1381 4266 movendum

279 4308 352 4372 dicit
367 4310 495 4372 formam
511 4311 571 4373 iam
588 4310 687 4394 primo
701 4311 896 4374 terminatam
911 4311 950 4375 ad
965 4334 1051 4398 suam
1066 4311 1234 4392 materiam,
1250 4323 1280 4377 et
1295 4337 1382 4399 para·
