3200 4975
271 330 292 393 6
582 354 624 397 nc
641 354 844 400 sussmums
860 350 1063 397 srsmnusur.
1243 330 1332 416 [cnr.
1349 349 1374 391 1.

270 518 454 585 lectissimus
474 522 678 605 cognoscendi
701 522 821 600 modus,
837 544 899 606 quo
918 529 949 585 et
964 522 1051 585 Deus
1072 520 1206 603 seipsum
1225 519 1259 582 in
1278 517 1376 601 seipso

272 632 437 715 cognoscit.

315 747 344 808 5.
370 743 526 821 Quaeritur
545 746 689 825 secundo,
711 755 812 811 utrum
832 755 916 811 actus
934 745 1127 810 intellecticue
1150 744 1321 808 terminatus
1339 740 1379 804 cd

266 858 421 939 proprium
435 880 496 921 esse
509 866 543 923 ut
556 860 615 922 siti
629 868 697 923 actu
712 858 904 943 cognoscibile
923 865 1002 922 reete
1021 857 1188 940 comparari
1196 856 1294 939 possit
1307 852 1376 937 fcr-

272 988 324 1027 moe
338 968 526 1033 substantiali
540 970 689 1034 materiali
704 972 867 1035 terminate
882 970 923 1033 cel
933 970 1087 1033 materiam
1095 969 1235 1051 primam.

317 1076 498 1161 Respondes
522 1081 709 1145 affirmative.
756 1080 837 1146 Num
863 1080 942 1145 sicut
967 1080 1094 1144 materia
1116 1079 1215 1162 primu
1237 1098 1300 1141 non
1330 1085 1377 1139 est

272 1188 333 1252 nisi
352 1212 429 1274 pura
449 1193 588 1275 potentia
606 1192 798 1257 terminatius
812 1192 927 1270 tormae,
943 1191 988 1255 ite
1002 1214 1068 1255 esse
1082 1188 1285 1274 intelligibile,
1301 1210 1376 1273 quo·

272 1300 463 1387 tiescumque
478 1304 581 1388 egitur
596 1303 634 1368 de
649 1316 796 1382 creature,
808 1304 881 1368 dicit
895 1326 1005 1387 purum
1014 1302 1183 1387 potentium
1192 1300 1377 1366 terminandi

273 1420 376 1475 ectum
395 1413 624 1495 intellectivam,
640 1438 736 1500 quum
759 1414 953 1499 intelligibile
975 1415 1016 1478 sit
1038 1414 1071 1477 in
1093 1413 1232 1499 potentie
1253 1411 1293 1475 cd
1312 1433 1377 1475 csse

273 1522 483 1589 intellectum:
506 1534 537 1589 et
560 1526 638 1590 sicut
660 1526 785 1590 materia
805 1525 898 1589 habet
918 1525 1053 1611 primum
1075 1547 1141 1589 esse
1161 1532 1231 1588 actu
1247 1546 1301 1607 per
1315 1522 1376 1586 fcr-

273 1656 365 1712 mam,
382 1645 412 1698 ct
428 1657 490 1699 non
505 1636 588 1701 uliud
603 1659 775 1721 essequam
796 1636 897 1720 ipsum
921 1636 1082 1721 proprium
1098 1636 1212 1714 formae,
1228 1635 1271 1698 itu
1288 1632 1377 1697 intel·

272 1745 389 1829 ligibile
409 1746 502 1812 babet
524 1750 659 1833 primum
678 1772 743 1813 esse
764 1757 834 1813 actu
849 1748 1039 1813 intellectum
1055 1757 1226 1832 peractum
1241 1746 1376 1809 intellec·

273 1857 398 1936 tualem,
420 1867 451 1922 et
473 1881 536 1923 non
557 1859 640 1923 uliud
658 1883 733 1938 esse,
749 1884 843 1945 quam
863 1859 1021 1945 proprium
1040 1882 1104 1923 esse
1124 1858 1258 1922 eiusdem
1279 1867 1376 1922 uetus.

276 1966 422 2033 Similiter
436 1969 515 2034 sicut
530 1970 627 2034 formu
642 1971 806 2035 materialis
822 1972 929 2054 nequit
944 1972 1071 2035 existere
1086 1970 1146 2034 nisi
1162 1969 1324 2034 terminata
1338 1967 1378 2031 ud

275 2099 361 2141 suum
381 2081 550 2159 materiem,
572 2081 614 2146 ita
636 2082 743 2166 nequit
763 2082 890 2147 existere
908 2091 994 2146 ectus
1017 2081 1220 2146 intellectivus
1238 2080 1298 2143 nisi
1317 2088 1377 2142 ter-

273 2189 409 2254 minetur
423 2192 460 2255 cd
477 2215 568 2256 suum
584 2215 649 2257 esse
660 2192 856 2277 intelligibile
864 2221 874 2273 3
898 2194 941 2258 sic
955 2194 1037 2258 enim
1054 2193 1213 2256 ordinatur
1228 2201 1315 2255 actus
1330 2190 1377 2253 in-

272 2299 453 2366 tellectualis
473 2303 513 2367 ud
531 2327 622 2367 suurn
644 2305 810 2367 terminum
830 2304 1055 2389 intelligibilem
1070 2304 1282 2380 intrinsecum,
1298 2303 1377 2365 sicut

273 2410 433 2476 ordinatur
447 2413 546 2479 forma
561 2414 740 2479 substautiae
750 2416 914 2479 materialis
926 2416 964 2479 ud
975 2439 1064 2479 suum
1077 2415 1243 2479 terminum
1255 2412 1376 2477 muteri-

273 2522 362 2587 ulem.
406 2524 558 2611 Denique,
575 2549 614 2590 ne
634 2526 723 2611 plura
742 2550 916 2612 persequar,
932 2529 1010 2591 sicut
1032 2550 1068 2591 ex
1086 2525 1210 2590 materia
1230 2534 1261 2589 et
1280 2526 1378 2588 forma

273 2634 405 2700 habetur
419 2660 516 2701 unum
532 2661 586 2702 ens
602 2638 724 2717 mobile,
737 2639 943 2725 metaphysice
958 2639 1081 2723 quidem
1097 2637 1312 2721 compositum,
1324 2635 1377 2698 sed

273 2746 397 2833 physice
419 2748 555 2832 simplex,
571 2755 607 2813 ut
627 2749 699 2813 alibi
720 2750 926 2833 probavimus,
942 2750 986 2812 ita
1006 2772 1043 2813 ex
1065 2757 1136 2812 actu
1151 2747 1249 2832 primo
1265 2745 1377 2809 intelli·

274 2859 386 2941 gentis,
402 2869 432 2924 et
448 2862 578 2924 termino
594 2862 632 2925 cd
647 2883 740 2945 quem
755 2861 939 2925 terminatur
954 2862 984 2924 in
1002 2870 1073 2924 actu
1088 2859 1231 2937 secundo,
1247 2858 1378 2921 babetur

274 2992 371 3034 unum
388 2972 592 3057 metaphysice
607 2973 811 3056 compositum
828 2980 881 3059 (ex
896 2982 965 3035 actu
981 2995 1091 3056 nempe
1106 2983 1136 3034 et
1152 2972 1301 3055 potentia)
1324 2969 1378 3033 sed

274 3081 397 3166 physice
418 3083 543 3146 omuino
564 3084 700 3167 simplex,
717 3084 749 3146 id
765 3092 811 3148 est
827 3082 999 3147 intellectus
1014 3085 1046 3146 in
1061 3093 1142 3146 actu.
1189 3083 1290 3159 Quare
1305 3080 1377 3144 sub-

275 3191 387 3254 stantia
403 3193 579 3274 spiritualis,
595 3195 627 3256 in
646 3205 797 3279 quantum
820 3194 998 3278 simpliciter
1020 3194 1077 3257 sibi
1100 3193 1303 3277 intelligibilis
1320 3200 1378 3270 est,

274 3310 354 3366 recte
377 3305 544 3388 comparari
565 3314 665 3389 potest
686 3306 820 3369 muteriae
843 3306 940 3388 primo
956 3305 1160 3369 informabili:
1184 3305 1288 3368 ecdem
1305 3303 1377 3368 sub-

275 3414 397 3492 stantia,
413 3415 444 3477 in
460 3426 610 3498 quantum
626 3426 697 3480 ectu
712 3417 859 3500 iutelligit
881 3439 972 3481 suum
994 3439 1058 3481 esse
1077 3416 1264 3501 simpliciter,
1280 3416 1312 3478 id
1330 3425 1378 3478 est

274 3547 363 3588 suum
381 3536 483 3588 actum
497 3526 627 3604 essendi,
643 3537 724 3590 recte
738 3528 906 3610 comparari
926 3537 1027 3611 potest
1046 3528 1151 3591 formae
1171 3527 1270 3611 primo
1292 3535 1377 3589 actu·

273 3638 338 3701 anti
357 3660 442 3700 suam
463 3639 637 3701 materiem:
662 3648 692 3701 et
712 3639 816 3702 cadem
840 3640 1021 3717 substantia,
1038 3639 1068 3701 in
1089 3649 1241 3722 quantum
1260 3646 1306 3700 est
1330 3637 1377 3700 in-

273 3747 431 3832 telligibile
443 3747 500 3812 sibi
515 3748 806 3825 intellectum,recte
816 3749 983 3833 comparari
994 3759 1095 3834 potest
1107 3749 1240 3813 ruateriae
1249 3757 1377 3811 actuutae

274 3883 291 3925 c
311 3883 366 3924 suc
382 3860 498 3924 forma:
522 3860 601 3923 sicut
621 3861 703 3924 euim
725 3862 852 3925 materie
869 3883 931 3924 non
954 3861 990 3924 fit
1008 3861 1042 3923 in
1057 3871 1127 3924 actu
1145 3860 1203 3924 nisi
1219 3859 1252 3922 in
1267 3859 1376 3935 forma,

273 3973 316 4036 ita
331 3971 521 4056 intelligibile
537 3994 598 4035 nou
613 3973 649 4035 fit
665 3973 696 4034 in
711 3982 781 4036 actu
796 3973 857 4036 nisi
871 3973 903 4036 in
918 3972 1124 4056 intelligente.

289 4151 292 4159 ,
317 4088 347 4148 6.
373 4084 529 4160 Quaeritur
550 4085 650 4163 tertio,
673 4093 774 4150 utrum
797 4087 830 4148 ic
854 4085 1020 4148 substantia
1044 4083 1195 4166 spirituali
1218 4082 1378 4146 necessario

274 4198 414 4260 habeatur
429 4197 590 4260 intellectus
606 4219 693 4279 apens
709 4203 736 4259 cl
752 4197 917 4260 intellectus
925 4197 1055 4278 patiens.

318 4307 499 4389 Respondes
520 4307 705 4372 affirmative.
752 4305 856 4381 Quum
878 4306 961 4370 enim
984 4317 1080 4383 actus,
1097 4327 1157 4389 quo
1172 4305 1271 4389 primo
1287 4303 1376 4368 intel·
