3200 4975
280 371 346 434 298
689 392 733 435 nr
748 390 1005 437 acornnurrans.
1263 373 1348 457 [car.
1364 394 1388 439 1.

281 558 462 625 :meantis
483 557 640 640 materiali,
666 582 757 645 quam
785 559 947 645 spirituali,
970 559 1020 625 eui
1042 559 1181 644 quadam
1208 571 1386 645 competunt

281 669 487 756 metaphorice
510 678 643 737 tantum.
688 670 899 736 Nihilominus
916 671 950 735 in
970 670 1145 735 substantia
1167 670 1329 756 spirituali,
1350 682 1387 736 ut

280 781 343 847 iam
368 782 549 863 videbimus,
572 782 738 864 habentur,
762 782 823 849 etsi
851 805 914 848 non
942 781 1052 849 eodem
1077 805 1203 867 pmrsus
1226 783 1328 864 modo,
1352 806 1387 849 ea

281 894 385 959 omnia
405 916 475 979 ane
488 894 661 959 invenimus
682 894 716 959 in
730 894 899 959 materiali:
920 894 1012 959 etsie
1030 894 1137 959 eodem
1157 895 1220 961 fem
1242 918 1386 981 processu

280 1005 410 1071 inveniri
424 1006 537 1090 poterit
550 1006 671 1091 genesis
684 1005 888 1073 accidentium
903 1028 980 1091 pure
994 1006 1210 1091 spiritualium.

326 1117 436 1203 Itaque
457 1116 678 1183 insubstantia
700 1117 861 1203 spirituali,
877 1140 931 1183 seu
945 1117 1139 1199 intellectiva,
1155 1118 1305 1185 babemus
1326 1120 1386 1185 tria
1401 1142 1406 1151 ’

281 1228 471 1295 essentialia:
496 1234 529 1295 1⁰
542 1230 727 1316 principium
743 1230 882 1309 actionis,
897 1229 981 1315 quod
1001 1238 1037 1295 ut
1051 1229 1111 1295 sibi
1125 1230 1320 1316 intelligibile
1334 1254 1383 1297 ac-

280 1350 349 1406 tuat
360 1343 567 1427 cognitionem
577 1344 627 1407 sui
641 1365 724 1408 esse:
747 1346 783 1408 2ο
794 1342 960 1407 terminum
975 1341 1176 1428 intelligendo
1190 1344 1386 1428 productum,

282 1452 315 1517 id
334 1462 381 1519 est
401 1454 499 1539 ipsam
517 1454 722 1539 cognitionem
743 1454 792 1519 sni
811 1476 896 1520 esse:
919 1456 955 1519 3⁰
969 1476 1102 1519 amorem
1124 1455 1170 1519 sui
1185 1477 1251 1521 esse
1268 1454 1386 1539 cogniti

282 1567 450 1633 necessario
470 1567 670 1633 resultantem
687 1588 725 1632 ex
747 1566 972 1651 conspiratione
994 1568 1206 1651 cognoscentis
1225 1576 1257 1632 et
1271 1568 1387 1652 cogniti

280 1679 313 1743 in
328 1678 479 1744 unitatem
500 1679 689 1744 substantiae.
735 1679 811 1743 Hmc
830 1678 889 1743 tria
903 1700 1077 1764 possumus,
1094 1679 1172 1745 sicut
1186 1702 1218 1743 n.
1234 1682 1266 1759 4,
1282 1702 1386 1745 vocare

275 1793 604 1875 principiumuctionis,
613 1793 793 1876 pmncspium
800 1793 960 1875 passionis,
970 1792 1150 1877 prinmpinm
1164 1792 1368 1859 multitudinis.

327 1905 378 1967 12.
403 1903 438 1967 Si
452 1926 522 1967 vero
542 1911 658 1969 attente
673 1904 871 1989 inspiciamus
893 1902 1097 1969 substantiam
1112 1903 1312 1989 spiritualem,
1328 1905 1388 1969 alia

281 2016 340 2079 tris
354 2014 564 2081 inveniemus:
589 2020 623 2081 10
635 2015 720 2101 quod
735 2016 776 2080 sit
797 2015 969 2081 subiectum
987 2014 1157 2080 durationis
1172 2015 1310 2080 virtualis
1332 2038 1386 2080 seu

281 2126 392 2191 babeat
414 2129 547 2210 qundo:
568 2130 606 2193 2ο
620 2128 702 2213 quod
725 2128 766 2196 sit
779 2127 930 2193 terminus
952 2126 1220 2212 intelligibilitatis,
1237 2128 1320 2213 quod
1338 2138 1385 2192 est

281 2238 393 2303 babere
407 2241 482 2316 abi:
505 2242 541 2304 3⁰
562 2240 646 2325 quod
668 2240 708 2305 sit
730 2239 916 2325 principium
937 2240 1076 2307 unitatis.
1121 2240 1199 2317 Quae
1220 2262 1305 2305 nunc
1334 2240 1386 2307 de·

280 2350 423 2415 claranda
438 2359 520 2415 sunt.
764 2439 766 2444 Ι

324 2464 366 2528 Et
380 2463 480 2550 primo
502 2463 629 2551 spiritus
650 2464 743 2530 babet
767 2484 860 2528 suum
883 2465 997 2549 quondo
1019 2464 1219 2530 intrinsecum
1242 2473 1274 2529 et
1297 2464 1385 2530 abso·

280 2576 391 2640 lutum.
438 2575 542 2642 Habet
566 2577 648 2642 enim
671 2583 775 2641 actum
800 2575 1031 2641 substantialem
1058 2598 1120 2662 quo
1142 2584 1246 2640 actnat
1275 2599 1385 2661 :aprae-

281 2689 485 2754 sentationem
500 2689 558 2768 sui,
574 2711 642 2774 quae
655 2710 753 2772 quum
768 2687 810 2751 sit
827 2709 947 2772 semper
962 2687 1203 2752 substantialiter
1218 2688 1333 2768 eadem,
1350 2696 1385 2753 nt

281 2810 376 2886 patet,
387 2800 465 2864 illud
478 2801 595 2884 quondo
609 2799 810 2863 intrinsecum
825 2821 887 2864 non
903 2799 1028 2864 babebit
1039 2799 1124 2883 prius
1139 2808 1170 2864 et
1185 2808 1255 2884 post
1269 2801 1386 2864 ratione

281 2914 329 2976 sui
337 2939 347 2992 3
369 2922 400 2977 et
416 2913 459 2977 sic
471 2935 536 2976 non
549 2912 609 2978 erit
623 2911 793 2990 relativum,
807 2911 860 2975 sed
875 2910 1066 2976 absolutum:
1090 2920 1210 2996 oportet
1225 2920 1327 2976 autem
1341 2912 1385 2976 ita

281 3047 347 3088 esse
361 3024 453 3088 etiam
468 3046 504 3087 er
519 3023 578 3088 alia
588 3023 715 3103 ratione,
726 3023 798 3108 quia
808 3021 946 3088 videlicet
960 3045 1052 3087 omne
1065 3022 1225 3086 relativum
1241 3023 1386 3108 supponit

282 3135 468 3200 absolutum.
515 3134 576 3199 Sed
600 3135 659 3199 boc
683 3135 798 3218 occido
822 3135 985 3198 intrinsece
1008 3157 1190 3218 permanens
1213 3143 1314 3220 potest
1337 3157 1386 3200 ac·

282 3247 403 3332 quirere
426 3246 703 3311 denominationem
725 3245 926 3310 extrinsecam
948 3245 1072 3310 liuentis
1092 3269 1112 3310 a
1136 3246 1222 3311 fluxu
1241 3248 1386 3312 termina·

281 3360 403 3422 tionum
419 3357 531 3443 quibus
545 3367 631 3423 actus
652 3357 847 3442 intelligendi
862 3358 1044 3422 terminatur
1066 3357 1105 3422 ad
1120 3358 1236 3423 diversa
1259 3358 1386 3440 obiecta

283 3471 331 3535 vel
347 3470 387 3534 ad
402 3470 506 3534 eodem
528 3470 649 3534 diverso
664 3470 773 3535 modo:
797 3477 828 3533 et
844 3469 886 3534 sic
908 3469 1033 3554 spiritus
1047 3478 1149 3554 potest
1171 3469 1281 3535 babere
1297 3493 1386 3534 snum

284 3584 399 3666 quondo
414 3583 584 3662 relativum,
600 3581 797 3661 accidentale,
813 3589 965 3666 qnatenus
979 3589 1080 3666 potest
1095 3589 1181 3646 actus
1195 3582 1388 3666 intelligendi

281 3691 392 3758 habere
415 3716 471 3779 pro
492 3692 610 3758 obiecto
632 3691 757 3777 aliquod
776 3690 979 3776 intelligibile,
996 3691 1033 3756 ad
1056 3691 1140 3777 quod
1162 3692 1388 3758 accidentaliter

279 3806 471 3872 terminetur.

328 3920 378 3983 13.
403 3901 544 3983 Secundo
566 3916 692 4002 spiritus
712 3914 806 3980 habet
827 3937 918 3980 suum
933 3917 984 3979 ubi
1005 3913 1192 3982 absolutum.
1239 3917 1321 3981 Nam
1337 3919 1387 3981 ubi

280 4030 461 4095 substantie
483 4029 648 4114 spiritualis
661 4028 775 4092 dicitnr
788 4027 841 4091 ille
862 4027 1013 4092 terminus
1028 4027 1287 4112 intelligibilitatis
1303 4028 1386 4093 obie-

280 4143 376 4222 ctirae,
392 4142 561 4206 seeundum
573 4163 668 4226 quern
681 4139 887 4224 cognoscibile
901 4148 1041 4204 ansatur
1061 4139 1094 4203 in
1110 4149 1331 4224 cognoscente:
1355 4151 1386 4206 et

280 4253 420 4337 quamuis
442 4253 501 4317 boc
525 4253 576 4319 abi
601 4251 641 4315 sit
665 4250 917 4335 metaphoricum,
943 4273 1000 4315 nec
1030 4250 1147 4316 dicatur
1175 4252 1220 4316 sic
1243 4252 1302 4316 nisi
1333 4275 1387 4336 per

279 4363 522 4441 simifitudimm,
543 4362 630 4427 valde
649 4371 754 4426 mmen
777 4363 992 4427 convenienter
1021 4363 1133 4427 dicitur
1144 4389 1154 4443 ς
1180 4385 1250 4428 nam
1280 4365 1325 4429 ita
1354 4388 1387 4430 sc
