3200 4975
231 373 302 416 car.
321 354 359 437 1.]
684 377 727 419 na
745 377 891 421 nostran.
1273 358 1335 420 119

229 538 317 624 pium
339 538 454 604 reduci.
499 542 597 627 Atqui
618 551 776 627 nequeunt
805 530 956 629 principia
978 543 1190 628 operationum
1212 552 1243 606 et
1265 564 1333 626 pas·

229 650 362 729 sionnm,
378 674 447 737 qua
469 653 597 717 suntin
619 653 730 739 spiritu
751 663 783 719 et
805 654 839 719 in
862 654 998 733 materia,
1013 654 1117 718 reduci
1139 653 1178 718 ad
1196 653 1333 730 unicum,

230 760 290 825 nisi
316 761 374 826 sub
397 762 581 847 quibusdam
605 763 843 844 conditionibus,
871 765 978 830 saltem
1009 789 1045 831 ex
1074 772 1160 849 parte
1188 760 1332 827 materiae.

228 873 312 957 llrgo
327 896 388 938 non
404 874 505 939 omnis
519 875 656 953 materia,
672 876 726 940 sed
740 898 776 941 ea
790 886 924 957 tantum,
939 900 1011 963 quae
1026 878 1120 941 estin
1135 875 1246 941 debitis
1260 895 1333 939 oon·

229 984 408 1064 ditionibus,
427 1008 482 1051 seu
507 986 541 1050 in
568 986 671 1051 debita
694 986 904 1072 dispositione,
925 998 997 1074 apta
1019 996 1066 1053 est
1090 984 1237 1070 coniungi
1260 1006 1332 1049 eum

228 1096 339 1181 spiritu
360 1096 393 1161 in
414 1097 567 1162 unitatem
584 1110 712 1164 naturae.
756 1099 859 1166 Maior
877 1108 923 1165 eat
939 1100 977 1165 de
992 1123 1023 1165 se
1038 1099 1171 1177 evidens,
1186 1106 1218 1162 et
1233 1096 1333 1160 minor

227 1208 314 1273 facile
344 1209 501 1294 probatur.
555 1209 637 1274 Nam
666 1210 817 1295 principia
844 1212 1058 1297 operationum
1094 1220 1126 1275 et
1154 1208 1332 1294 passionum

228 1320 434 1404 spiritualium
449 1342 484 1385 ae
498 1320 702 1386 materialium
717 1333 792 1386 sunt
807 1344 932 1407 prorsus
952 1324 1115 1407 disparata,
1130 1344 1185 1387 seu
1207 1319 1332 1385 diversa

226 1431 373 1498 rationis:
397 1431 481 1517 quod
498 1430 545 1495 vel
567 1431 640 1501 inde
660 1432 858 1498 manifestum
878 1443 934 1514 est,
957 1433 1042 1519 quod
1057 1432 1179 1519 propria
1195 1430 1330 1517 operatio

227 1543 352 1627 spiritus
358 1543 407 1631 pit
421 1542 604 1622 immanens,
621 1543 695 1607 dnm
718 1546 842 1629 propria
863 1545 996 1630 operatio
1018 1546 1153 1609 materiae
1171 1552 1218 1609 est
1231 1552 1331 1607 trans·

226 1656 301 1719 ieus.
345 1654 480 1720 Evidens
499 1665 602 1719 autem
620 1664 677 1733 est,
693 1656 777 1741 quod
796 1656 949 1741 disparata
969 1657 1087 1721 nullam
1109 1656 1225 1721 hebent
1246 1653 1283 1719 de
1298 1675 1330 1717 se

225 1765 453 1850 proportionem
475 1766 514 1831 ad
536 1768 778 1832 conveniendum
805 1768 838 1831 in
859 1768 1010 1833 unitatem
1033 1776 1161 1834 natura.
1205 1765 1331 1851 Indiget

225 1899 309 1961 ergo,
321 1877 384 1942 sire
398 1887 575 1963 utrumque,
591 1878 654 1943 sive
668 1880 862 1960 alterutrum,
878 1880 999 1965 disponi
1014 1880 1184 1965 specialiter
1197 1878 1236 1943 ad
1251 1878 1330 1942 bano

226 1990 376 2053 unitatem
391 1989 645 2074 componendam.
691 1991 763 2056 Non
778 2002 826 2055 est
842 1999 946 2056 autem
961 1992 1153 2071 conveniens,
1163 1992 1259 2055 immo
1273 2012 1329 2054 nec

225 2100 378 2184 possibile,
397 2111 433 2165 ut
455 2102 581 2187 spiritus
603 2104 852 2188 proportionetur
873 2104 1015 2183 materiae,
1031 2112 1067 2168 ut
1089 2128 1125 2168 ex
1147 2102 1330 2189 praecedenti

225 2221 358 2277 tractatu
379 2214 466 2279 facile
486 2224 615 2294 constat,
631 2224 663 2279 et
677 2216 758 2280 infra
771 2216 872 2281 adhue
887 2216 1106 2301 explicabitur3
1129 2238 1202 2309 ergo
1217 2214 1329 2280 adhoc

225 2334 261 2389 ut
276 2326 402 2409 spiritus
416 2334 447 2391 et
464 2327 590 2391 materia
603 2327 636 2390 in
652 2349 747 2391 unam
761 2336 903 2391 naturam
918 2328 1111 2406 conveniant,
1126 2349 1249 2391 neeesse
1270 2334 1328 2405 est,

225 2446 261 2501 ut
281 2438 417 2518 materia,
432 2460 501 2524 quae
520 2448 567 2503 est
585 2437 735 2504 inferioris
754 2438 879 2519 ordinis,
896 2447 1019 2524 aptetur
1033 2461 1068 2504 ae
1082 2437 1329 2525 proportionetur

224 2550 375 2634 principio
390 2551 552 2635 spirituali,
568 2551 653 2636 quod
667 2560 714 2615 est
728 2550 872 2616 nobilius.

267 2666 298 2726 4.
323 2663 479 2738 Quaeritur
504 2663 647 2741 seeundo,
665 2686 724 2746 per
749 2665 823 2746 quid
843 2664 1014 2746 disponatur
1042 2665 1165 2726 moterlo
1195 2662 1235 2726 ad
1261 2683 1329 2724 con-

223 2775 399 2838 stituendam
414 2797 478 2839 eum
491 2777 598 2858 spiritu
611 2798 699 2839 unum
712 2783 858 2838 naturam.

268 2885 459 2970 Respondeo,
475 2884 559 2969 quod
572 2884 612 2948 ad
626 2883 875 2949 constituendam
890 2906 926 2948 ex
942 2883 1101 2967 disparatis
1116 2905 1211 2948 unam
1226 2905 1281 2968 per
1296 2905 1328 2947 se

223 3008 374 3077 naturam,
390 3020 445 3060 seu
466 3019 564 3061 unum
584 3019 639 3081 per
659 3019 690 3060 se
711 2996 898 3081 principium
919 2994 1112 3080 adaequatum
1127 2995 1282 3060 actionum
1298 3004 1328 3059 et

223 3108 410 3191 passionum,
426 3129 488 3170 non
504 3107 603 3171 solum
618 3129 740 3172 neeesse
759 3115 807 3170 est
828 3106 871 3170 ita
889 3106 1010 3190 disponi
1030 3129 1128 3170 unum
1148 3128 1184 3170 ex
1206 3105 1276 3184 illis,
1293 3115 1328 3169 ut

222 3217 310 3282 alteri
330 3218 506 3302 simpliciter
527 3218 688 3282 conveniat
710 3217 913 3302 (quodetiam
928 3241 982 3302 per
997 3217 1135 3282 accidens
1150 3217 1328 3300 contingere

223 3332 336 3414 potest)
349 3330 403 3394 sed
417 3331 543 3394 omnino
555 3340 586 3395 et
602 3353 637 3394 ex
652 3329 825 3393 intentione
839 3339 957 3394 naturae
972 3352 1069 3394 unum
1084 3350 1120 3393 er
1134 3328 1194 3392 illis
1208 3329 1252 3392 ite
1267 3328 1327 3393 dis-

222 3443 305 3526 poni,
329 3452 364 3505 ut
386 3441 424 3506 de
446 3464 477 3505 se
499 3440 635 3526 postulet
657 3463 723 3504 esse
745 3440 833 3505 alteri
856 3441 1075 3506 coniunctum:
1106 3441 1138 3504 id
1160 3451 1206 3504 est
1235 3440 1327 3506 talem

222 3552 376 3638 acquirere
404 3552 619 3637 aptitudinem,
642 3561 882 3636 propterquam
905 3551 1084 3616 naturaliter
1109 3551 1256 3616 debeatur
1283 3553 1328 3616 illi

222 3665 295 3729 unio
315 3687 386 3728 eum
410 3664 516 3743 altero,
531 3664 597 3728 sine
617 3686 678 3748 qua
699 3663 814 3726 unione
836 3671 900 3726 tota
922 3663 1040 3727 inutilis
1062 3672 1093 3726 et
1115 3663 1221 3742 otiosa,
1236 3672 1329 3749 atque

221 3775 289 3839 ideo
304 3775 445 3854 absurda,
457 3775 563 3838 futura
578 3774 618 3837 sit
633 3774 699 3838 eius
714 3773 862 3838 naturalis
877 3773 1036 3858 dispositio
1051 3785 1082 3837 et
1097 3774 1247 3858 aptitudo.
1295 3776 1328 3839 si

222 3887 304 3950 enim
334 3885 492 3970 dispositio
521 3907 585 3949 non
615 3885 656 3947 sit
685 3884 765 3963 talis,
795 3907 864 3968 quae
894 3884 1139 3948 ooniunetionem
1169 3907 1239 3949 eum
1269 3887 1329 3952 alio

221 3998 366 4083 postulet,
382 3996 559 4061 coniunctio
581 3996 667 4060 dabit
683 3996 888 4080 compositum
903 4018 957 4080 per
971 3996 1122 4075 accidens,
1138 4018 1200 4060 non
1215 4019 1275 4083 per,¹
1285 4022 1326 4078 se,

221 4132 278 4174 nee
299 4133 318 4174 a
339 4117 450 4173 natura
472 4107 643 4175 intentum.
685 4107 730 4170 Ut
752 4117 855 4170 autem
879 4107 1005 4171 materia
1027 4107 1210 4172 considerari
1230 4112 1326 4194 possit

221 4231 379 4305 tamquam
401 4220 526 4303 exigens
549 4219 697 4302 coniungi
720 4241 790 4282 cum
814 4219 934 4304 spiritu,
957 4219 1045 4283 euius
1067 4221 1202 4304 operatio
1227 4243 1328 4285 essen-

221 4333 334 4397 tialiter
356 4342 402 4396 est
420 4331 530 4412 vitalis,
546 4339 666 4416 oportet
688 4330 732 4394 ita
754 4353 821 4394 eam
845 4332 1000 4410 constitui,
1016 4341 1051 4395 ut
1073 4333 1126 4405 fiat
1144 4333 1329 4417 inpotentia
1387 4355 1392 4367 ·
