3200 4975
216 413 285 458 car.
302 394 342 478 1.]
665 417 707 460 uu
726 416 870 461 nonius.
1257 400 1318 460 155

215 581 265 646 hic
280 583 323 646 sic
337 582 499 647 inchoatus
514 592 593 648 esset
608 607 685 669 pura
699 585 836 669 praecisio
851 583 1067 671 metaphysica,
1084 607 1151 668 quae
1166 557 1319 648 inordina

215 693 340 780 physico
362 693 493 759 inveniri
514 719 578 760 non
595 704 706 781 potest.
752 697 856 773 Quare
877 719 997 762 necesse
1020 706 1075 777 est,
1091 697 1187 781 ipsam
1210 697 1319 760 animae

216 804 419 869 substantiam
434 806 591 892 adaequate
607 817 760 893 sumptam
777 818 808 873 et
822 831 877 893 per
891 832 923 873 se
938 817 1033 873 totam
1048 809 1212 873 informare
1227 830 1317 872 suum

216 937 345 1001 corpus;
368 926 400 982 et
414 928 635 1003 consequenter
646 920 764 984 nullam
779 943 845 984 esse
857 920 889 983 in
905 921 1007 984 anima
1017 921 1161 985 virtutem
1173 921 1318 985 informa-

215 1027 308 1093 tivam
320 1028 495 1094 distinctam
505 1030 596 1094 etiam
609 1031 845 1118 metaphysicea
860 1031 1029 1096 substantia
1038 1033 1114 1112 eius,
1126 1055 1194 1116 quae
1208 1031 1318 1096 haheat

217 1140 364 1205 rationem
381 1141 426 1204 vis
440 1143 602 1206 executivae
616 1143 779 1228 pendentis
794 1143 833 1206 ab
847 1143 1047 1228 applicatione
1061 1165 1116 1228 per
1130 1143 1317 1208 voluntatem

217 1251 363 1316 facienda.
409 1253 540 1318 Manent
555 1277 628 1338 ergo
640 1255 740 1319 solnm
755 1255 800 1319 vis
815 1255 1016 1319 illuminativa
1031 1263 1061 1318 et
1072 1255 1118 1318 vis
1129 1255 1318 1320 locomotiva.

260 1366 313 1426 32.
339 1363 398 1427 His
412 1364 531 1448 positis,
547 1366 607 1428 iam
621 1365 744 1444 scimus,
756 1365 840 1451 quod
854 1365 899 1430 vis
913 1365 1125 1444 illuminativa,
1138 1387 1191 1429 seu
1207 1366 1320 1430 motiva

218 1473 391 1558 spirituum,
404 1484 449 1539 est
462 1477 506 1539 vis
521 1479 677 1540 executiva
687 1486 774 1541 actus
783 1475 949 1562 spiritualis
961 1477 1148 1541 transeuntis
1163 1499 1198 1540 ex
1209 1477 1319 1562 spiritu

217 1588 250 1650 in
266 1588 427 1672 spiritum:
450 1597 481 1652 et
496 1589 696 1674 quaerendum
711 1589 749 1652 <le
764 1612 799 1653 ea
814 1596 926 1668 manet,
943 1588 1274 1673 quibusconstituatur
1288 1600 1319 1654 et

218 1700 370 1784 quomodo
387 1700 539 1764 voluntati
561 1701 747 1766 subiiciatur.
791 1701 833 1765 Et
854 1700 892 1765 ad
913 1701 1146 1786 primumquod
1166 1702 1285 1780 attinet,
1302 1725 1320 1765 a

217 1811 294 1875 falsa
317 1812 449 1896 quadam
475 1813 638 1899 hypothesi
661 1813 815 1897 incipiam,
837 1823 872 1877 ut
892 1835 947 1896 per
965 1813 1031 1876 eius
1053 1811 1256 1877 exclusionem
1280 1813 1318 1877 ad

218 1925 375 1988 veritatem
401 1925 518 1988 facilior
543 1925 583 1989 sit
612 1925 669 1989 via.
713 1924 844 1988 Videtur
869 1923 950 1987 enim
973 1923 1071 2008 prima
1099 1923 1210 2003 fronte,
1234 1924 1319 2008 quod

217 2034 411 2115 illuminatio,
436 2059 490 2099 seu
513 2036 718 2100 manifestatio
742 2035 870 2100 alicuius
896 2034 1097 2118 intelligibilis
1120 2035 1186 2098 fieri
1210 2034 1318 2100 debeat

177 2154 179 2158 ’
219 2169 274 2231 per
296 2147 522 2211 conversionem
544 2148 708 2231 quamdam
729 2147 903 2211 intellectus
925 2147 1045 2232 passivi,
1067 2145 1207 2210 habentis
1228 2146 1261 2209 in
1288 2171 1320 2212 se

218 2259 349 2342 speciem
369 2258 451 2321 illius
468 2257 680 2341 intelligibilis,
695 2258 743 2341 ad¹
755 2258 843 2321 illum
864 2257 913 2322 cui
933 2257 1167 2322 communicatio
1181 2257 1319 2322 facienda

218 2380 284 2436 est:
322 2393 359 2434 ex
386 2393 447 2455 qua
476 2371 669 2435 conversione
702 2371 855 2435 videretur
883 2371 978 2456 sequi,
1009 2369 1092 2456 quod
1126 2370 1179 2434 lux
1208 2369 1318 2434 obiecti

219 2482 429 2567 intelligibilis,
450 2483 550 2568 qualis
575 2492 695 2569 recepta
718 2494 765 2548 est
790 2483 823 2546 in
845 2482 1002 2548 intellectu
1027 2506 1082 2568 per
1107 2482 1246 2568 speciem,
1271 2506 1318 2547 re-

218 2594 358 2659 flectatur
372 2596 405 2658 in
424 2595 615 2659 intellectum
634 2596 769 2674 alterius,
782 2604 813 2660 et
828 2596 871 2660 sic
892 2597 946 2659 fiat
965 2596 1143 2679 impressiva
1160 2595 1269 2680 speciei
1286 2596 1319 2658 in

219 2706 342 2770 alterius
356 2706 533 2791 passivitate
543 2732 553 2786 3
577 2729 631 2791 per
645 2706 703 2770 hoc
718 2706 799 2770 enim
820 2707 905 2770 fieret
919 2705 1113 2769 illuminatio.
1160 2705 1210 2769 Sic
1225 2706 1321 2789 igitur
1358 2708 1363 2719 ’

218 2817 393 2882 intellectus
418 2818 556 2901 passivus
582 2818 675 2882 nnius
701 2818 837 2901 spiritua,
863 2839 974 2901 nempe
1001 2816 1213 2894 illuminantis,
1239 2837 1320 2879 com·

123 2924 129 2933 ’
218 2936 376 3013 pararetur
391 2928 513 3013 speculo
528 2928 696 2992 reflecteuti
710 2927 820 3005 lucem,
836 2950 897 3011 qua
911 2926 1092 3006 illustratur,
1107 2925 1146 2989 ad
1161 2925 1320 2989 arbitrium

220 3039 434 3118 illuminantis,
450 3040 503 3123 qui
525 3049 628 3124 posset
648 3040 727 3103 hanc
749 3040 919 3123 potentiam
942 3037 1129 3122 specularem
1148 3045 1321 3101 convertere

142 3184 146 3187 ·
220 3160 311 3236 prout
325 3151 425 3215 vellet.
469 3153 574 3236 Atque
588 3153 614 3213 si
632 3150 690 3215 hoe
704 3150 747 3214 ita
762 3150 812 3229 sit,
829 3150 890 3214 duo
909 3150 1102 3234 requirentur
1116 3149 1148 3212 in
1163 3148 1321 3212 intellectu

219 3263 423 3326 illuminantis
433 3262 473 3326 ad
486 3264 548 3327 vim
559 3262 812 3327 illuminativam:
838 3267 870 3326 1ο
880 3263 924 3326 vis
939 3261 1077 3325 reflexiva
1087 3260 1165 3325 lucis
1180 3261 1321 3345 spiritua·

219 3353 258 3439 lis
272 3385 355 3439 extra
374 3375 562 3439 subiectum:
585 3379 621 3439 2⁰
635 3374 872 3439 convertibilitas
888 3374 927 3437 ad
941 3372 1109 3458 quemlibet
1130 3372 1320 3436 intellectum

221 3510 277 3572 pro
291 3487 416 3551 arbitrio
430 3485 606 3550 voluntatis.

264 3598 316 3662 Ad
330 3597 405 3677 haec,
421 3619 519 3681 quum
538 3597 664 3681 spiritus
679 3596 800 3682 spiritui
822 3594 1046 3661 communicare
1060 3617 1113 3659 seu
1130 3594 1322 3659 manifestare

221 3710 319 3795 possit
343 3730 406 3772 non
429 3730 500 3772 suas
522 3709 723 3793 cogitationes
746 3716 880 3787 tantum,
901 3707 955 3771 sed
977 3707 1069 3771 etiam
1093 3729 1163 3770 suos
1186 3706 1321 3794 affectus,

221 3822 314 3885 etiam
338 3820 460 3899 liberos,
485 3821 580 3905 quaeri
606 3831 718 3904 posset,
749 3829 853 3884 utrum
877 3819 969 3883 etiam
999 3817 1157 3903 passivitas
1186 3818 1323 3883 affectiva

222 3932 330 3997 debeat
354 3930 537 3995 considerari
559 3939 716 4015 tamquam
740 3930 798 3995 alia
821 3930 958 4015 potentia
982 3928 1146 4013 specularis
1166 3929 1323 3994 reflectens
1371 4018 1375 4021 .

222 4066 293 4107 suos
313 4042 439 4106 affectus
453 4051 538 4106 extra
560 4041 741 4121 subiectum,
756 4050 787 4105 et
809 4040 1013 4105 convertibilis
1028 4040 1066 4105 ad
1089 4051 1200 4104 nutum
1214 4041 1323 4104 volun·

222 4158 303 4220 tatis.
350 4156 423 4220 Non
443 4155 524 4218 euim
547 4154 667 4217 videtur
693 4155 828 4218 sufficere
850 4155 941 4218 unica
962 4154 1007 4219 vis
1031 4138 1196 4237 specularis
1216 4153 1254 4217 ad
1276 4176 1322 4218 re-

225 4269 386 4333 flectendas
408 4268 606 4352 cogitationes
629 4277 660 4330 et
682 4268 807 4331 affectus
830 4266 948 4331 liberos
995 4267 1032 4329 In
1047 4258 1176 4353 'physica
1199 4266 1330 4351 quidem,

222 4382 275 4445 lux
290 4389 320 4445 et
335 4380 495 4445 calorieum
513 4380 604 4443 simul
620 4379 657 4443 ab
674 4381 778 4444 eodem
795 4380 917 4464 speculo
932 4380 1149 4448 reflectuntur:
1174 4380 1236 4458 sed,
1247 4380 1323 4443 licet
