3200 4975
202 395 273 439 oar.
292 374 362 459 rra]
593 398 636 439 nr
652 396 906 440 scerurrrrmus.
1238 380 1302 442 387

198 581 253 644 pro
267 560 379 643 quibus
394 582 457 625 nou
477 569 550 625 sunt
567 561 712 626 timendae
731 559 925 627 difficultates
945 560 1041 625 solitae
1058 562 1173 646 opponi
1194 572 1299 627 eontra

197 671 388 737 existentiam
409 672 539 736 aliorum
561 672 764 737 accidentium
786 681 871 737 extra
885 671 1078 750 subiectum3
1102 673 1298 758 nequeenim

197 790 271 846 sunt
285 783 318 845 in
332 783 436 847 eadem
453 784 562 868 specie,
576 806 673 868 quum
688 784 747 847 alia
761 783 929 847 accidentia
946 786 994 867 (ut
1008 784 1164 868 quantitas
1179 783 1298 847 dimen-

197 894 269 971 siva,
284 894 376 973 color,
391 896 463 977 etc.)
487 895 550 959 sint
565 918 623 978 per
643 917 674 959 se
695 894 872 973 accidentia,
888 903 918 959 et
940 904 1095 979 nequeant
1114 897 1147 958 in
1165 918 1197 959 re
1210 917 1295 959 esse:

196 1004 271 1067 dum
293 1013 398 1068 eontra
417 1004 544 1069 materia
565 1014 596 1070 et
615 1006 713 1069 forma
730 1027 794 1069 non
802 1028 860 1089 per
876 1027 908 1069 se
921 1012 953 1068 et
966 1003 1145 1069 naturaliter
1160 1014 1233 1069 sunt
1247 1027 1297 1069 ac-

197 1114 309 1195 cidens,
332 1116 385 1180 sed
405 1124 526 1181 tantum
546 1115 663 1180 ratione
681 1115 921 1201 supernaturalis
942 1116 1152 1194 sustentantis,
1171 1126 1296 1201 propter

196 1248 287 1310 quem
301 1227 467 1291 trahuntur
481 1228 521 1291 ad
535 1226 727 1292 existendum
741 1226 775 1290 in
790 1226 850 1291 alio
863 1248 948 1291 more
963 1225 1175 1291 accidentium.
1203 1226 1295 1291 Unde

194 1335 259 1400 haec
278 1359 347 1402 vere
368 1338 528 1403 occidm
549 1338 683 1401 absoluto
697 1338 795 1402 vocari
817 1346 956 1422 possunt,
976 1359 1073 1421 quum
1096 1345 1126 1401 et
1148 1338 1223 1401 fiant
1246 1360 1295 1402 ac-

194 1447 335 1526 cidentia,
350 1458 382 1512 et
396 1449 529 1511 habeant
544 1448 635 1511 simul
648 1457 749 1512 totum
764 1447 797 1511 id
815 1448 899 1532 qnod
920 1448 1054 1531 exigitur
1072 1448 1112 1511 ad
1131 1448 1294 1513 essendum

195 1556 333 1621 absolute
361 1566 393 1621 et
421 1558 537 1642 aliquid
568 1567 723 1642 praeterea,
752 1580 863 1643 nempe
900 1560 1153 1623 sustentationem
1189 1582 1294 1644 super-

194 1668 375 1748 naturalem,
398 1691 459 1754 que
479 1669 599 1733 tollitur
620 1670 744 1753 negatio
765 1670 957 1734 constituens
979 1668 1195 1733 formalitatem
1222 1670 1293 1735 sub-

195 1780 332 1844 stantiae:
356 1779 409 1843 sed
431 1780 503 1865 quia
524 1780 725 1866 proprietates
739 1780 849 1845 talium
864 1781 1030 1865 specierum
1046 1802 1109 1845 non
1124 1781 1294 1845 fundantur

194 1890 228 1953 in
242 1894 394 1975 nepotiane
408 1891 617 1971 sustentantis,
633 1914 702 1977 quse
716 1891 768 1955 dat
791 1902 908 1956 uaturae
928 1914 993 1956 esse
1011 1891 1223 1973 substantiam,
1240 1894 1294 1957 sed

193 2002 226 2063 in
247 2004 312 2085 qrsa
333 2011 440 2066 nutura
462 2002 512 2065 cui
533 2002 679 2087 competit
700 2025 736 2066 ea
757 2003 890 2087 negatio,
906 2002 975 2067 ideo
990 2003 1110 2069 sublata
1132 2004 1294 2088 negatione

195 2110 257 2189 illa,
280 2132 343 2175 nou
365 2111 485 2175 tollitur
505 2114 583 2176 ratio
605 2112 757 2177 sufficiens
780 2113 930 2178 dictarum
952 2114 1172 2199 proprietatum
1183 2141 1193 2193 ;
1217 2118 1295 2180 sicut

195 2220 316 2286 sublata
329 2222 463 2287 humana
477 2224 696 2308 personalitate·
708 2246 771 2288 non
787 2223 905 2288 tollitur
920 2225 1055 2289 humana
1069 2235 1189 2291 natura.
1212 2226 1294 2292 Con-

195 2340 252 2411 tra,
267 2333 293 2397 si
312 2333 432 2398 tollitur
451 2334 578 2400 materia
596 2342 628 2399 et
645 2336 752 2415 forma,
766 2334 885 2401 tollitur
902 2358 1049 2401 numerus
1063 2336 1294 2417 elementorum,

193 2467 248 2510 seu
267 2446 422 2532 quantitas
441 2467 558 2527 massae,
573 2455 605 2511 et
626 2445 780 2513 tolluntur
800 2447 922 2512 termini
940 2448 1036 2513 reales
1058 2448 1294 2516 determinantes

193 2558 325 2640 spatium
347 2568 528 2644 occupatum
548 2581 567 2622 a
586 2558 753 2644 speciebus,
768 2567 799 2623 et
822 2568 1042 2644 consequenter
1058 2561 1125 2646 ipsa
1139 2562 1295 2646 quantitas

194 2669 370 2748 dimensiva,
385 2669 419 2732 in
434 2691 495 2752 qna
509 2669 595 2733 iuxta
609 2679 747 2734 auctores
761 2670 973 2755 peripateticos
988 2679 1034 2736 est
1049 2680 1113 2736 tota
1130 2673 1208 2736 ratio
1227 2696 1293 2737 sus·

194 2778 371 2842 tentationis
386 2778 514 2842 aliorum
529 2778 753 2844 accidentium:
776 2789 808 2844 et
823 2783 866 2845 sic
881 2803 943 2845 non
959 2791 1062 2847 manet
1076 2782 1200 2867 aliquod
1216 2787 1295 2849 recle

192 2891 350 2953 euthicetam
379 2888 565 2954 eorumdem.
611 2890 656 2954 Ut
692 2913 766 2974 ergo
795 2893 950 2977 quantitas
978 2893 1031 2957 illa
1059 2894 1226 2961 dimensiva
1255 2896 1295 2961 sit

194 2999 292 3077 realis,
308 2998 398 3064 debet
412 2999 485 3063 reali
500 2999 626 3064 materia
646 3002 814 3081 terminari,
830 3025 899 3088 qua
917 3004 1028 3068 habeat
1049 3012 1118 3090 post
1140 3015 1294 3071 consecra·

194 3110 308 3172 tionem
330 3109 480 3175 rationem
502 3110 675 3192 accidentis,
691 3121 727 3176 ut
747 3112 861 3178 dictum
878 3121 935 3178 est.
979 3118 1023 3179 2⁰.
1047 3114 1195 3181 Fateatur
1209 3117 1294 3182 theo·

193 3219 267 3304 logi,
279 3220 357 3285 nihil
372 3221 456 3286 alind
469 3221 536 3285 lieri
549 3222 730 3287 miraculose
744 3224 778 3286 in
793 3224 851 3288 hoc
865 3225 1019 3310 mysterio,
1034 3226 1096 3291 nisi
1110 3226 1193 3313 quod
1204 3229 1295 3294 rerba

194 3333 260 3416 ipsa
274 3333 507 3396 consecrationis
522 3333 718 3417 significant3
741 3336 813 3419 quia
830 3358 893 3399 non
914 3336 998 3402 aliud
1017 3347 1182 3422 operantur
1201 3363 1294 3424 quam

193 3445 277 3528 quod
299 3444 483 3528 significant.
527 3444 629 3509 Verba
645 3456 748 3510 autem
762 3446 997 3510 consecrationis
1013 3448 1195 3532 significant,
1211 3451 1295 3536 quod

192 3558 356 3621 substantio
377 3557 466 3641 panis
487 3557 523 3620 fit
541 3556 712 3622 substantia
727 3559 860 3643 corporis
876 3557 1000 3638 Christi,
1017 3582 1079 3624 non
1095 3569 1196 3626 autem
1211 3564 1295 3648 quod

194 3675 289 3730 cesset
308 3689 373 3731 esse
392 3668 458 3732 eius
477 3675 598 3733 natura.
642 3669 725 3752 Ergo
740 3668 805 3733 sola
820 3669 896 3732 ratio
912 3669 1090 3734 substantiae
1105 3672 1232 3737 dicenda
1247 3683 1294 3738 est

195 3776 321 3841 deficere
335 3801 354 3841 a
367 3801 446 3862 pane
460 3780 800 3864 per'consecrationem,
816 3779 845 3844 vi
865 3780 1002 3865 positive
1021 3791 1051 3846 et
1070 3783 1159 3847 realis
1174 3793 1293 3849 susten·

193 3887 328 3967 tationis,
358 3911 419 3973 qua
439 3888 555 3954 Christi
583 3911 693 3975 eorpus
721 3890 830 3974 incipit
856 3900 997 3956 naturam
1021 3893 1086 3957 eius
1112 3903 1292 3964 sustentare.

192 4001 236 4062 3⁰.
260 3998 307 4062 nx
323 3999 354 4062 S.
370 3999 487 4062 'l'homa
504 3999 546 4084 (p.
563 4003 594 4064 3.
609 4024 640 4085 q.
658 4005 710 4066 77.
726 4025 752 4064 u.
769 4002 803 4084 6)
819 4004 927 4085 speeies
943 4005 1175 4084 somammtoles,
1191 4029 1293 4089 wam-

192 4114 236 4174 oic
259 4133 319 4174 non
342 4111 404 4174 aiat
428 4112 602 4189 substantio,
627 4113 733 4177 tutent
757 4120 854 4176 tamen
876 4115 1012 4194 virtutem
1040 4117 1227 4180 arbatoatiae:
1261 4127 1293 4180 et

192 4223 345 4302 nutriunt,
361 4232 391 4285 et
414 4224 560 4306 cunumpi
575 4232 711 4306 possunt,
727 4231 765 4304 ut
785 4223 850 4308 ipse
873 4223 995 4304 fatetur,
1011 4232 1041 4288 et
1063 4226 1143 4290 facto
1161 4234 1292 4292 constat.

192 4331 290 4415 Atqui
310 4330 421 4397 habere
436 4333 580 4399 virtutem
603 4331 791 4411 snbstantiae,
808 4341 838 4396 et
861 4355 948 4416 posse
970 4336 1133 4419 eorrumpi,
1156 4337 1294 4420 quamvis

1071 4449 1162 4512 202
