3200 4975
242 391 386 476 cnara]
694 412 902 458 arnonius.
1034 419 1037 422 ·
1168 386 1171 396 ’
1280 393 1343 456 197

150 627 153 632 .
239 588 287 644 est
301 579 368 664 ipsa
382 579 554 644 substantia
568 579 677 644 animae
695 579 784 643 utin
806 601 930 664 corpore
951 578 1093 642 existens.
1140 579 1214 644 Haee
1236 587 1341 642 tamen

239 691 414 755 terminatio
429 690 490 754 dici
503 700 605 776 potest
619 691 750 755 maidens
765 691 890 774 logicum
904 689 966 753 sive
980 689 1097 768 animae,
1114 688 1175 752 sive
1196 689 1339 773 corporis,

240 803 314 887 quia
327 803 465 867 absolute
481 812 580 889 potest
595 827 661 868 esse
675 803 723 868 vel
736 825 800 867 non
815 825 891 881 csse,
907 801 989 866 salva
1003 801 1172 866 substantia
1186 800 1295 864 auimae
1310 809 1341 866 et

241 913 414 978 substantia
436 915 578 999 corporis,
603 925 638 979 ut
664 937 758 999 supra
781 913 966 998 explicatum
988 922 1044 992 est,
1069 912 1140 976 licet
1163 913 1342 977 naturaliter

240 1025 378 1109 exigatur
393 1025 433 1089 ad
452 1026 701 1090 constitutionem
721 1026 865 1092 hominis·
910 1024 1060 1089 Accidens
1082 1034 1184 1088 autem
1206 1023 1342 1108 logicum

241 1159 304 1200 non
331 1147 432 1221 potest
460 1160 526 1201 esse
555 1160 626 1222 pars
653 1137 814 1222 compositi
843 1136 970 1222 physici,
995 1146 1031 1200 ut
1056 1136 1180 1201 evidens
1204 1144 1260 1217 est,
1288 1137 1343 1202 sed

240 1256 362 1312 tantum
397 1257 542 1314 connotat
576 1249 818 1334 contingentiam
845 1247 928 1312 illius
957 1247 1116 1334 compositi
1145 1257 1176 1312 et
1204 1246 1342 1314 eiusdem

241 1358 537 1424 destructibilitatem
551 1383 606 1445 per
620 1360 841 1444 separationem
856 1358 1002 1444 partium.

602 1623 785 1666 annicetus
800 1623 981 1668 securibus·

423 1774 472 1836 De
485 1773 595 1835 obibat
609 1771 821 1855 cognoscitisia,
837 1793 900 1854 qaae
913 1778 981 1835 suat
995 1771 1027 1834 in
1041 1771 1163 1835 domm

283 1911 336 1972 58.
358 1909 527 1974 Probatum
549 1916 596 1973 est
621 1908 789 1993 hucusque,
810 1905 968 1970 hominem
993 1928 1057 1972 esse
1083 1928 1176 1970 unam
1199 1913 1341 1969 naturam

240 2020 440 2105 compositam
454 2043 491 2085 ex
505 2019 652 2105 corporali
665 2027 698 2083 ct
712 2017 863 2104 spirituali
884 2018 1063 2082 substantia.
1108 2017 1262 2103 Sequitur,
1278 2039 1342 2082 esse

240 2131 275 2195 in
296 2131 419 2197 homine
440 2155 547 2197 omnes
568 2131 738 2210 facultates,
760 2153 837 2215 quas
859 2128 1048 2194 ostendimus
1067 2151 1134 2213 cap.
1150 2129 1179 2194 I.
1193 2150 1259 2194 esse
1272 2151 1342 2213 pro·

240 2241 323 2327 prias
336 2243 408 2308 talis
423 2243 596 2328 compositi.
638 2242 812 2308 Facultates
827 2252 931 2306 autem
945 2241 1097 2328 praedictae
1117 2241 1295 2306 dividuntur
1310 2241 1342 2306 in
1383 2314 1385 2317 ¹

239 2362 302 2418 tres
316 2353 446 2419 classes:
468 2354 535 2419 aliae
553 2354 636 2419 enim
658 2361 732 2418 sunt
754 2353 977 2437 cognoscitivae,
996 2352 1063 2418 aliae
1077 2351 1260 2438 appetitiva,
1276 2350 1342 2418 aliae

239 2465 413 2533 executivae.
1064 2528 1066 2535 .

241 2639 245 2651 ,
284 2578 506 2663 Cognoscitivae
524 2587 599 2643 sunt
617 2586 698 2643 tres:
721 2582 756 2642 1⁰
769 2576 908 2663 potentia
925 2574 1102 2661 simpliciter
1120 2583 1151 2640 et
1170 2576 1270 2661 primo
1288 2598 1343 2662 ap·

238 2690 437 2775 prehensiva:
460 2692 495 2754 2⁰
514 2689 652 2775 potentia
674 2689 855 2773 cogitativa:
878 2691 913 2753 30
935 2687 1072 2773 potentia
1094 2687 1289 2768 recordativa,
1311 2698 1342 2753 et

238 2801 401 2866 habituum
416 2800 639 2888 cognitivomm
653 2800 867 2866 conservativa.

283 2897 468 2997 Appetitivae
483 2921 556 2976 sunt
570 2912 683 2998 pariter
697 2920 779 2976 tres:
804 2914 836 2975 1⁰
850 2910 986 2996 potentia
1006 2909 1184 2995 simpliciter
1197 2918 1228 2974 et
1242 2910 1341 2995 primo

238 3025 393 3090 affectiva:
416 3027 453 3089 2⁰
466 3023 604 3109 potentia
623 3022 766 3089 electiva:
787 3025 823 3087 80
843 3021 981 3107 potentia
1001 3002 1165 3086 habituum
1186 3020 1342 3107 appetitus

240 3136 457 3202 conservativa.

281 3246 454 3311 Facultates
473 3246 637 3311 executivae
657 3253 731 3309 sunt
750 3244 843 3309 etiam
862 3253 941 3309 tres:
967 3246 1002 3309 1⁰
1014 3244 1153 3330 potentia
1166 3244 1282 3311 motiva
1294 3245 1343 3321 sui
1457 3274 1460 3285 ·

237 3358 338 3445 ipsius
366 3358 467 3444 quoad
495 3358 647 3424 animam:
677 3360 713 3422 2⁰
732 3356 871 3444 potentia
899 3355 1013 3420 motiva
1040 3354 1262 3437 intellectuum,
1288 3378 1344 3422 seu

238 3468 508 3535 communicativa:
531 3470 567 3532 3⁰
580 3468 718 3553 potentia
736 3467 850 3532 motiva
869 3488 1030 3552 corporum
1052 3473 1120 3529 tum
1134 3465 1260 3552 proprii,
1274 3474 1342 3536 tum

239 3580 382 3647 aliorum.

280 3693 330 3758 De
352 3690 549 3757 facultatibus
572 3690 744 3769 executivis,
764 3690 837 3775 qnia
862 3690 961 3754 multa
984 3690 1066 3755 dicta
1089 3690 1219 3757 suntin
1242 3691 1343 3779 priore

238 3805 347 3891 capite,
368 3804 448 3869 nihil
469 3803 635 3868 addemus:
661 3802 699 3867 de
721 3801 934 3887 cognoscitivis
956 3801 1117 3887 loquemur
1137 3803 1171 3867 in
1189 3802 1248 3867 hoc
1271 3803 1344 3869 arti·

157 3907 159 3910 ⁵
239 3918 318 3997 culo,
334 3915 372 3979 de
386 3914 561 3999 appetitivis
579 3914 613 3977 in
635 3921 793 3998 sequente.
837 3913 1025 3978 Generaliter
1045 3913 1205 3979 facultates
1226 3916 1345 4000 appeti·

237 4028 308 4094 tivae
322 4035 353 4091 et
367 4023 589 4109 cognoscitivae,
603 4033 696 4109 prout
711 4032 790 4110 aptae
806 4033 879 4088 sunt
894 4025 1007 4089 versari
1019 4024 1097 4089 circa
1111 4046 1159 4089 res
1174 4024 1345 4091 materiales

236 4148 275 4205 nt
289 4138 343 4218 sic,
364 4136 558 4202 constituunt
580 4158 704 4214 sensam,
728 4158 783 4200 seu
797 4135 860 4200 vim
884 4135 1077 4201 sensitivam:
1099 4144 1131 4201 et
1152 4144 1244 4221 prout
1265 4145 1346 4224 aptae

238 4259 312 4316 sunt
327 4249 438 4316 versari
452 4248 530 4313 circa
549 4269 598 4311 res
619 4247 834 4311 immateriales
856 4255 888 4312 et
909 4246 1130 4332 intelligibiles,
1152 4245 1345 4315 constituunt

239 4364 385 4427 rationem
400 4382 453 4425 seu
469 4360 531 4424 vim
545 4357 772 4426 intellectivam.
