3200 4975
272 382 336 443 242
697 396 739 439 na
757 395 904 439 souma.
1240 368 1328 455 [car.
1345 384 1395 431 ιι.“

273 572 374 651 potest
390 584 454 628 non
469 560 659 627 necessitas?
703 560 817 625 Causat
832 560 1015 639 libertatem,
1032 582 1086 623 seu
1101 560 1296 643 negationem
1311 578 1385 621 eon-

274 675 448 760 tingentem
462 684 548 740 aetus
563 672 716 753 contrarii,
732 694 787 737 seu
806 673 940 758 quietem
954 671 1081 736 liberam
1096 672 1127 735 in
1145 692 1201 734 suo
1216 678 1296 735 actu.
1341 668 1385 732 ut

276 786 319 851 sie
333 784 536 866 concluditur,
552 786 792 869 propositionem
807 806 869 869 qua
883 784 1023 862 dicimus,
1032 783 1210 847 voluntatem
1225 783 1288 845 ideo
1302 782 1385 857 velle,

277 900 347 981 quia
360 898 432 977 vult,
447 917 510 963 non
526 918 592 961 esse
613 896 791 977 illusoriam,
807 895 861 961 sed
882 895 1037 961 continere
1051 918 1154 961 veram
1168 894 1318 959 rationem
1332 916 1385 958 ex·

276 1007 412 1093 plicandi
426 1028 481 1071 cur
495 1016 582 1073 aetus
595 1008 737 1072 volitivus
751 1006 829 1071 liber
844 1008 963 1072 existat.

321 1121 375 1185 81.
399 1118 491 1196 Quod
511 1119 622 1183 attinet
641 1119 680 1184 ad
702 1119 913 1184 difficultatem
931 1141 963 1182 ιι.
981 1122 1021 1185 75
1037 1120 1216 1203 expositam,
1237 1140 1273 1182 ex
1294 1117 1384 1182 dietis

278 1228 367 1294 facile
391 1231 603 1316 respondetur,
629 1230 815 1317 principium
845 1230 1081 1295 determinatum
1111 1230 1151 1295 ad
1174 1230 1291 1295 bonum
1320 1251 1384 1293 nou

278 1339 390 1405 habere
404 1341 576 1407 libertatem
594 1343 756 1407 omittendi
774 1364 897 1406 omnem
920 1342 1185 1420 consultationem,
1202 1343 1255 1408 sed
1273 1341 1385 1407 habere

278 1452 450 1519 libertatem
465 1454 498 1519 in
508 1454 639 1539 singulis
649 1454 927 1519 consultationibus
941 1455 1092 1539 regendis.
1138 1454 1234 1519 Aliud
1245 1455 1326 1519 enim
1338 1464 1386 1519 est

280 1565 362 1650 quod
382 1568 437 1652 qui
458 1567 625 1631 necessario
644 1566 711 1632 vult
731 1566 825 1630 finem
848 1575 979 1653 nequeat
1000 1566 1153 1631 abstinere
1175 1590 1193 1631 a
1216 1568 1387 1653 quaerendis

279 1677 397 1759 mediis,
406 1687 437 1743 et
452 1678 537 1743 aliud
551 1678 636 1764 quod
649 1700 712 1743 non
724 1677 834 1743 habeat
849 1678 1021 1742 libertatem
1032 1678 1064 1742 in
1079 1678 1170 1743 modo
1180 1680 1385 1763 investigandi

280 1787 391 1855 media.
434 1790 484 1858 Ad
495 1790 644 1854 rationem
659 1810 728 1875 quae
742 1790 875 1870 additur,
891 1790 1145 1875 distinguendum
1160 1802 1228 1857 estc
1251 1793 1305 1878 qui
1320 1793 1385 1857 vult

279 1898 512 1980 beatitudinem,
521 1902 589 1966 vult
603 1901 750 1987 implicite
761 1904 865 1967 omnia
878 1902 959 1967 bona
973 1903 1176 1987 particularia,
1185 1904 1219 1967 in
1235 1913 1384 1989 quantum

280 2010 396 2076 habeut
419 2013 568 2077 rationem
593 2012 667 2107 boni
691 2036 782 2093 conc,
803 2014 836 2078 in
862 2025 1013 2099 quantum
1037 2024 1111 2079 sunt
1137 2015 1330 2100 particularia
1355 2026 1385 2080 et

280 2123 412 2189 limitata
425 2147 489 2209 nep.
507 2125 580 2209 quia
593 2134 629 2189 ut
649 2124 693 2189 sic
707 2136 837 2211 possunt
859 2127 978 2212 concipi
993 2136 1028 2191 ut
1043 2128 1143 2205 mala3
1166 2136 1197 2192 et
1211 2128 1281 2193 ideo
1302 2129 1387 2192 nulla

281 2243 329 2299 est
343 2235 543 2300 contradictio
558 2236 668 2321 siquis
683 2237 756 2301 velit
779 2260 862 2301 omne
876 2240 981 2302 bonum
995 2238 1083 2302 cuius
1098 2247 1144 2303 est
1159 2262 1262 2325 capax,
1279 2250 1309 2304 et
1324 2263 1386 2303 non

280 2346 354 2412 velit
376 2349 431 2411 loc
449 2350 553 2411 bonum
574 2348 661 2412 cuius
683 2357 730 2412 est
750 2372 842 2433 capax
852 2376 861 2429 3
884 2372 990 2435 quum,
1006 2359 1043 2415 ut
1066 2358 1114 2415 est
1134 2353 1188 2416 lor
1208 2351 1385 2431 limitatum,

282 2481 346 2525 non
359 2460 552 2526 contineatur
566 2460 598 2526 in
613 2471 763 2547 conceptu
777 2460 987 2528 beatitudinis.

325 2575 378 2638 82.
406 2574 540 2638 Obiieies.
563 2573 703 2638 Libertas
717 2573 825 2659 nequit
839 2573 962 2660 probari
983 2574 1159 2639 testimonio
1174 2575 1367 2640 eonscientiae
1376 2601 1386 2653 3

282 2707 354 2748 nam
378 2684 562 2750 conscientia
585 2693 716 2749 testatur
745 2685 783 2750 de
808 2685 872 2749 sola
897 2686 1057 2750 existentia
1082 2686 1299 2752 affectionum:
1322 2709 1387 2752 esse

282 2805 386 2861 autem
407 2797 581 2862 affectiones
595 2796 705 2861 liberas
720 2796 768 2868 vel
790 2820 863 2876 ιιοιι,
880 2821 943 2862 ιιοιι
965 2799 1098 2882 pertinet
1112 2798 1151 2863 ad
1171 2800 1388 2864 conscientiam

283 2930 473 2994 cognoscere.
519 2896 586 2973 Nee
607 2908 729 2994 probari
743 2918 846 2993 potest
868 2931 905 2973 ex
923 2910 1057 2994 praemiis
1074 2919 1105 2974 et
1125 2911 1245 2995 poenis3
1268 2934 1340 2975 nam
1357 2915 1390 2974 1ο

283 3021 375 3085 etiam
394 3020 495 3085 brutis
516 3020 702 3105 infliguntur
714 3043 816 3106 poenae
838 3030 869 3085 et
884 3021 997 3085 dantur
1018 3022 1142 3105 praemia
1150 3047 1160 3099 3
1182 3021 1253 3086 licet
1268 3030 1390 3087 careant

283 3132 440 3198 libertate:
464 3136 499 3198 2⁰
512 3154 606 3217 poena
620 3141 667 3196 est
681 3132 797 3217 aliquid
817 3155 994 3218 repugnans
1008 3133 1169 3198 instinctui
1177 3159 1186 3212 3
1210 3156 1284 3219 ergo
1298 3156 1390 3219 poena

283 3254 385 3309 movet
405 3245 563 3309 hominem
583 3227 752 3308 secundum
772 3245 857 3329 quod
879 3245 971 3309 habet
992 3244 1174 3309 instinctum
1197 3245 1368 3310 naturalem
1379 3273 1389 3324 3

283 3357 378 3422 etsie
399 3357 457 3420 erit
476 3355 570 3435 utilis,
585 3356 705 3420 etiamsi
725 3355 818 3419 homo
839 3378 902 3420 ιιοιι
926 3356 966 3419 sit
990 3355 1085 3421 liber:
1109 3359 1144 3421 3⁰
1166 3357 1243 3441 quid
1262 3357 1288 3421 si
1308 3357 1390 3442 leges

283 3467 440 3552 puniendo
455 3467 518 3531 sint
532 3467 679 3532 iniustael

328 3579 510 3663 Respondeo
524 3603 553 3642 n.
566 3588 649 3645 ant:
673 3579 713 3644 ad
726 3578 815 3663 prob.
828 3578 906 3658 dieo,
916 3577 999 3663 quod
1014 3579 1097 3666 sicut·
1108 3579 1283 3644 intellectus
1298 3579 1390 3645 habet

285 3692 415 3778 primam
430 3691 702 3775 apprehensionem
723 3699 755 3755 et
770 3690 945 3769 secundam,
963 3711 1031 3774 quae
1046 3680 1157 3754 dicitur
1177 3691 1332 3775 cogitatio,
1347 3691 1391 3756 ita

285 3805 470 3870 conscientia
484 3803 576 3869 habet
587 3805 718 3889 primam
734 3803 1009 3888 apprehensionem
1023 3804 1127 3888 (quam
1142 3803 1264 3868 Balmes
1276 3804 1391 3868 vocavit

285 3918 501 3983 conscientiam
529 3917 681 4000 directam)
713 3924 745 3980 et
780 3914 945 3980 seeundum
979 3915 1084 3998 (quam
1114 3914 1190 3978 dixit
1220 3915 1388 3998 reflexam):

285 4030 403 4114 primus
425 4028 556 4093 intuitus
578 4026 770 4093 eonscientiae
791 4034 925 4090 testatur
946 4025 983 4090 de
999 4025 1159 4090 existentia
1176 4026 1390 4092 affectionum:

286 4141 439 4207 secundus
453 4161 524 4207 vero
546 4139 678 4203 intuitus
704 4138 778 4203 dicit
806 4146 909 4202 actum
933 4137 1172 4222 comparativum
1196 4136 1391 4202 affectionum

286 4253 491 4331 existentium,
515 4260 568 4316 aut
591 4252 767 4316 earumdem
790 4250 1037 4336 appretiativum,
1065 4249 1234 4314 secundum
1259 4249 1391 4313 rationes

286 4368 419 4432 diversas
433 4364 581 4430 existendi
596 4386 672 4448 quas
687 4363 823 4429 habente
846 4372 877 4427 et
892 4386 946 4448 per
960 4363 1044 4428 hunc
1060 4362 1228 4427 secundum
1244 4361 1392 4426 intuitum
