3200 4975
208 336 278 398 etr.
295 333 349 418 ιι.]
408 302 411 309 ¹
660 354 703 396 nn
720 355 865 398 aournn.
1251 333 1315 397 233

208 542 240 582 se
260 518 373 600 liberis,
397 541 461 584 non
481 516 640 582 habebunt
663 517 837 583 libertatem
862 517 924 582 nisi
941 511 1119 582 alibertate
1139 525 1234 596 actus,
1255 539 1316 601 quo

208 632 417 716 imperantur,
438 639 469 694 et
490 631 560 695 ideo
579 653 643 695 non
667 643 758 694 erunt
773 630 945 716 formaliter
966 628 1065 709 liberi,
1086 629 1140 693 sed
1161 630 1317 693 causaliter

208 751 343 808 tantum.
395 743 488 808 Unde
517 743 610 808 etiam
640 744 672 807 in
701 744 759 807 hoc
789 765 863 808 casu
891 743 1000 828 nequit
1031 741 1090 806 dici
1119 749 1223 806 actum
1251 763 1318 806 ease

208 855 376 920 formaliter
394 855 536 935 liberum,
557 855 677 920 etiamsi
696 868 829 941 ponatur
847 854 912 937 (seu
933 854 1111 938 imperetur)
1129 854 1318 918 avoluntate
1384 855 1385 858 ’

210 967 341 1032 habente
356 975 539 1052 potestatem
554 967 690 1052 proxime
705 966 878 1052 expeditam
892 965 932 1028 ed
946 966 1132 1050 oppositum.

254 1081 306 1144 73.
331 1079 391 1142 Hia
412 1079 449 1143 de
471 1079 655 1143 formalitate
678 1087 764 1142 actus
786 1077 874 1141 liberi
896 1075 1050 1161 expositis,
1075 1082 1212 1160 superest
1234 1097 1317 1160 quae-

211 1190 350 1270 rendum,
365 1214 407 1254 an
424 1190 535 1254 habeat
550 1190 692 1254 voluntas
711 1189 848 1252 humana
870 1189 908 1252 de
929 1188 1011 1252 facto
1032 1187 1113 1251 hanc
1134 1194 1316 1271 potestatem

209 1299 346 1383 proxime
360 1300 533 1384 expeditam
547 1299 724 1385 quiescendi
738 1299 785 1363 vel
802 1321 864 1363 non
884 1297 1060 1385 quiescendi
1076 1297 1107 1360 in
1120 1296 1183 1360 suis
1199 1296 1318 1360 actibus

211 1410 414 1490 naturalibus,
444 1418 536 1495 prout
570 1410 730 1494 hucusque
764 1409 992 1494 supposuimus,
1036 1408 1078 1472 Et
1108 1408 1231 1472 evidens
1260 1416 1317 1485 est,

211 1521 460 1606 respondendum
495 1543 560 1584 esse
594 1521 782 1585 affirmative.
836 1520 918 1584 Nam
951 1523 984 1583 1⁰
1007 1519 1200 1584 conscientie
1232 1519 1317 1583 testi-

212 1631 316 1695 monio
335 1639 366 1694 et
386 1631 507 1695 interna
528 1631 713 1715 experientia
735 1630 894 1715 perspicue
916 1652 1078 1694 monemur
1100 1630 1137 1694 de
1159 1630 1319 1694 existentia

212 1742 305 1805 huius
319 1741 480 1825 potestatis
495 1741 528 1805 in
543 1741 650 1805 nobis:
673 1745 708 1806 29
727 1741 760 1804 id
779 1741 883 1825 ipsum
906 1748 1086 1826 supponunt
1107 1762 1213 1804 omnes
1235 1739 1319 1824 leges

213 1853 322 1917 divinae
336 1862 430 1937 atque
442 1853 595 1930 humanae,
611 1875 680 1936 quse
694 1852 809 1916 frustra
823 1861 935 1931 essent,
948 1852 974 1915 si
988 1851 1128 1915 homines
1139 1851 1318 1915 necessitate

213 1963 344 2048 quadam
359 1962 589 2048 impellerentur
597 1963 636 2027 ad
647 1963 800 2046 agendum
814 1989 820 2028 :
844 1963 967 2048 praemia
977 1986 1047 2027 vero
1058 1971 1089 2026 et
1100 1985 1200 2048 poenae
1209 1962 1317 2026 iisdem

212 2073 333 2158 legibus
348 2075 474 2153 sancita,
489 2082 603 2159 negata
621 2073 771 2154 libertate,
792 2097 856 2138 non
875 2075 967 2138 modo
988 2073 1111 2138 inutilia
1132 2083 1242 2154 essent,
1265 2073 1319 2138 sed

215 2185 306 2270 plane
323 2186 456 2265 iniusta3
480 2208 548 2270 quae
574 2185 676 2250 omnia
699 2196 858 2271 nequeunt
883 2186 944 2250 dici
967 2187 1026 2251 nisi
1054 2209 1178 2251 sensum
1202 2194 1319 2250 naturae

215 2320 410 2362 communem
433 2296 640 2381 repudiando:
679 2300 714 2363 3ο
736 2297 830 2361 homo
859 2305 905 2361 est
935 2296 1048 2361 animal
1077 2297 1318 2380 intellectivam

214 2431 288 2494 ergo
303 2417 335 2473 et
351 2408 493 2473 liberum.
538 2407 766 2494 Consequentia
786 2408 945 2494 probatur.
989 2409 1072 2473 Nam
1094 2409 1207 2474 animal
1228 2409 1319 2473 intel·

213 2523 357 2587 lectivum
387 2519 480 2585 habet
506 2544 561 2606 pro
585 2520 705 2585 obiecto
733 2521 850 2585 bonum
877 2521 934 2585 snb
964 2522 1049 2586 omni
1079 2522 1206 2602 ratione,
1237 2524 1320 2587 iuxta

214 2643 355 2699 naturam
391 2633 575 2717 cognitionis
609 2633 797 2711 universalis,
828 2656 897 2718 quae
925 2633 971 2697 illi
1001 2634 1155 2723 competit,
1192 2656 1320 2719 quaeque

214 2746 331 2809 bonum
343 2744 503 2817 ‚voluntati
525 2745 679 2830 proponit.
725 2744 858 2820 Quando
880 2768 953 2829 ergo
973 2745 1154 2830 proponitur
1168 2744 1320 2809 voluntati

213 2857 327 2921 bonum
358 2856 580 2941 imperfectum,
607 2865 638 2920 et
663 2856 721 2921 sub
751 2856 809 2921 hac
836 2856 882 2920 vel
911 2856 963 2921 illa
991 2857 1109 2921 ratione
1138 2856 1320 2921 deficiensa

213 2970 332 3033 ratione
353 2969 436 3048 boni,
458 2968 483 3031 si
506 2990 570 3031 non
592 2968 671 3031 emet
693 2968 785 3030 homo
807 2966 884 3031 liber
906 2968 945 3032 ad
967 2991 1124 3032 assensum
1140 2968 1187 3032 vel
1205 2968 1244 3032 ad
1259 2968 1320 3031 dis-

215 3103 350 3159 sensum,
371 3080 484 3143 frustra
504 3087 582 3142 esset
602 3078 824 3158 intellectivam
849 3083 944 3163 quum
965 3080 1047 3143 enim
1068 3080 1203 3163 cognitio
1225 3079 1321 3143 bono·

214 3215 283 3255 rum
299 3192 389 3255 detur
403 3191 436 3253 in
457 3190 563 3254 ordine
586 3190 625 3254 ad
648 3190 839 3274 dirigendam
856 3190 1054 3271 voluntatem,
1078 3190 1191 3255 frustra
1214 3213 1319 3275 appre-

214 3303 361 3367 henderet
390 3303 539 3367 rationem
569 3302 651 3381 boni,
682 3304 806 3387 quando
837 3304 987 3382 dissentit,
1015 3312 1046 3367 et
1075 3304 1189 3367 frustra
1219 3302 1321 3367 defici-

215 3416 328 3479 entiam
344 3439 362 3478 a
377 3416 494 3478 ratione
513 3413 596 3493 boni,
619 3414 741 3498 quando
761 3416 933 3494 consentit3
956 3415 1028 3500 quia
1048 3414 1101 3479 illa
1121 3415 1322 3500 apprehensio

216 3526 407 3591 nullomodo
422 3526 615 3589 ordinaretur
629 3525 668 3589 ad
683 3525 874 3609 dirigendam
890 3526 1088 3590 voluntatem.
1135 3526 1232 3612 Atqui
1245 3527 1319 3590 dum

215 3639 408 3717 assentimur,
425 3637 518 3702 simul
538 3638 751 3721 cognoscimus
773 3638 906 3701 rationes
927 3638 1095 3702 secundum
1114 3661 1189 3723 quas
1204 3639 1320 3702 bonum

216 3760 262 3815 cst
283 3750 436 3830 deficiens,
457 3759 487 3814 et
510 3749 583 3814 dum
608 3749 816 3827 dissentimus,
840 3749 932 3813 simul
954 3750 1167 3833 cognoscimus
1189 3752 1322 3815 rationes

215 3862 298 3941 boni,
314 3884 382 3947 quae
396 3869 470 3925 sunt
484 3861 517 3923 in
536 3860 653 3923 obiecto
663 3886 673 3939 3
696 3882 769 3943 ergo
789 3868 819 3923 et
842 3883 984 3924 assensus
1007 3869 1037 3925 et
1060 3861 1215 3925 dissensus
1237 3864 1322 3926 iuxta

216 3996 340 4037 cursum
351 3971 522 4037 naturalem
534 3971 628 4035 libere
642 3970 777 4055 ponitur,
793 3970 1045 4056 quotiescumque
1061 3972 1163 4056 agitur
1178 3972 1215 4035 de
1230 3972 1322 4051 bono,

216 4085 300 4169 quod
319 4106 383 4147 non
404 4083 462 4147 sub
485 4082 569 4145 omni
592 4081 709 4145 ratione
735 4090 781 4145 est
806 4082 932 4147 bonum.
979 4082 1069 4147 Hanc
1092 4084 1188 4167 ipsam
1212 4083 1322 4168 proba-

217 4197 329 4259 tionem
348 4195 408 4258 alio
423 4193 514 4257 modo
529 4192 696 4278 expositam
711 4192 780 4281 uide
795 4192 827 4256 in
843 4193 1031 4277 praecedente
1046 4202 1178 4258 tractatu
1193 4217 1225 4259 n.
1243 4199 1263 4260 7
1265 4200 1294 4259 5.

236 4349 238 4355 ·
262 4310 312 4371 74.
337 4305 569 4370 Advertendum
592 4313 638 4368 est
657 4304 718 4385 hic,
742 4304 834 4389 quod,
854 4314 890 4369 ut
913 4328 1077 4371 consensus
1099 4306 1263 4370 voluntatis
1284 4307 1323 4371 sit
