3200 4975
229 347 303 390 css.
320 323 376 410 11.]
678 345 721 388 os
739 345 885 390 sossius.
1272 322 1337 386 219

274 515 455 580 Notandum
470 523 516 581 est
528 525 642 597 autem,
652 518 735 602 quod
747 518 826 582 sicut
841 518 977 582 existunt
991 519 1195 582 instrumenta
1210 515 1335 580 diversae

229 627 352 692 virtutis
374 627 458 691 intra
479 628 616 692 eamdem
643 629 786 714 speciem,
806 653 835 695 v.
856 652 903 713 gr.
925 629 1097 713 telesoopia,
1127 627 1335 712 microscopia,

230 740 323 818 tubae,
354 739 487 825 cytharae
515 748 584 819 etc,
614 741 657 804 ita
686 740 763 804 nihil
793 740 932 825 impedit,
962 741 1127 825 quominus
1152 740 1185 803 in
1210 738 1337 803 diversis

229 849 407 915 hominibus
422 849 485 913 sint
499 872 615 934 organa
630 851 764 915 sensoria
784 851 909 915 diversae
923 851 1054 930 virtutis,
1070 850 1132 915 sive
1146 850 1180 914 iu
1194 849 1334 928 videndo,

230 962 292 1026 sive
306 960 340 1024 in
354 961 517 1042 audiendo,
533 962 596 1026 sive
609 961 642 1026 in
657 962 742 1026 aliis:
766 962 841 1028 adeo
855 971 892 1027 ut
909 962 1079 1048 impressio,
1099 984 1168 1047 quse
1190 961 1336 1045 recipitur

229 1075 263 1138 in
284 1072 374 1137 oculo
396 1072 490 1153 Petri,
513 1096 577 1138 non
599 1074 768 1140 necessario
796 1074 903 1139 eadem
927 1075 967 1138 sit
989 1096 1024 1140 ac
1045 1097 1113 1159 quae
1135 1073 1280 1158 recipitur
1301 1073 1334 1136 in

230 1183 319 1253 oculo
341 1183 452 1264 Paulli,
474 1192 506 1248 et
528 1185 610 1269 idern
629 1185 711 1250 dicas
731 1184 771 1249 de
791 1185 859 1250 aliis
883 1185 1032 1250 sensibus.
1078 1183 1181 1260 Quare
1195 1181 1334 1248 absolute

229 1295 383 1381 loquendo
408 1304 539 1380 possunt
563 1296 625 1361 duo
650 1296 790 1361 homines
816 1296 897 1360 idem
920 1295 1073 1360 obiectum
1103 1295 1220 1360 diverso
1244 1293 1335 1358 modo

229 1407 466 1493 apprehendere,
489 1408 568 1473 siout
591 1409 653 1473 duo
675 1409 852 1488 astronomi,
879 1409 933 1494 qni
958 1408 1064 1472 lunam
1089 1407 1237 1493 aspiciant
1263 1429 1335 1472 cum

230 1520 356 1585 diversis
377 1519 558 1605 telesoopiis,
581 1520 699 1586 diverso
718 1521 811 1586 modo
830 1543 897 1586 eam
917 1519 1156 1606 apprehendent.
1202 1519 1263 1584 Sed
1276 1521 1335 1584 hoc

230 1654 292 1696 non
308 1638 390 1696 orest
404 1653 553 1696 errorem:
577 1654 649 1697 nam
664 1631 812 1697 iudicium
828 1631 971 1696 derebus
991 1630 1185 1696 sensibilibus
1204 1631 1335 1694 fertms

230 1744 320 1809 nobis
334 1743 427 1808 modo
440 1742 577 1823 relativo,
591 1742 625 1807 id
638 1751 685 1808 est
700 1766 799 1808 unum
814 1743 853 1807 ad
868 1742 953 1807 aliud
972 1741 1193 1828 comparando:
1216 1741 1335 1827 etquis

230 1855 284 1939 qui
298 1855 381 1921 videt
394 1855 454 1920 hoc
468 1877 496 1920 v.
512 1877 560 1938 gr.
577 1854 636 1918 sub
650 1855 763 1919 maiore
777 1855 942 1934 volumine,
963 1854 1056 1919 etiam
1075 1853 1134 1919 alia
1147 1853 1262 1919 videbit
1277 1853 1334 1918 sub

231 1966 343 2043 maiore
360 1965 526 2045 volumine,
550 1967 736 2052 comparatio
760 1965 860 2031 adhuc
880 1973 961 2030 recte
981 1964 1134 2050 procedet.
1179 1965 1213 2030 si
1232 1973 1335 2030 autem

230 2077 270 2140 ob
296 2077 506 2143 infirmitatem
530 2077 665 2162 aliquam
690 2099 842 2163 organum
861 2077 993 2156 vitietur,
1020 2085 1095 2143 tunc
1121 2077 1227 2161 utique
1253 2099 1335 2142 com-

230 2189 347 2273 paratio
357 2188 449 2254 ducet
463 2189 497 2253 in
510 2189 634 2269 falsum,
657 2190 729 2275 quia
749 2190 885 2254 medium
906 2189 1141 2276 comparationis
1156 2211 1219 2253 non
1234 2210 1334 2273 perse-

231 2308 315 2364 verat
339 2299 373 2364 iu
399 2308 482 2365 statu
513 2299 635 2379 debito,-
658 2300 712 2365 sed
734 2300 793 2364 hoc
816 2309 863 2364 est
886 2322 940 2384 per
965 2299 1113 2364 accidens.
1159 2299 1334 2374 Generatim

230 2434 300 2476 vero
328 2434 421 2493 error,
451 2412 505 2498 qui
530 2412 678 2476 tribuitur
707 2411 857 2491 sensibus,
886 2411 1068 2476 tribuendus
1097 2419 1143 2476 est
1172 2410 1336 2476 temeritati

230 2523 333 2608 potius
354 2532 385 2588 et
406 2523 621 2609 imprudentiae
644 2523 826 2603 iudicantis3
849 2547 955 2588 sensus
977 2524 1059 2587 enim
1079 2524 1177 2587 officio
1193 2545 1248 2588 suo
1263 2523 1335 2587 fun-

231 2644 347 2719 guntur
365 2635 551 2715 fidelissime,
573 2658 671 2721 quum
691 2636 754 2700 sint
774 2636 920 2721 potentiae
939 2635 1083 2720 passivae:
1107 2635 1161 2700 sed
1174 2634 1267 2699 homo
1281 2636 1336 2720 qui

231 2754 351 2831 recepta
365 2746 566 2830 impressione
585 2746 701 2811 iudicat
721 2745 832 2811 turrim
852 2753 1000 2810 remotam
1021 2768 1086 2811 esse
1100 2746 1272 2824 rotundam,
1289 2746 1336 2810 vel

230 2880 349 2923 remum
364 2857 397 2921 in
412 2880 492 2942 aqua
505 2880 571 2922 esse
589 2858 730 2936 fractum,
745 2857 793 2921 vel
815 2856 960 2921 laminam
983 2879 1106 2921 auream
1129 2880 1195 2921 esse
1218 2857 1336 2921 mathe-

231 2968 340 3033 matice
355 2967 544 3047 continuam,
558 2967 756 3052 progreditur
769 2968 802 3031 in
817 2966 980 3033 iudicando
996 2968 1076 3031 ultra
1090 2967 1124 3032 id
1137 2968 1221 3052 quod
1236 2967 1335 3049 debet,

231 3102 328 3165 quum
357 3079 473 3144 tribuat
502 3079 592 3145 rebus
621 3079 750 3166 aliquid,
773 3080 857 3165 quod
881 3103 945 3145 non
970 3080 1098 3165 positive
1124 3082 1253 3165 percipit
1281 3104 1336 3167 per

233 3214 357 3257 sensum
371 3200 407 3257 ut
422 3191 531 3256 iisdem
546 3192 738 3257 conveniens.
783 3192 935 3257 (laeterum
951 3194 1005 3277 qui
1024 3191 1191 3279 prudenter
1211 3193 1336 3275 iudicat,

232 3324 329 3386 quum
359 3304 444 3382 sciat,
477 3324 575 3367 unum
601 3325 724 3367 sensum
753 3302 961 3387 imperfectam
990 3303 1101 3369 obiecti
1129 3304 1335 3389 cognitionem

231 3414 414 3493 ministrare,
444 3413 568 3479 adhibet
591 3414 684 3478 etiam
706 3414 782 3479 alios
803 3436 911 3479 sensus
939 3436 1016 3499 quos
1038 3418 1148 3499 potest,
1171 3424 1335 3502 antequam

231 3524 362 3590 iudicet:
385 3533 417 3588 et
440 3525 466 3589 si
488 3524 540 3589 alii
562 3547 670 3589 sensus
692 3547 755 3589 non
777 3532 851 3589 sunt
873 3525 1077 3610 supplicabiles,
1104 3527 1227 3593 adhibet
1249 3550 1335 3593 eum·

231 3635 302 3699 dem
324 3636 358 3699 in
379 3635 506 3701 diversis
520 3635 684 3716 adiunctis,
699 3658 726 3699 v.
742 3659 789 3720 gr.
806 3636 978 3721 aspiciendo
994 3638 1091 3721 magis
1111 3660 1223 3723 prope:
1246 3649 1277 3704 et
1292 3640 1335 3705 sic

231 3770 268 3811 er
284 3747 438 3811 erroribus
458 3747 620 3812 bominum
641 3747 886 3832 imprudentium
906 3748 985 3813 nihil
999 3749 1138 3833 sequitur
1152 3760 1257 3815 contra
1271 3752 1344 3836 ple-v

232 3880 304 3921 nam
319 3880 465 3924 sensuum
480 3857 683 3924 veracitatem.

275 3970 365 4034 Esset
376 3970 429 4035 hio
442 3970 595 4054 agendum
608 3970 646 4035 de
666 3994 759 4035 sensu
778 3972 910 4051 interno,
929 3971 967 4037 de
981 3972 1094 4057 vigilia,
1111 3974 1148 4039 de
1163 3998 1280 4055 somno,
1296 3977 1334 4041 de

233 4082 369 4161 somniis,
389 4082 427 4146 de
446 4081 589 4160 amentia,
613 4104 681 4167 quse
703 4083 806 4147 omnia
829 4107 846 4147 a
867 4093 954 4168 parte
976 4086 1120 4151 sensitiva
1141 4087 1333 4172 dependent:

232 4193 288 4259 sed
306 4193 379 4279 qnia
400 4215 463 4258 non
484 4215 649 4277 possumus
671 4196 775 4260 omnia
795 4196 900 4281 paucis
922 4197 1092 4281 complecti,
1115 4200 1238 4265 consule
1260 4201 1335 4265 alios

232 4314 371 4373 auctores
384 4329 413 4371 v.
429 4328 476 4391 gr.
493 4306 669 4374 liberatore
684 4307 893 4392 Psychologiae
908 4330 933 4372 o.
949 4308 970 4373 i.
986 4319 1043 4374 art.
1060 4315 1090 4376 2.
