3200 4975
251 371 326 417 aar.
344 353 399 437 ιι]
709 374 754 416 nn
771 373 918 418 nonina.
1295 357 1357 419 183

291 539 412 618 Dicere,
427 539 578 603 actionem
598 537 774 622 organicam
794 548 825 602 et
844 539 994 603 actionem
1009 539 1245 605 intellectualem
1262 541 1355 606 simrd

247 673 324 730 esse,
336 673 401 714 non
415 658 463 715 est
477 650 587 730 dicere,
603 650 686 735 quod
701 651 780 715 actio
794 650 1010 714 intellectualis
1024 673 1061 716 ex
1076 660 1141 716 toto
1156 652 1204 717 vel
1218 675 1255 716 ex
1268 661 1354 738 parte

247 762 288 826 sit
303 761 382 826 actio
396 762 549 846 organica.
587 761 727 826 Primum
742 785 847 827 verum
863 770 909 826 cst
925 762 958 826 in
973 762 1108 844 homine,
1124 763 1293 829 secundum
1308 772 1354 830 est

246 873 368 938 falsum.
413 873 499 938 Dum
521 873 604 938 enim
626 873 729 938 anima
750 873 869 958 perficit
890 873 1097 959 operationem
1121 875 1179 939 sibi
1199 875 1352 961 propriam

247 984 417 1049 secundum
438 985 521 1069 quod
542 991 590 1049 est
611 983 797 1069 principium
821 1007 884 1049 suae
906 985 976 1050 vitae
998 985 1222 1066 intellectualis,
1245 986 1352 1051 eodem

247 1097 371 1181 quidem
392 1106 528 1182 tempore
550 1097 670 1182 perficit
690 1097 899 1182 operationem
915 1096 974 1160 sibi
989 1098 1143 1182 propriam
1158 1107 1193 1162 ut
1208 1106 1254 1163 est
1269 1099 1352 1184 prin-

244 1209 360 1294 cipium
371 1209 441 1274 vitae
452 1209 603 1274 sensitivae
613 1209 647 1273 in
658 1211 846 1295 composit03
869 1209 1000 1274 habetur
1011 1232 1084 1294 ergo
1096 1211 1174 1274 actio
1186 1210 1352 1295 spiritualis

246 1319 340 1384 simul
359 1343 429 1384 cum
450 1321 603 1386 sensibili:
627 1320 682 1386 sed
695 1321 821 1387 evidens
839 1331 886 1386 est
906 1345 942 1386 ex
957 1345 1050 1406 supra
1066 1321 1231 1407 explicatis,
1247 1331 1351 1388 actum

245 1430 439 1516 intelligendi
453 1441 484 1496 et
499 1442 601 1498 actum
616 1432 767 1497 sentiendi
782 1434 816 1497 in
830 1433 888 1498 hoc
903 1433 1104 1498 essentialiter
1122 1433 1251 1516 differre,
1268 1435 1351 1520 quod

244 1543 363 1627 primus
383 1545 525 1629 procedat
545 1569 563 1610 a
583 1545 733 1631 principio
747 1545 833 1610 vitali
852 1554 945 1630 prout
965 1545 1022 1609 hoc
1040 1545 1132 1610 habet
1147 1546 1242 1611 vitam
1259 1547 1293 1610 in
1308 1570 1349 1627 sc,

243 1664 276 1719 et
296 1657 478 1721 terminetur
495 1657 533 1721 ad
552 1657 705 1722 obiectum
720 1667 757 1722 ut
771 1667 818 1722 est
836 1658 869 1722 in
884 1658 1060 1743 passivitate
1074 1658 1259 1739 intellectus,
1274 1657 1350 1724 dum

244 1768 399 1832 secundus
415 1769 552 1853 procedit
573 1791 592 1832 a
611 1769 762 1854 principio
777 1769 863 1834 vitali
882 1779 974 1855 prout
994 1769 1096 1834 influit
1116 1777 1187 1834 actu
1201 1769 1295 1835 vitam
1315 1771 1350 1834 in

243 1901 365 1964 corpus,
380 1888 411 1944 et
432 1883 617 1945 terminatur
633 1881 673 1946 ad
687 1881 842 1946 obiectum
857 1889 892 1945 ut
907 1882 1001 1946 estin
1016 1881 1191 1968 passivitate
1207 1882 1349 1967 organica

243 1991 378 2076 eorporis
392 1993 530 2058 viventis.
563 1993 770 2079 Quapropter
789 2002 876 2058 actus
897 1993 1101 2059 intellectivus
1121 2017 1185 2059 non
1199 2002 1247 2060 est
1261 2004 1348 2060 actus

241 2103 416 2184 sensitivus,
439 2104 558 2169 etiamsi
580 2105 724 2190 procedat
743 2105 782 2170 ab
803 2106 909 2170 eodem
929 2105 1078 2192 principio
1100 2106 1196 2188 vitali,
1211 2107 1284 2192 quia
1302 2107 1348 2172 di·

242 2237 328 2279 versa
341 2216 459 2281 ratione
479 2216 617 2301 procedit
638 2226 670 2281 et
690 2217 808 2282 diverso
828 2219 961 2282 termino
983 2219 1175 2284 terminatur.
1222 2219 1255 2284 Si
1275 2242 1348 2304 ergo

241 2327 276 2390 hi
294 2335 390 2407 actus,
406 2328 499 2392 etiam
516 2327 639 2414 quando
656 2328 764 2393 eodem
784 2337 922 2414 tempore
940 2330 1032 2410 fiunt,
1050 2337 1177 2395 manent
1197 2330 1344 2412 distincti,

240 2439 320 2504 nihil
341 2439 499 2506 lucrantur
520 2441 725 2506 materialistae
740 2464 777 2507 ex
791 2443 990 2509 coexistentia
1003 2451 1107 2508 motus
1122 2443 1259 2529 corporei
1274 2465 1345 2509 cunr

242 2553 418 2637 operatione
431 2554 617 2619 intellectiva
625 2580 635 2633 3
658 2562 689 2617 et
704 2577 740 2619 ex
757 2575 794 2618 eo
811 2554 895 2640 quod
913 2554 947 2619 in
964 2555 1018 2619 tali
1036 2555 1212 2640 operatione
1231 2577 1345 2640 organa

239 2664 418 2749 fatigentur,
428 2686 493 2729 non
503 2665 564 2729 nisi
578 2663 742 2750 sophistice
757 2664 956 2745 concludunt,
968 2688 1085 2750 organa
1098 2666 1210 2731 habere
1225 2674 1343 2751 partem

240 2773 274 2839 in
296 2785 367 2840 actu
388 2775 582 2842 intellectiva.
632 2778 746 2861 Carpus
765 2779 929 2861 requiritur
951 2778 992 2841 ad
1011 2780 1153 2842 actionem
1170 2778 1342 2857 intellectas,

239 2886 282 2950 ait
302 2886 334 2951 S.
350 2887 484 2953 Th0mas
507 2888 550 2973 (p.
567 2892 596 2952 1.
621 2911 651 2973 q.
668 2891 720 2953 75.
742 2912 770 2953 a.
785 2890 833 2969 2),
855 2910 914 2953 aaa
934 2891 1011 2952 sicat
1025 2911 1174 2973 arpaaavn
1195 2912 1251 2972 qao
1275 2889 1330 2953 tal·

239 3002 317 3063 actio
336 3012 514 3079 eaerceatar,
529 3002 582 3065 red
599 3002 714 3065 ratione
733 3002 838 3065 obiecti
846 3027 857 3075 ;
873 3002 1053 3085 phantasma
1067 3003 1142 3065 enim
1157 3009 1344 3085 comparatur

237 3112 280 3175 ad
301 3113 479 3177 intellectam
502 3114 579 3176 sicat
604 3112 683 3176 colar
708 3112 749 3175 ad
765 3113 868 3176 visam
914 3112 1000 3176 Sicut
1021 3134 1093 3197 ergo
1113 3111 1196 3176 color
1217 3134 1274 3176 nec
1296 3121 1343 3177 est

239 3223 426 3308 principium
447 3245 504 3288 nec
533 3223 787 3308 comprincipium
809 3223 932 3288 virtutis
952 3223 1064 3304 visivae,
1086 3232 1117 3288 et
1134 3223 1229 3288 virtus
1249 3222 1344 3289 visiva

238 3356 301 3399 non
317 3334 487 3419 completur
501 3334 663 3400 intrinsece
684 3357 740 3420 per
756 3335 909 3415 colorem3
932 3335 976 3400 ita
996 3335 1179 3420 phantasma
1200 3334 1343 3400 sensibile

239 3466 296 3510 nec
317 3454 365 3509 est
386 3445 571 3531 principium
593 3468 650 3510 nee
671 3446 926 3531 comprincipium
948 3446 1070 3511 virtutis
1092 3444 1294 3525 intellectiva,
1310 3453 1342 3510 et

237 3557 336 3621 virtus
364 3556 548 3622 intellectiva
576 3578 640 3621 non
669 3555 841 3641 completur
869 3556 1032 3622 intrinsece
1061 3578 1116 3641 per
1147 3556 1340 3641 phantasma.

235 3668 348 3753 Itaque
362 3668 526 3753 corporalis
540 3668 677 3753 operatio
691 3667 784 3732 habet
800 3690 833 3733 se
847 3667 888 3731 ad
902 3668 1109 3753 operationem
1126 3668 1341 3733 intellectivam

235 3790 394 3866 tamquam
417 3780 551 3845 conditio
574 3781 722 3866 requisita
744 3780 784 3845 ad
809 3779 868 3845 hoc
894 3789 930 3844 nt
954 3780 1106 3845 obiectum
1131 3781 1185 3845 fiat
1209 3803 1343 3865 praesens

234 3893 421 3958 intellectui:
454 3892 599 3971 conditio,
628 3890 765 3977 inquam,
794 3892 942 3977 requisita
970 3915 1033 3957 non
1063 3915 1099 3957 ex
1127 3900 1238 3957 natura
1267 3894 1340 3958 sub·

234 4006 355 4071 stantia
378 4006 487 4071 animae
507 4007 586 4092 (quae
605 4006 632 4070 si
651 4014 731 4070 esset
756 4006 899 4085 solitaria,
916 4006 973 4070 hac
988 4005 1162 4070 conditione
1177 4028 1241 4069 non
1255 4014 1343 4071 tene·

234 4118 329 4202 retur)
348 4116 402 4181 sed
430 4140 467 4181 ex
491 4125 575 4181 statu
602 4116 712 4181 animae
741 4125 813 4181 actu
835 4116 1029 4181 informantis
1059 4138 1179 4200 corpus,
1207 4124 1242 4179 ut
1262 4116 1343 4183 infra

234 4227 380 4293 dicemus.
428 4230 480 4293 Sic
494 4236 591 4293 actem
605 4229 735 4312 iadipere
754 4250 884 4309 corpore,
901 4226 1055 4292 concludit
1077 4228 1108 4291 S.
1125 4227 1267 4307 Thomas,
1283 4251 1342 4293 aaa

232 4351 360 4407 rearacct
378 4342 555 4407 intellectam
576 4364 637 4407 esse
657 4343 881 4405 mbshteatem:
906 4342 1037 4424 alioquin
1058 4340 1170 4405 animal
1189 4362 1247 4404 aaa
1269 4349 1342 4407 esset
