3200 4975
280 342 345 407 282
738 364 782 407 aa
798 362 946 409 nonius.
1227 344 1312 428 [ore.
1330 364 1383 407 111.

278 532 475 597 formandum
495 554 615 619 oorpus.
660 532 754 617 llrgo,
768 540 917 618 pereunte
937 552 1071 617 corpore,
1087 533 1185 617 perire
1203 531 1303 597 debet.
1350 532 1384 595 si

279 643 362 707 enim
376 666 438 708 non
455 644 576 729 periret,
591 641 732 709 existeret
745 644 779 708 in
799 653 884 709 statu
899 642 1042 724 violento,
1058 666 1111 710 seu
1130 653 1236 708 eontra
1254 643 1384 709 tenden-

279 754 354 819 tiam
376 778 439 820 suae
459 765 585 821 naturae.
632 755 694 820 Sed
712 755 770 819 hoc
790 764 838 820 est
857 755 1065 840 impossibile;
1088 754 1160 841 quia
1174 755 1261 821 Deus
1275 755 1383 841 nequit

277 866 423 931 frustrare
438 866 626 932 tendentium
641 866 760 946 animae,
775 877 813 931 nt
828 867 1012 952 supponitur
1025 866 1059 931 in
1074 866 1163 931 thesi.

322 978 504 1062 Respondeo
525 1002 590 1063 nep.
607 987 670 1043 ant.
685 980 867 1063 simpliciter,
882 988 1007 1064 propter
1028 978 1112 1044 illam
1127 999 1231 1043 vocem
1243 980 1382 1043 substan·

278 1090 399 1154 tintiter.
444 1089 540 1155 Aliud
561 1090 643 1155 enim
667 1090 822 1175 estquod
847 1090 949 1155 anima
977 1090 1156 1155 naturaliter
1187 1096 1218 1155 et
1247 1090 1382 1175 proxime

278 1202 428 1265 ordinetur
447 1203 490 1266 ud
505 1202 724 1299 informandum
741 1222 846 1285 corpus
856 1224 915 1286 per
933 1220 1017 1267 mam
1034 1203 1283 1281 substantiarum
1299 1201 1382 1265 aliud

278 1311 360 1397 quod
388 1313 539 1378 ordinetur
566 1314 808 1393 adstantiulitcr,
832 1313 876 1377 ita
905 1322 940 1377 ut
970 1335 1032 1377 non
1062 1313 1173 1378 habeat
1199 1313 1380 1399 completam

278 1424 426 1489 rationem
443 1424 631 1504 substantiae,
646 1424 706 1488 nisi
721 1424 865 1488 informat
880 1446 1000 1509 eorpus.
1044 1424 1184 1489 Primum
1198 1446 1306 1489 verum
1323 1433 1379 1503 est,

278 1537 446 1602 secundum
458 1536 518 1600 iam
531 1536 723 1601 ostendimus
734 1556 800 1600 esse
810 1535 932 1599 falsum.
980 1534 1119 1601 Obieotio
1130 1544 1233 1600 autem
1245 1535 1381 1620 procedit

276 1649 368 1734 quasi·
382 1649 440 1713 hoo
461 1649 629 1712 secundnm
649 1656 729 1712 esset
747 1670 874 1726 verum3
897 1668 968 1711 uam
991 1654 1028 1711 ut
1045 1647 1142 1732 possit
1160 1646 1230 1726 dici,
1247 1648 1393 1711 animaru¹

277 1769 444 1845 separatam
469 1760 533 1825 fore
555 1761 589 1824 in
612 1768 696 1825 statu
721 1759 864 1839 violento,
885 1781 1007 1823 necesse
1033 1766 1079 1823 ast
1103 1780 1274 1845 supponere
1297 1757 1380 1844 quod

275 1871 391 1956 aliquid
417 1871 496 1937 desit
517 1872 628 1936 animas
649 1871 687 1936 de
706 1870 745 1935 iis
762 1892 831 1956 quae
852 1871 891 1936 ad
913 1870 979 1935 cius
999 1870 1202 1935 substantiam
1217 1870 1380 1935 intrinsece

276 1983 488 2067 complendam
507 1984 727 2069 requiruntur3
751 1984 778 2048 si
797 1983 880 2047 enirn
899 1992 980 2048 caret
994 1991 1118 2047 tantum
1133 1982 1301 2047 extrinseco
1316 2004 1379 2047 non

276 2094 445 2158 necessario
460 2095 694 2179 complemento,
708 2094 827 2158 nullam
843 2094 959 2180 patitur
973 2094 1158 2158 violentiam.

319 2204 383 2281 Qui
396 2228 467 2270 vero
488 2206 554 2269 sine
575 2206 640 2269 ulla
661 2205 858 2270 distinctione
879 2206 1048 2270 admittunt
1071 2206 1203 2269 animam
1226 2226 1291 2270 esse
1306 2204 1378 2269 sub·

274 2316 417 2381 stantiam
447 2316 673 2402 incompletam,
701 2318 804 2381 miuus
829 2317 916 2382 facile
942 2316 1172 2402 respondebunt
1196 2316 1378 2381 difficultati.

274 2428 347 2493 Non
362 2429 445 2494 enim
455 2428 626 2495 substantia
641 2430 750 2495 animae
765 2430 868 2495 minus
882 2428 1051 2516 postulabit
1067 2429 1148 2494 uniri
1159 2451 1231 2494 cum
1242 2451 1377 2514 corpore,

273 2563 366 2626 quam
381 2542 516 2626 postulet
530 2541 647 2608 bonum
662 2542 816 2607 felicitatis
831 2543 990 2628 perfectae:
1014 2542 1097 2628 quod
1117 2542 1143 2606 si
1158 2541 1316 2606 tendentia
1338 2542 1378 2607 ad

272 2652 446 2717 felicitatem
469 2653 635 2740 perfectam
656 2653 766 2739 probat
788 2653 1050 2719 immortalitatem
1079 2653 1198 2732 animae,
1221 2653 1378 2719 tendentia

272 2766 474 2829 sustantialis
488 2766 527 2831 ad
541 2765 770 2829 informandum
780 2786 890 2851 corpus
901 2765 1043 2850 probaret
1052 2775 1106 2829 aut
1114 2765 1376 2829 immortalitatem

272 2876 415 2956 hominis,
432 2885 484 2940 aut
507 2877 705 2941 cessationem
726 2876 835 2941 animae
852 2877 885 2940 in
901 2886 998 2940 morte
1012 2876 1167 2955 hominis;
1190 2899 1280 2940 omne
1295 2875 1376 2940 enim

272 2997 488 3071 argumentum
511 2988 595 3073 quod
609 3011 665 3072 pro
679 2988 779 3072 prima
793 2988 839 3067 fit,
854 3010 910 3072 pro
926 2989 1058 3054 secunda
1074 2988 1213 3052 similiter
1226 2988 1291 3052 lieri
1307 3011 1376 3073 pos·

272 3109 317 3163 set
326 3127 336 3178 3
358 3101 453 3163 immo
468 3100 566 3184 magis
581 3122 636 3184 pro
652 3100 794 3179 secunda,
811 3123 903 3185 quam
919 3122 975 3185 pro
989 3100 1099 3183 prima,
1111 3100 1181 3184 quia
1195 3100 1328 3184 priorem
1344 3110 1375 3164 ct

271 3212 415 3275 maiorem
438 3213 587 3276 rationem
613 3210 687 3275 boni
712 3211 805 3275 habet
831 3234 896 3276 esse
919 3213 1152 3276 substantialiter
1177 3212 1373 3296 completum,

272 3346 364 3406 quam
378 3323 411 3386 in
427 3347 482 3387 sua
497 3323 668 3388 substantia
683 3323 766 3387 aliud
780 3323 895 3388 bonum
914 3324 1053 3408 recipere.
1093 3323 1195 3399 Quare
1210 3347 1272 3388 non
1287 3323 1375 3388 video
1447 3349 1450 3356 ¹

270 3435 423 3519 quomodo
444 3435 616 3500 difficultati
637 3436 822 3500 sufficienter
842 3437 1024 3520 respondere
1047 3437 1164 3521 possint
1187 3438 1240 3521 qui
1256 3436 1373 3521 simpli-

271 3547 346 3610 citer
360 3556 500 3610 asserunt
515 3548 649 3610 animam
664 3569 730 3611 esse
744 3548 958 3632 incompletam
975 3548 1188 3612 substantiam.

315 3660 413 3722 Dices.
436 3658 567 3723 Etiamsi
588 3660 691 3725 anima
712 3660 901 3740 naturaliter,
917 3682 980 3724 non
1003 3659 1106 3724 stricte
1122 3660 1372 3740 substantialiter,

269 3771 428 3835 ordinetur
454 3771 494 3836 ad
517 3793 637 3856 corpus,
661 3771 761 3837 adhuc
785 3772 923 3857 sequitur
949 3773 1032 3857 quod
1059 3779 1195 3857 separata
1213 3795 1231 3836 a
1249 3794 1373 3856 corpore

269 3885 326 3948 erit
342 3885 375 3947 in
391 3892 474 3948 statu
488 3883 630 3963 violento,
646 3906 700 3947 seu
715 3893 822 3948 contra
835 3891 989 3948 naturam.
1032 3885 1126 3969 Ergo.

314 3997 506 4081 Respondeo,
529 4019 593 4061 non
623 3996 709 4081 sequi
737 3995 822 4059 istud
844 3996 1069 4060 inconveniens.
1115 3996 1196 4060 Nam
1220 3996 1372 4062 ordinatio

269 4108 324 4171 illa
352 4108 463 4172 dicitur
491 4107 649 4186 naturalis,
675 4128 736 4170 non
760 4106 832 4190 quia
861 4107 993 4192 exigitur
1021 4116 1145 4193 propter
1174 4107 1277 4192 ipsum
1307 4129 1372 4172 esse

269 4220 406 4284 naturale
436 4219 614 4284 substantiae
643 4218 819 4304 spiritualis,
845 4219 898 4283 sed
924 4219 995 4304 quia
1019 4218 1140 4284 exhibet
1165 4219 1371 4284 conditionem

270 4330 450 4410 naturalem,
475 4332 508 4393 in
534 4353 596 4415 qua
619 4331 720 4394 anima
745 4331 906 4395 facultates
931 4354 1001 4396 suas
1027 4331 1138 4395 evolvit
1156 4330 1194 4394 de
1211 4330 1303 4410 facto,
1323 4331 1370 4394 in-
