3200 4975
270 341 336 404 214
721 358 763 404 ιιι
782 358 928 414 aoniae.
1228 332 1316 416 [osa.
1333 350 1371 392 ιι.

269 522 377 603 vibrat,
406 523 440 589 in
462 532 613 609 quantum
635 532 682 591 est
712 523 868 588 resistens.
912 521 1043 592 Videtur
1073 527 1175 588 autem
1199 517 1312 602 requiri
1334 516 1373 580 ad

268 633 473 700 sensationcm
501 642 603 700 tactus
633 635 761 700 vibratio
795 633 983 720 frequentior
1014 654 1107 718 quam
1136 631 1168 696 in
1205 651 1289 708 sono,
1320 627 1373 695 sed

269 745 369 810 minor
394 767 487 830 quarn
513 745 546 808 in
569 745 696 810 lumine.
757 745 968 831 Frequentior,
995 765 1087 828 quam
1116 743 1148 808 in
1179 763 1255 811 souo
1265 767 1275 820 ;
1302 739 1374 824 quia

269 863 370 920 tactim
383 877 447 921 non
467 855 596 939 percipit
611 855 815 922 oscillationes
839 877 962 927 sonoras
978 854 1065 933 ιὸιίι,
1080 861 1112 918 et
1126 862 1230 926 temen
1244 850 1373 936 percipit

269 967 414 1032 chordam
437 966 618 1047 vibrantem,
643 976 679 1032 ut
705 967 855 1034 diximus:
890 967 973 1052 quod
1000 967 1124 1050 signum
1148 972 1206 1043 est,
1229 962 1373 1030 chordam

270 1077 346 1144 dum
367 1077 516 1143 vibrando
532 1078 661 1161 repetite
682 1079 784 1163 tangit
802 1078 933 1162 digitum
950 1077 1021 1162 plus
1039 1099 1130 1160 agere
1148 1097 1241 1161 quam
1260 1078 1372 1152 adrem,

268 1188 302 1255 id
327 1197 374 1254 est
398 1189 520 1267 habere,
543 1198 652 1273 praeter
674 1189 860 1265 vibrationes
882 1187 1120 1273 longitudinsles
1143 1207 1277 1262 sonoras,
1299 1182 1374 1258 alias

268 1302 452 1383 vibrationes
474 1302 671 1371 moleculares
688 1301 829 1385 (easdem,
847 1323 922 1387 quas
936 1300 1030 1366 habet
1052 1297 1175 1385 quando
1190 1304 1236 1363 est
1256 1295 1370 1380 quieta)

269 1415 511 1504 frequentiores,
534 1413 684 1498 siquidem
700 1414 727 1476 si
738 1412 866 1491 vibratio
882 1434 990 1476 sonora
1004 1434 1067 1476 non
1082 1417 1128 1475 est
1143 1409 1216 1473 setis
1231 1406 1374 1492 frequens

269 1534 305 1594 ut
327 1548 382 1610 per
404 1548 436 1589 se
451 1525 601 1590 sentiatur
615 1531 711 1603 tactu,
728 1522 819 1587 debet
839 1522 899 1588 dici
921 1545 988 1588 eam
1003 1523 1069 1586 lieri
1088 1519 1262 1596 sensibilem
1278 1517 1374 1591 tactui

268 1659 324 1721 per
348 1637 423 1702 alias
444 1636 627 1710 vibrationes
653 1634 884 1719 frequentiores,
900 1657 969 1719 quae
991 1635 1090 1708 locum
1115 1631 1230 1698 habent
1252 1630 1285 1694 in
1307 1630 1374 1714 ipso

269 1748 368 1812 limite
389 1746 601 1833 amplitudinis
620 1745 817 1810 oscillationis
839 1745 986 1830 cuiusque
1004 1767 1128 1823 sonorae,
1143 1743 1176 1807 in
1197 1765 1258 1828 quo
1277 1741 1375 1816 limite

269 1860 409 1944 tangitur
423 1858 545 1924 chorda.
592 1857 676 1921 Hinc
697 1857 731 1921 in
746 1879 822 1921 sono
843 1878 963 1940 semper
982 1865 1107 1926 notatur
1122 1855 1237 1940 aliquid
1259 1863 1373 1921 tremu-

269 1971 346 2049 lum,
373 1971 542 2056 praesertim
570 1968 693 2053 quaudo
722 1969 937 2034 descendimus
965 1969 1005 2033 ad
1019 1975 1124 2034 «tonos
1153 1967 1315 2052 graviores,
1343 1976 1373 2030 et

270 2082 412 2162 tremitus
428 2081 480 2146 ille
494 2082 529 2146 fit
549 2089 637 2144 tanto
652 2080 755 2146 minus
776 2080 939 2161 sensibilis,
954 2089 1070 2166 quanto
1084 2081 1201 2145 acutior
1220 2081 1256 2144 fit
1270 2089 1373 2159 tonus,

269 2193 340 2277 quia
369 2191 542 2276 frequentia
576 2191 672 2256 maior
706 2199 737 2256 et
768 2191 864 2256 maior
896 2191 1110 2272 vibrationum,
1140 2190 1252 2276 quibus
1281 2199 1373 2256 tonus

269 2304 409 2371 redditur
422 2303 522 2387 magis
537 2310 568 2367 et
590 2303 689 2388 magis
704 2311 823 2382 acutus,
840 2303 955 2368 accedit
974 2303 1072 2386 magis
1087 2311 1118 2366 et
1134 2301 1233 2386 magis
1247 2300 1287 2366 ad
1301 2323 1373 2366 con-

269 2416 445 2480 tinuitatem
460 2416 625 2502 quamdam
647 2415 834 2493 sensibilem,
850 2423 881 2480 et
902 2437 966 2481 non
980 2414 1131 2500 permittit
1150 2413 1374 2499 perceptionem

272 2527 477 2609 distinctionis
491 2528 573 2591 inter
582 2527 766 2593 vibrationes
780 2527 970 2611 rapidissime
982 2527 1039 2591 sibi
1055 2526 1259 2601 succedentes.
1307 2526 1375 2589 lloc

269 2646 373 2707 autem
399 2638 507 2703 accidit
531 2637 564 2702 in
590 2645 676 2701 tactu
683 2664 693 2715 5
725 2660 822 2721 quum
846 2637 929 2704 euim
952 2636 1109 2721 tangimus
1135 2636 1260 2721 aliquid,
1283 2658 1310 2701 v.
1327 2658 1373 2721 gr.

257 2751 416 2828 chartam,
431 2772 495 2813 non
517 2748 702 2834 percipimus
724 2748 855 2832 aliquam
879 2748 986 2823 seriem
1008 2748 1243 2833 impressionum
1266 2746 1374 2811 distin-

269 2870 387 2926 ctarum
412 2860 582 2925 secundum
604 2882 768 2924 numerum
790 2860 966 2940 successive,
993 2860 1047 2924 sed
1072 2882 1165 2925 unam
1184 2858 1279 2935 veluti
1303 2880 1374 2923 oon-

269 2971 388 3036 tinuam
401 2971 643 3057 impressionem,
657 2993 712 3035 seu
722 2993 817 3042 unam
833 2971 1010 3038 continuam
1020 2970 1170 3037 actionem
1185 2970 1375 3037 resistentem

269 3083 386 3162 manui,
402 3084 467 3154 sine
482 3083 545 3147 ulla
560 3082 801 3166 interruptione:
826 3089 856 3147 et
871 3105 925 3167 per
939 3082 997 3149 hoc
1007 3092 1132 3167 apparet
1147 3082 1295 3146 actionem
1311 3104 1375 3147 cor-

269 3216 390 3279 porum,
411 3216 481 3279 quae
505 3202 590 3259 tactu
617 3194 759 3273 sentitur,
779 3193 846 3257 fieri
869 3216 924 3277 per
947 3192 1131 3259 vibrationes
1156 3192 1376 3277 frequentiores

270 3328 361 3391 quam
380 3305 566 3371 vibrationes
586 3326 742 3372 sonorum.
789 3305 850 3369 Sed
871 3304 1055 3372 vibrationes
1074 3312 1190 3369 tactum
1212 3304 1375 3369 excitantes

270 3425 343 3480 suut
353 3416 458 3481 minus
472 3417 648 3501 frequentes
658 3437 751 3511 quam
762 3416 947 3483 vibrationes
962 3414 1051 3495 lucis,
1061 3424 1096 3480 ut
1105 3416 1225 3479 videtur
1238 3424 1376 3482 constare

269 3550 305 3592 ex
320 3550 356 3592 eo
380 3528 464 3611 quod
477 3528 577 3606 lucem
592 3536 678 3593 tactu
692 3550 755 3594 non
771 3528 948 3607 sentiamue,
961 3528 1015 3591 sed
1030 3535 1151 3592 tantum
1168 3528 1308 3606 calorem,
1323 3528 1377 3613 qui

268 3638 307 3706 ab
322 3637 388 3722 ipsa
402 3638 471 3704 luce
484 3639 622 3723 procedit
636 3647 668 3705 et
683 3638 906 3711 vibrationibus
921 3639 1118 3724 paucioribus
1133 3662 1225 3724 quam
1240 3638 1292 3703 lux
1306 3660 1376 3723 pro·

268 3758 409 3835 pagatur.
464 3750 548 3815 Nam
573 3749 652 3814 radii
677 3750 818 3817 calorifiei
842 3750 874 3814 in
902 3758 1021 3834 spectro
1046 3750 1137 3815 solari
1165 3750 1264 3813 iacent
1293 3758 1378 3813 extra

268 3862 382 3926 limites
406 3860 542 3943 colorum
564 3883 660 3947 prope
686 3860 833 3939 rubrum,
857 3883 953 3945 quum
980 3869 1083 3925 autem
1107 3883 1254 3937 numerus
1279 3860 1376 3926 vibra-

268 3974 390 4045 tionum
399 3996 417 4039 a
427 3974 560 4046 violaceo
572 3973 611 4039 ad
621 3972 751 4055 rubrum
766 3972 929 4051 decrescat,
939 3972 1016 4051 radii
1032 3972 1172 4051 calorifici
1187 3972 1376 4058 longioribus

142 4164 149 4175 .
268 4085 402 4173 quidem,
424 4086 479 4153 sed
503 4084 707 4170 paucioribus,
723 4108 777 4149 seu
801 4084 905 4147 minus
924 4084 1137 4169 frequentibus
1156 4084 1377 4151 vibrationibus

268 4205 487 4283 propagantur,
513 4205 544 4260 et
570 4196 638 4260 ideo
662 4196 765 4262 minus
791 4195 967 4280 frequenter
995 4195 1177 4280 imprimunt
1211 4219 1243 4261 se
1271 4197 1376 4261 tactui.

268 4309 399 4373 Videtur
417 4331 489 4392 ergo
512 4308 668 4386 resultare,
684 4308 767 4392 quod
787 4306 855 4372 ideo
874 4316 959 4373 tactu
983 4330 1045 4371 uon
1069 4307 1252 4391 attingimus
1266 4308 1376 4385 lucem,
