3200 4975
266 334 331 397 252
705 354 749 397 na
765 352 913 397 norrun.
1215 330 1304 413 [cnr.
1320 346 1377 389 111.

266 520 409 586 sensitiva
438 520 572 585 sumitur
595 517 627 584 in
650 520 758 585 eodem
784 542 877 585 sensu
901 518 991 584 acin
1015 518 1138 582 maiore.
1183 516 1286 601 Atque
1304 515 1376 579 -haec

266 630 417 697 sufficiant
432 631 471 697 de
484 630 618 697 hominis
632 632 839 716 generatione.

631 928 818 973 AR'I'ICULUS
834 926 1014 972 SECUNDUS.

498 1087 548 1151 De
561 1087 685 1152 tomam
693 1109 836 1171 processa
851 1089 892 1153 ud
902 1110 985 1197 osam
999 1088 1133 1151 rationis.

309 1251 363 1314 91.
385 1248 479 1313 Venit
493 1270 577 1313 nunc
591 1247 830 1312 examinandum
850 1246 1005 1333 quomodo
1020 1247 1113 1311 homo
1128 1246 1264 1331 acquirat
1279 1269 1371 1310 usum

266 1360 401 1425 rationis.
445 1359 487 1423 Et
509 1360 567 1424 hoc
588 1359 682 1425 habet
704 1382 768 1424 non
790 1382 916 1443 parvam
946 1358 1156 1423 difficultatem
1179 1367 1303 1443 propter
1325 1358 1372 1421 di-

266 1494 366 1537 versas
400 1472 651 1557 philosophorum
684 1472 846 1556 opiniones
875 1471 913 1535 de
941 1471 1059 1556 origine
1088 1470 1245 1549 idearum3
1274 1492 1371 1555 quum

265 1583 348 1649 enim
377 1592 462 1649 totus
491 1605 660 1669 processus,
686 1605 748 1668 quo
770 1582 919 1648 evolvitur
947 1584 1034 1662 ratio,
1063 1581 1196 1667 pendeat
1222 1580 1370 1659 atribus,

266 1695 378 1761 scilicet
393 1718 412 1761 a
426 1693 532 1781 primis
546 1694 688 1779 cognitis,
703 1717 722 1758 a
737 1694 829 1758 modo
843 1694 989 1779 operandi
1003 1694 1156 1758 facultatis
1170 1693 1370 1771 intellectivae,

266 1808 304 1873 sb
320 1808 471 1873 adiunctis
486 1806 657 1872 naturalem
671 1806 880 1891 operationem
899 1806 1066 1870 extrinsece
1086 1805 1272 1884 iuvantibus,
1288 1806 1371 1869 etde

266 1919 399 1985 secundo
413 1941 448 1983 ac
462 1919 553 1982 tertio
569 1918 643 1982 satis
658 1927 778 1983 constet
793 1918 820 1981 si
834 1917 969 2002 primum
984 1917 1062 1981 bene
1076 1926 1287 2001 cognoscetur,
1303 1916 1371 1980 ideo

266 2038 331 2093 tota
352 2028 480 2113 questio
502 2029 540 2093 de
562 2028 734 2094 evolutione
762 2028 890 2093 rationis
918 2029 1076 2093 reducitur
1103 2028 1312 2113 principaliter
1333 2026 1373 2091 ad

266 2140 477 2225 quoestionem,
500 2162 593 2225 quam
615 2140 736 2225 antiqui
758 2140 900 2204 dixerunt
920 2141 957 2205 de
965 2142 1064 2224 primo
1080 2143 1203 2223 coquito,
1219 2161 1372 2225 quemque

266 2252 448 2316 recentiores
467 2253 501 2316 de
523 2254 635 2336 eripiar
657 2253 787 2316 idearum
802 2262 921 2317 vocant.
966 2252 1015 2316 De
1029 2251 1086 2315 hac
1101 2252 1197 2335 igitur
1211 2251 1323 2315 directe
1337 2273 1372 2315 ec

266 2362 474 2448 principaliter
495 2362 528 2426 in
549 2362 609 2427 hoc
631 2363 760 2427 articulo
781 2363 961 2448 loquemur:
985 2372 1015 2427 et
1033 2383 1073 2427 ne
1087 2364 1180 2427 nimis
1196 2362 1287 2447 longe
1301 2385 1371 2448 pro-

266 2473 451 2559 grediamur,
488 2497 639 2559 ponemus
672 2474 822 2560 principie
855 2482 988 2553 tantum,
1018 2497 1055 2538 ex
1084 2473 1197 2560 quibus
1231 2473 1373 2560 pleraque

267 2597 433 2674 systemata
456 2588 624 2673 ideologica
645 2588 772 2653 refutari
794 2597 935 2673 possunt,
957 2587 1061 2652 relicta
1082 2587 1246 2652 lectoribus
1268 2609 1371 2652 corum

266 2698 516 2784 applicandorum
532 2704 639 2765 cura*.

309 2815 362 2876 92.
386 2810 543 2888 Quaeritur
557 2833 630 2896 ergo
644 2811 754 2896 primo,
770 2809 896 2895 quidsi!
910 2811 985 2875 idea.

310 2923 492 3007 Respondeo
517 2923 698 2987 vocabulum
726 2921 812 3002 ideae,
835 2944 897 3007 quo
919 2930 1079 3008 tantopere
1108 2922 1279 2987 abutuntur
1304 2923 1372 3008 qui-

266 3033 337 3097 dam
365 3033 557 3114 recentiores,
587 3033 757 3120 significare
785 3035 943 3118 simplicem
970 3035 1233 3118 apprehenderem,
1256 3042 1288 3098 et
1309 3057 1372 3099 non

265 3167 353 3229 posse
375 3145 486 3210 habere
508 3145 568 3209 nisi
591 3156 654 3209 tres
676 3168 802 3210 sensus:
825 3155 918 3230 prout
941 3168 1051 3230 nempe
1081 3145 1230 3230 accipitur
1250 3145 1298 3210 vel
1316 3169 1372 3227 pro

265 3259 360 3340 specie
374 3259 478 3322 obiecti
491 3256 525 3321 in
539 3257 714 3341 passivitate
728 3256 902 3322 intellectus
922 3257 1079 3336 existente,
1095 3257 1143 3322 vel
1153 3281 1211 3340 pro
1226 3267 1294 3322 octo
1301 3281 1372 3341 per-

266 3371 392 3453 cipiendi
405 3369 560 3434 obiectum
574 3370 608 3433 in
623 3369 723 3453 specie
738 3391 880 3455 praesens,
897 3368 942 3433 vel
951 3391 1010 3452 pro
1026 3372 1087 3452 ipso
1104 3371 1214 3434 obiecto
1228 3380 1264 3433 ut
1279 3371 1372 3434 estin

267 3482 365 3566 specie
393 3503 528 3565 praesens
550 3490 583 3545 et
603 3480 657 3545 illo
678 3490 749 3545 ectu
777 3491 967 3566 perceptum.
1012 3481 1051 3544 ln
1073 3481 1172 3564 primo
1195 3503 1287 3545 sensu
1307 3482 1373 3546 idea

267 3592 415 3677 accipitur
428 3614 485 3676 pro
499 3592 618 3656 obiecto
637 3592 758 3656 formali
779 3591 991 3677 perceptionis,
1014 3591 1243 3676 praescindendo
1261 3592 1373 3657 abhoc

266 3702 350 3787 quod
364 3703 433 3787 quis
447 3712 519 3768 actu
532 3703 680 3788 percipiat
694 3703 742 3767 vel
757 3725 821 3766 non
840 3703 996 3788 percipiat.
1042 3703 1084 3766 Et
1100 3704 1143 3767 sic
1159 3713 1284 3767 manent
1298 3703 1373 3767 ideae

266 3815 325 3878 hoc
346 3814 438 3879 modo
460 3823 591 3900 acceptae
612 3814 645 3878 in
667 3823 771 3879 mente
796 3813 1002 3894 habitualiter,
1026 3814 1118 3878 etiam
1142 3815 1265 3898 quando
1286 3837 1373 3880 mens

303 4002 317 4029 ³
335 4000 476 4073 Praecipua
486 4003 634 4072 systemata
643 4004 708 4054 sunt
716 3998 869 4068 sensismus,
883 3997 1084 4070 ontologismus,
1092 3999 1332 4072 psychologismus,
1346 4006 1374 4056 et

266 4076 388 4140 idearum
404 4087 566 4142 innatanrm.
602 4086 806 4159 Ontologismus
823 4086 893 4157 alius
909 4091 951 4140 est
970 4086 1130 4156 communis,
1148 4086 1217 4142 elius
1234 4092 1372 4144 transcen·

267 4173 391 4227 dentalis.
428 4173 581 4228 Sensismus
598 4173 699 4245 pariter
718 4179 760 4227 est
776 4171 922 4244 multiplex
939 4191 988 4245 pro
1000 4172 1113 4227 diversis
1134 4173 1294 4229 auctoribus.
1331 4175 1373 4230 De

267 4258 365 4333 quibus
380 4260 505 4315 omnibus
516 4261 579 4317 vide
592 4260 747 4316 Liberatore
761 4260 899 4332 (Psychol.
913 4279 935 4316 c.
955 4259 1017 4332 iii),
1037 4261 1084 4332 qui
1102 4261 1209 4332 singula
1227 4269 1373 4333 systemata

266 4347 418 4404 luculenter
430 4348 541 4420 exponit
553 4355 580 4403 et
593 4348 737 4420 diligenter
748 4347 867 4404 discutit.
