3200 4975
247 360 313 430 238
697 384 740 429 nr
757 382 904 431 nonina.
1209 360 1297 449 [car.
1315 382 1355 425 ιι.

247 551 321 616 sitas
332 566 460 616 avocant
476 558 609 615 mentam
622 551 662 615 ad
676 547 791 637 aliquid
803 549 935 637 practice
949 558 981 615 et
992 550 1058 615 sine
1069 568 1154 614 mora
1168 526 1354 634 eligendum,

247 681 303 729 seu
316 662 441 749 quando
462 662 585 727 animus
599 662 755 727 relaxandi
768 662 817 727 sui
839 670 1022 747 potestatem
1037 661 1139 742 babet,
1155 669 1186 726 et
1201 661 1288 746 quasi
1304 682 1356 725 rex

247 774 341 840 nullia
356 795 459 839 rerum
474 771 607 839 ciciliam
622 774 703 839 curis
718 775 882 840 distractus
900 775 1017 860 privata
1031 773 1269 838 domesticorum
1282 792 1355 837 con-

247 887 411 951 suetudine
432 886 610 952 delectatur.
652 886 704 951 Ab
728 887 786 952 hac
810 908 880 953 vero
906 887 936 951 vi
957 895 1127 971 spontanea
1147 885 1355 971 perlustrandi

248 1018 320 1063 suas
340 997 455 1083 species
474 1007 506 1062 et
532 1018 605 1062 suos
626 998 763 1079 affectus,
778 1020 871 1084 quam
893 1018 950 1063 nos
972 998 1083 1063 habere
1106 1020 1142 1062 ex
1164 996 1356 1062 conscientias

247 1110 424 1176 testimonio
445 1107 607 1174 certissimi
635 1128 753 1190 sumus,
773 1111 899 1195 pendet,
918 1119 956 1175 ut
976 1130 1014 1175 ex
1031 1111 1214 1189 conditione,
1231 1109 1355 1173 libertas

248 1221 478 1302 consiliationis,
494 1243 563 1307 qnsc
583 1217 727 1307 procedit
746 1222 926 1288 electionem
945 1222 1081 1287 liberam.
1127 1222 1209 1287 Nam
1232 1222 1354 1307 quando

248 1333 365 1419 aliquid
385 1333 564 1419 eligendum
585 1334 728 1413 occurrit,
742 1335 802 1399 etsi
816 1334 957 1401 voluntas
980 1354 1017 1399 ex
1036 1334 1168 1399 naturali
1191 1334 1300 1398 affectu
1315 1334 1354 1398 ad

247 1446 365 1511 bonum
385 1447 419 1510 in
439 1446 606 1527 communi,
621 1447 668 1512 vel
683 1469 720 1511 ex
743 1448 855 1512 affectu
870 1448 943 1512 boni
962 1446 1163 1533 particularis,
1179 1446 1263 1531 quod
1284 1455 1355 1539 ectu

248 1553 393 1639 intendit,
417 1555 550 1645 applicet
571 1558 763 1625 intellectum
789 1560 830 1624 ad
852 1554 1086 1625 considerandas
1110 1560 1242 1623 rationes
1271 1558 1354 1637 boni,

249 1694 317 1757 que
342 1671 471 1736 inveniri
495 1680 626 1757 possunt
651 1671 684 1735 in
710 1672 768 1736 boc
791 1671 838 1735 vel
864 1670 918 1735 illo
941 1670 1069 1750 obiecto,
1092 1670 1119 1734 si
1143 1678 1246 1734 tamur
1270 1666 1356 1733 nulla

248 1781 497 1868 apprehendatur
520 1802 635 1867 urgens
663 1782 828 1846 necessitas
857 1782 918 1848 cito
947 1781 1150 1847 concludendi
1177 1781 1355 1847 electionem

249 1894 325 1959 fient
347 1894 408 1959 illae
432 1902 608 1979 spontaneae
631 1894 801 1979 specierum
822 1902 853 1958 et
875 1891 1041 1959 affectuum
1067 1893 1301 1979 recognitiones,
1325 1901 1356 1963 et

250 2005 424 2071 miscebunt
449 2028 483 2072 se
511 2005 806 2071 considerationibus
831 2024 849 2071 a
873 2006 1032 2073 voluntate
1055 2006 1229 2092 imperatis:
1252 2006 1295 2070 ita
1320 2015 1357 2071 ut

251 2119 435 2183 consultatio
449 2119 560 2204 partim
575 2118 619 2202 (id
633 2128 680 2183 est
694 2118 796 2203 quoad
808 2118 873 2183 eius
888 2118 1032 2203 incipere)
1046 2118 1177 2203 pendeat
1192 2116 1231 2183 ab
1245 2116 1356 2183 affectu

249 2228 382 2293 naturali
396 2229 469 2293 boni
491 2230 525 2293 in
541 2230 697 2293 communi
711 2230 759 2294 vel
781 2254 799 2295 a
814 2230 957 2295 volitione
971 2229 1160 2317 precedente
1174 2229 1248 2294 boni
1262 2230 1356 2315 parti-

250 2339 371 2419 cularis,
387 2340 498 2425 purtim
516 2340 621 2425 (idest
638 2342 741 2427 quoad
755 2341 909 2427 reliquum
931 2342 998 2407 eius
1011 2345 1149 2426 cursum)
1166 2338 1358 2407 illuminetur

250 2461 283 2518 et
311 2453 513 2539 amplificetur
535 2454 711 2539 spontaneis
732 2455 1053 2539 representationibus
1075 2453 1162 2520 nullo
1188 2455 1359 2520 necessario

251 2585 333 2630 nexu
342 2566 516 2631 coniunctis
524 2589 595 2632 cum
606 2567 796 2653 praecedente
805 2567 926 2648 affectu,
938 2567 991 2632 sed
1006 2567 1132 2632 omnino
1144 2567 1358 2654 contingenter

251 2675 482 2743 advenientibus
496 2687 637 2764 respectu
652 2679 828 2744 voluntatis.
1347 2757 1349 2761 ,

294 2789 336 2852 Et
350 2808 405 2874 per
418 2789 478 2865 boc
486 2798 581 2874 patet,
592 2790 632 2855 ad
646 2789 772 2855 liberam
786 2788 1043 2854 consultationem
1058 2808 1237 2854 concurrere
1248 2789 1356 2855 debere

252 2899 482 2966 indeliberatam
494 2901 667 2966 intellectus
678 2902 912 2986 divagationem.
959 2901 992 2964 Si
1002 2900 1084 2965 enim
1094 2903 1194 2966 omnis
1205 2902 1358 2988 divagatio

251 3013 404 3078 eiusmodi
417 3013 637 3094 excluderetur,
652 3014 793 3079 voluntas
813 3013 906 3099 priori
920 3013 1033 3078 iudicio
1055 3013 1188 3098 practico
1202 3009 1358 3080 adherens

253 3141 318 3190 non
338 3125 438 3190 solum
460 3145 524 3190 non
545 3126 670 3190 haberet
684 3125 856 3190 libertatem
878 3127 911 3190 in
933 3124 1025 3189 modo
1048 3125 1289 3204 consultationis,
1305 3127 1359 3192 sed

254 3251 295 3300 ne
315 3244 418 3321 posset
440 3236 565 3323 quidem
587 3237 748 3320 procedere
767 3236 807 3300 ad
827 3244 931 3302 actum
954 3235 1158 3300 consultandi.
1204 3237 1286 3301 Nam
1307 3257 1359 3302 vu-

255 3348 360 3414 luntos
377 3356 448 3413 actu
466 3347 661 3412 consentiens
680 3347 770 3412 alicui
791 3346 873 3413 bono
893 3369 956 3410 non
974 3346 1107 3411 deflectit
1127 3346 1166 3412 ad
1186 3347 1279 3428 aliud,
1299 3348 1360 3412 nisi

146 3502 149 3511 ι
255 3462 295 3528 ab
328 3461 387 3527 alio
419 3469 594 3542 moveatur3
625 3483 688 3526 non
718 3471 821 3526 autem
850 3470 1031 3539 moveretur,
1063 3461 1292 3546 praescindendo
1320 3461 1359 3526 ab

255 3572 382 3638 obiectis
401 3570 613 3652 exterioribus,
628 3571 688 3636 nisi
708 3571 833 3636 baberet
852 3571 955 3636 anima
973 3593 1010 3635 ex
1029 3594 1061 3635 se
1080 3571 1142 3636 vim
1163 3572 1247 3638 illam
1267 3595 1360 3658 spon-

254 3689 376 3748 taneam
391 3678 525 3767 vagandi
544 3703 601 3768 per
615 3681 838 3767 cognoscibilia,
855 3702 985 3766 quorum
1008 3680 1101 3746 habet
1116 3683 1266 3768 speciem3
1289 3683 1361 3768 quie

256 3817 343 3860 secus
371 3793 492 3860 nullum
521 3817 636 3859 novum
664 3793 817 3859 obiectum
846 3793 899 3859 fiet
928 3815 1079 3878 praesens3
1109 3815 1173 3859 non
1202 3794 1284 3859 enim
1307 3797 1361 3860 fiet

256 3924 391 3991 praesens
400 3915 512 3991 sponte,
521 3905 594 3992 quia
607 3904 839 3990 praescindimus
854 3913 1051 3990 aspontanea
1061 3905 1193 3991 vagandi
1208 3907 1361 3988 facultate,

257 4037 314 4084 nec
328 4021 425 4100 libere,
440 4020 512 4106 quia
525 4018 668 4085 voluntas
686 4038 750 4083 non
765 4018 831 4103 agit
845 4017 950 4098 libere,
965 4019 1026 4083 nisi
1040 4028 1204 4104 postquam
1223 4019 1362 4086 intuetur

257 4125 421 4198 obiectum.
465 4129 549 4216 llrgo
574 4124 686 4212 anima,
710 4129 770 4195 nisi
795 4124 992 4196 interveniret
1018 4138 1186 4215 spontanea
1211 4129 1362 4218 divagatio

257 4244 431 4311 distrahens
452 4266 520 4308 eam
534 4242 573 4307 ab
590 4243 719 4322 obiecto,
734 4243 768 4308 in
790 4263 851 4330 quo
871 4241 1000 4327 quiescit
1016 4264 1072 4326 per
1092 4264 1284 4322 consensum,
1298 4266 1362 4310 non

258 4364 362 4442 posset
382 4356 515 4440 incipere
536 4355 611 4421 velle
633 4355 749 4440 aliquid
770 4355 808 4420 ds
822 4376 911 4432 novo,
928 4353 982 4418 sed
1003 4354 1171 4420 necessario
1188 4355 1362 4439 persisteret
