3200 4975
280 395 322 457 70
595 412 637 455 nn
654 412 857 456 sunsraurra
873 410 1076 455 sararruanr.
1240 388 1326 473 [car.
1344 408 1382 450 11.

277 574 360 639 illam
376 574 573 641 directionem
588 574 713 640 localem
728 600 734 639 :
759 574 884 640 directio
893 596 963 638 vero
978 574 1075 658 ipsius
1091 580 1193 635 motus
1208 570 1266 634 erit
1280 570 1385 634 localis

279 686 456 751 formaliter.
502 686 585 751 Hinc
601 688 633 751 S.
643 686 777 751 Thomas
792 686 890 765 docet,
903 684 1036 767 melum
1050 706 1109 747 nou
1123 706 1184 748 ease
1198 684 1230 746 iu
1245 684 1316 760 boo,
1326 684 1386 745 cisi

278 798 433 861 comodum
444 806 609 862 contactum
618 799 749 878 uirtutis,
759 805 911 883 quatenus
922 796 1034 862 dicitur
1046 798 1088 861 toi
1097 816 1172 874 esse,
1181 796 1231 858 aaa·
1241 794 1386 879 recipitur

281 908 347 973 eius
362 908 440 973 aetio
455 908 578 973 motiva.

325 1023 379 1085 54.
402 1019 475 1085 Non
490 1028 594 1084 tamen
608 1032 771 1105 repugnat,
782 1020 926 1105 spiritum
940 1019 1125 1085 constituere
1140 1028 1171 1082 et
1186 1016 1386 1081 determinare

281 1155 338 1218 pro
363 1132 488 1197 arbitrio
517 1132 659 1217 quoedam
688 1140 806 1217 puncta
832 1132 932 1217 spatii,
959 1130 1130 1215 exquibus
1155 1128 1249 1194 libere
1275 1128 1386 1212 dirigat

282 1244 431 1309 actionem
448 1264 534 1308 suam
550 1240 696 1307 motivam
707 1242 746 1307 ad
761 1242 887 1328 aliquod
900 1242 1028 1321 distans,
1041 1262 1076 1306 eo
1092 1240 1183 1305 modo
1197 1262 1259 1326 quo
1270 1236 1386 1303 faciunt

283 1376 426 1439 corpora:
449 1354 482 1419 in
498 1376 559 1438 quo
574 1375 647 1417 casu
665 1363 782 1438 puncta
795 1353 848 1418 illa
868 1353 959 1437 spatii
980 1351 1137 1418 habebunt
1155 1350 1387 1415 similitudinem

284 1466 418 1551 aliquam
437 1486 508 1531 cum
530 1464 659 1529 materia
679 1473 809 1545 actuata,
826 1486 894 1549 qua
914 1473 960 1528 est
979 1472 1118 1527 centrum
1138 1462 1184 1526 ris
1201 1460 1387 1527 locomotivae

283 1576 452 1642 naturalis:
482 1585 513 1641 et
536 1576 634 1641 virtus
663 1576 778 1641 motiva
807 1574 973 1661 spiritualis
1002 1573 1127 1639 habebit
1155 1571 1388 1638 similitudinem

284 1686 417 1773 aliquam
440 1709 511 1753 cum
526 1687 625 1752 forma
646 1684 831 1751 informante
852 1684 1026 1749 materiam:
1050 1684 1139 1747 etsie
1160 1682 1280 1747 videtur
1300 1704 1389 1766 posse

284 1798 499 1864 convenienter
523 1797 667 1883 explicari
690 1798 840 1883 apparitio
864 1796 965 1881 angeli
989 1796 1021 1859 in
1046 1795 1144 1879 specie
1169 1794 1313 1873 hominis,
1336 1802 1389 1855 aut

285 1906 435 1973 daemonis
449 1908 482 1972 in
497 1908 597 1993 specie
611 1907 725 1986 bestie,
738 1916 769 1971 et
784 1907 886 1971 subita
901 1904 1077 1971 alterutrius
1093 1904 1281 1989 disparitio.‚
1304 1904 1388 1967 Dum

285 2018 368 2083 enim
393 2019 475 2083 fiunt
497 2019 574 2084 talea
594 2018 810 2104 apparitiones,
829 2018 910 2082 oculi
931 2016 1142 2101 aspicientium
1165 2024 1327 2079 moventur
1352 2014 1389 2077 ab

287 2130 406 2195 obiecto
421 2139 504 2196 extra
520 2132 620 2216 posito
628 2156 640 2209 ς
661 2137 692 2194 et
707 2129 751 2194 sic
772 2130 853 2195 actio
868 2128 993 2213 spiritus
1008 2136 1163 2192 exercetur
1185 2149 1203 2190 a
1216 2125 1344 2189 distanti
1358 2125 1390 2188 in

285 2241 414 2306 distans.
469 2242 510 2306 Et
534 2242 611 2321 dieo,
638 2241 697 2305 hoc
722 2262 783 2303 non
810 2261 997 2323 repugnare:
1019 2238 1129 2323 primo,
1154 2238 1226 2322 quia
1250 2259 1305 2321 per
1333 2236 1390 2299 boc

286 2350 409 2415 videtur
422 2360 503 2415 recte
518 2350 660 2435 explicari
679 2349 732 2413 illa
747 2348 926 2432 temperatio
942 2355 995 2411 aut
1018 2346 1255 2411 accommodatio
1270 2346 1391 2410 virtutis

287 2460 445 2527 nobilioris
460 2462 499 2527 ad
513 2459 744 2547 producendum
766 2458 981 2544 ignobiliorem
996 2458 1148 2538 effectum,
1164 2457 1202 2522 de
1216 2480 1277 2541 qua
1299 2478 1391 2542 supra

290 2577 333 2656 (n.
344 2578 420 2659 tat:
444 2575 587 2654 seeundo,
600 2574 672 2660 quia
688 2575 713 2637 si
728 2573 856 2656 angelus
870 2580 972 2656 potest
986 2572 1132 2636 virtutem
1148 2594 1234 2636 suam
1250 2571 1392 2655 spiritua·

287 2686 348 2749 lem
371 2695 492 2750 actuare
518 2688 549 2748 iu
572 2708 605 2749 eo
624 2693 737 2768 puncto
761 2682 861 2766 spatii,
881 2683 914 2746 in
938 2704 999 2766 quo
1022 2691 1070 2746 cst
1095 2681 1221 2746 materia
1244 2685 1393 2766 receptiva

288 2804 402 2873 motus,
418 2817 480 2859 non
503 2794 624 2858 videtur
639 2815 704 2856 ease
718 2792 821 2876 aliqua
843 2792 929 2871 ratio,
945 2801 1176 2877 propterquam
1199 2791 1392 2876 impediatur,

288 2906 454 2991 quominus
468 2913 570 2968 aetuet
593 2927 658 2968 eam
676 2903 821 2967 virtutem
837 2927 874 2967 eu
888 2905 987 2986 aliquo
1003 2913 1115 2986 puncto
1138 2903 1228 2988 spatii
1248 2904 1392 2967 distincto

289 3017 327 3080 ab
342 3039 388 3095 eo,
397 3016 430 3080 in
446 3038 507 3100 quo
519 3024 566 3080 est
580 3015 632 3079 illa
643 3015 788 3078 materia:
813 3015 892 3078 illud
901 3015 983 3079 enim
999 3013 1036 3078 de
1048 3038 1108 3099 quo
1120 3016 1278 3099 praedicari
1292 3023 1392 3099 potest

288 3131 330 3208 in,
359 3137 406 3192 est
435 3150 528 3212 capax
557 3126 721 3210 recipiendi
747 3127 990 3211 praedicationem
1017 3150 1065 3206 ac,
1086 3147 1156 3210 quae
1185 3137 1232 3190 est
1257 3126 1393 3191 eiusdem

289 3238 407 3323 speciei.
461 3238 574 3318 Tertio,
604 3237 676 3321 quia
705 3261 767 3302 non
797 3237 865 3301 ideo
895 3248 1060 3322 poneretur
1089 3239 1122 3301 iu
1153 3239 1262 3323 spiritu
1293 3239 1394 3322 aliqua

289 3347 425 3425 materia,
440 3340 586 3411 nec'ideo
609 3349 734 3432 spiritus
755 3348 879 3413 baberet
903 3349 1028 3432 aliquid,
1045 3371 1099 3433 per
1119 3349 1203 3434 quod
1225 3350 1393 3413 secundum

291 3482 324 3524 se
347 3458 459 3522 diceret
482 3459 620 3523 ordinem
646 3459 686 3524 ad
710 3460 810 3524 locum
837 3461 1024 3524 materialem
1036 3486 1046 3538 ;
1073 3484 1145 3524 nam
1172 3460 1314 3525 simulata
1343 3461 1394 3524 illa

291 3579 404 3655 puncta
426 3569 569 3649 materiae,
584 3579 709 3656 propter
725 3571 877 3635 defectum
901 3571 1113 3636 distinctarum
1136 3572 1302 3636 formarum
1325 3595 1395 3657 pro·

290 3680 435 3766 priorum,
464 3681 586 3745 nullum
623 3682 770 3745 baberent
804 3705 869 3746 esse
903 3683 1101 3766 distinctum
1117 3683 1325 3763 substantiale,
1361 3684 1393 3746 in

291 3801 441 3877 quantum
478 3802 552 3856 suut
580 3802 684 3856 centra
714 3793 888 3858 directionis
911 3769 1087 3857 imultarum
1117 3795 1271 3859 actionum
1310 3797 1396 3858 auius

291 3906 409 3968 virtutis
424 3903 610 3987 spiritualis:
633 3913 664 3967 et
680 3905 722 3968 sic
737 3915 852 3989 puncta
867 3905 919 3969 illa
934 3905 1084 3969 simulatae
1098 3906 1232 3970 materiae
1246 3927 1309 3971 nou
1324 3929 1393 3971 con·

292 4017 454 4080 stituerent
477 4015 620 4100 spiritum
649 4016 844 4080 materialiter
868 4017 900 4080 iu
927 4017 1002 4095 loco,
1028 4016 1081 4080 sed
1111 4017 1244 4081 lacerent
1273 4026 1396 4082 tantum

291 4127 433 4211 spiritum
452 4127 595 4190 simulare
611 4127 797 4191 materialem
821 4129 880 4192 loci
895 4128 1135 4212 occupationem.
1182 4128 1308 4209 Quarto,
1324 4130 1397 4214 quia

290 4239 323 4302 id
338 4239 457 4303 videtur
477 4240 567 4302 etiam
588 4247 726 4302 constare
746 4261 782 4302 ex
804 4239 835 4301 S.
852 4239 979 4317 Thoma,
996 4239 1049 4323 qui
1068 4239 1129 4303 ait:
1156 4241 1247 4303 Nihil
1259 4243 1397 4324 probibet

291 4349 392 4432 capelo
407 4351 553 4432 ussipuorr‘
567 4350 660 4412 locum
675 4350 846 4413 divisibilem
855 4372 912 4433 per
927 4359 1091 4414 contactum
1106 4373 1165 4414 cuca
1179 4354 1307 4430 virtutae,
1322 4354 1398 4416 sicut
