3200 4975
233 378 304 421 car.
321 356 376 440 11.]
619 378 663 420 uu
678 377 931 423 accruaurruus.
1275 360 1340 423 313

277 545 407 625 Quinto,
430 545 539 630 siqua
560 567 651 610 causa
680 556 783 630 ageret
805 569 860 631 per
879 546 1023 612 virtudem
1046 568 1115 632 quae
1138 547 1177 611 sit
1200 544 1339 610 accidens

232 656 308 736 eius,
332 679 429 742 quum
449 654 547 740 possit
566 678 657 721 omne
676 657 861 721 accidentale
879 657 984 722 abesse
998 680 1017 721 a
1031 658 1212 736 substantia,
1227 657 1340 742 poterit

233 766 286 831 illa
314 788 405 832 causa
433 790 499 831 esse
528 768 595 832 sine
613 767 727 832 virtide
752 769 860 833 activa.
905 767 1011 844 Quum
1040 777 1143 833 autem
1166 769 1264 833 virtus
1287 767 1340 832 illa

232 878 426 944 accidentalis
449 878 559 943 habeat
578 879 786 965 aptitudinem
808 879 848 945 ad
863 880 1026 945 essendum
1041 880 1074 944 in
1089 880 1142 945 illa
1157 880 1338 958 substantia,

232 990 374 1055 advenire
397 990 509 1055 iterum
528 991 641 1076 poterit
661 991 708 1055 illi
722 991 958 1057 accidentaliter.
1004 991 1115 1068 Quaero
1140 991 1237 1077 igitur
1260 1012 1336 1076 quo-

233 1102 323 1166 modo
338 1101 481 1167 advenire
495 1102 602 1186 possit.
647 1102 721 1166 Non
735 1124 790 1187 per
810 1101 960 1167 actionem
981 1103 1159 1167 substantia
1178 1101 1287 1187 ipsius,
1301 1111 1337 1166 ut

194 1212 198 1219 ’
231 1213 331 1278 visum
346 1222 393 1278 est
411 1212 517 1300 paullo
534 1223 626 1279 ante:
648 1235 712 1277 non
736 1237 791 1298 per
814 1214 964 1279 actionem
988 1213 1112 1279 alterius
1135 1236 1243 1294 causae,
1266 1213 1339 1298 quia

231 1324 296 1389 haec
325 1325 405 1389 actio
438 1324 621 1409 produceret
656 1325 840 1409 passionem,
870 1348 906 1390 es
935 1348 996 1411 qua
1030 1334 1266 1411 consequeretur
1297 1324 1336 1389 ad

229 1460 384 1501 summum
401 1436 511 1522 aliquis
526 1445 646 1502 motus:
669 1437 702 1501 iu
717 1438 858 1522 passione
872 1447 975 1503 autem
990 1446 1020 1502 et
1035 1438 1067 1502 iu
1083 1446 1170 1501 motu
1184 1437 1263 1501 nihil
1277 1444 1335 1515 est,

230 1549 313 1633 quod
335 1548 446 1612 habeat
468 1548 617 1612 rationem
633 1548 755 1613 virtutis
776 1550 889 1615 actium
934 1550 1018 1633 Ergo
1037 1548 1123 1613 nulla
1140 1548 1231 1613 datur
1245 1570 1336 1613 causa

229 1659 347 1723 habens
367 1660 512 1723 virtutem
534 1660 673 1738 activam,
696 1661 827 1745 quasit
849 1660 999 1725 accidens.
1045 1660 1087 1725 Et
1108 1659 1190 1723 idem
1212 1658 1336 1724 conclu·

230 1771 319 1835 detur
341 1770 451 1849 adhuc,
474 1770 500 1834 si
523 1770 677 1835 diversarii
706 1771 820 1852 dicant,
843 1772 987 1837 virtutem
1009 1773 1088 1835 hanc
1110 1793 1176 1835 esse
1204 1772 1337 1837 neddere

228 1886 389 1947 necessario
423 1905 599 1968 consequens
631 1886 772 1968 speciem
802 1884 861 1949 hoc
894 1884 996 1969 ipsum
1027 1883 1109 1947 enim
1139 1890 1186 1948 est
1215 1891 1334 1947 eontra·

229 1994 402 2073 dictoriam,
431 2018 528 2080 quum
558 1995 636 2060 illud
665 1996 749 2080 quod
778 1996 946 2060 necessario
976 1995 1173 2080 consequitur
1203 1993 1334 2078 speciem

229 2117 370 2192 nequeat,
386 2105 468 2170 salva
482 2106 590 2191 specie,
606 2130 672 2171 esse
687 2107 735 2171 vel
750 2107 875 2185 abesse3
896 2117 927 2172 et
942 2107 1010 2171 ideo
1025 2129 1087 2171 nou
1103 2106 1144 2171 sit
1158 2105 1308 2170 accidens.

273 2216 496 2283 concludimus
524 2240 598 2302 ergo
627 2219 778 2283 actionem
808 2241 874 2283 esse
910 2218 1088 2288 immediate
1114 2240 1133 2281 a
1161 2215 1335 2281 substantia

227 2329 357 2413 agentis,
373 2338 404 2393 et
419 2330 564 2394 virtutem
586 2330 714 2395 activam
738 2330 918 2395 substantiae
941 2352 1004 2394 non
1027 2352 1092 2393 esse
1111 2328 1241 2392 formam
1256 2328 1333 2392 acci·

229 2440 392 2521 dentalem,
422 2442 493 2508 licet
522 2442 590 2508 eius
618 2442 805 2523 exercitium,
832 2451 868 2507 ut
895 2442 1037 2523 diximus,
1063 2464 1083 2506 a
1107 2438 1332 2506 conditionibus

225 2554 408 2640 quibusdam
431 2554 668 2620 accidentalibus
691 2555 870 2640 dependeat,
893 2564 924 2619 et
946 2564 1069 2641 propter
1090 2554 1148 2618 hoc
1170 2554 1247 2616 cotio
1264 2552 1332 2637 ipsa

226 2665 419 2730 accidentalis
425 2667 484 2746 sit,
500 2689 569 2751 quae
582 2689 601 2730 a
615 2668 728 2732 virtme
743 2667 937 2732 substantiali
951 2666 1098 2752 procedit.

270 2778 323 2842 27.
350 2778 476 2841 Obiieiec
500 2782 542 2842 1⁰.
589 2777 732 2842 Potentia
760 2777 963 2843 essentialiter
990 2777 1131 2842 ordinata
1159 2777 1198 2842 ad
1227 2785 1330 2842 actum

225 2886 451 2966 accidentalem,
467 2897 502 2952 ut
516 2888 556 2952 ad
570 2887 828 2972 complementum
849 2898 880 2954 et
902 2888 1137 2973 specificativum
1160 2911 1261 2967 suum,
1284 2897 1330 2954 est

225 2997 381 3080 accidens:
414 2999 468 3063 sed
502 3000 640 3084 potentia
673 3000 827 3085 operativa
863 3001 1063 3066 essentialiter
1098 3000 1257 3065 ordinatur
1291 2998 1329 3064 ad

225 3120 327 3175 actum
362 3111 578 3176 accidentalem
608 3124 644 3176 ut
673 3112 714 3178 ed
747 3112 1005 3198 complementum
1035 3123 1066 3176 et
1096 3111 1329 3197 specificativum

225 3243 335 3302 suum;
365 3245 438 3307 ergo
468 3224 606 3309 potentia
634 3223 788 3308 operativa
817 3234 863 3289 est
893 3224 1043 3290 accidens.
1089 3223 1194 3288 Minor
1223 3234 1328 3307 patet:

224 3335 320 3398 maior
334 3334 481 3419 probatur
496 3338 529 3398 1ο
544 3335 617 3421 quia
631 3344 718 3400 actus
732 3345 763 3400 et
782 3336 920 3420 potentia
940 3335 980 3400 ad
1000 3358 1072 3399 eum
1093 3335 1233 3400 ordinata
1255 3343 1329 3398 sunt

223 3446 358 3511 eiusdem
382 3446 508 3527 ordinis,
531 3456 568 3511 ut
594 3447 667 3511 dicit
690 3435 890 3526 Aristoteles}
913 3447 1000 3512 cuius
1020 3447 1158 3512 radicalis
1178 3447 1256 3512 ratio
1269 3454 1327 3525 est,

223 3558 295 3643 quia
319 3557 457 3643 potentia
478 3568 510 3622 et
532 3567 619 3622 actus
641 3573 714 3622 sunt
736 3558 828 3637 idem,
851 3559 990 3644 quamvis
1014 3558 1232 3638 diversimode;
1254 3581 1326 3624 nam

222 3670 359 3754 potentia
373 3669 465 3734 estid
477 3669 685 3754 potentialiter
698 3670 782 3755 quod
795 3681 843 3734 est
858 3680 943 3734 actus
958 3670 1115 3736 actualiter
1123 3697 1133 3750 3
1155 3671 1250 3735 immo
1261 3671 1327 3755 ipse

223 3790 309 3844 actus
342 3790 389 3845 est
423 3804 543 3867 semper
577 3781 708 3846 nobilior
743 3783 883 3867 potentia
916 3782 955 3846 ad
989 3783 1091 3867 ipsum
1126 3781 1327 3847 essentialiter

220 3890 371 3970 ordinata,
403 3912 500 3976 quum
530 3891 596 3976 ipse
625 3892 665 3955 sit
694 3891 953 3976 complementum
982 3902 1014 3957 et
1043 3893 1188 3978 perfectio
1217 3892 1324 3977 ipsius.

221 4002 304 4086 Ergo
331 4002 469 4086 potentia
492 4002 694 4066 essentialiter
718 4004 883 4088 respiciens
907 4014 1010 4069 actum
1035 4005 1251 4070 accidentalem
1276 4012 1324 4068 est

220 4113 420 4177 essentialiter
445 4111 562 4198 aliquid
587 4114 782 4179 accidentale.
828 4119 873 4180 2⁰.
897 4116 978 4193 Quia
1003 4116 1191 4202 impossibile
1216 4126 1321 4181 estut

222 4224 392 4290 substantia
421 4225 579 4289 ordinetur
603 4225 642 4290 ad
664 4227 803 4292 accidens
826 4240 861 4293 ut
884 4228 924 4294 ad
947 4252 1037 4294 suum
1067 4231 1321 4314 specificativum3

221 4357 292 4399 nam
307 4336 473 4409 accidentia
488 4337 691 4401 intenduntur
706 4349 830 4424 propter
846 4339 1069 4421 substantiam,
1092 4365 1165 4426 ergo
1185 4342 1322 4428 potentia
