3200 4975
297 376 318 434 4
602 394 644 435 nn
662 394 866 437 soasrsums
884 394 1086 437 srrurrurnr.
1274 375 1358 459 [car.
1375 396 1398 439 1.

297 556 468 621 substantia
487 557 638 641 spirituali
658 566 823 622 tractatum
845 558 959 642 digessi
977 558 1076 622 tribus
1091 558 1221 622 divisum
1236 559 1397 643 capitibus.

298 667 335 730 ln
353 668 453 752 primo
475 677 655 754 quaeruntur
674 669 848 734 essentialia
867 670 1045 734 substantiae
1060 671 1227 755 spiritualis
1249 672 1398 735 constitu·

297 778 378 843 tiva:
411 779 445 842 in
471 780 604 845 secundo
628 779 782 844 naturales
805 780 871 845 eius
894 781 1072 846 facultates:
1098 782 1131 845 in
1151 782 1242 846 tertio
1262 782 1398 845 conside·

298 900 405 953 rantur
419 890 526 955 talium
542 891 723 956 facultatum
737 893 924 956 naturalium
940 893 1140 977 operationes.

757 1251 897 1316 CAPUT
913 1252 939 1315 I.

377 1442 428 1496 DE
446 1440 744 1496 ESSENTIALIBUS
763 1438 1050 1496 CONSTITUTIVIS
1069 1438 1318 1494 SUBSTANTIAE

721 1533 970 1589 SPIRITUALIS.

342 1690 373 1749 2.
398 1685 540 1761 Quaerere
565 1684 762 1749 constitutiva
788 1685 960 1749 essentialia
988 1685 1116 1749 alicuius
1146 1686 1324 1750 substantiae
1353 1695 1400 1749 est

298 1807 479 1881 conceptum
493 1796 577 1860 illius
589 1797 781 1881 adaequatum
797 1797 830 1859 in
845 1797 947 1880 plures
959 1807 1124 1881 conceptus
1135 1796 1342 1881 inadaequatos
1354 1820 1400 1860 re-

297 1909 422 1986 solvere,
434 1918 465 1973 et
475 1910 636 1992 separatim
652 1908 793 1992 accipere,
807 1917 837 1972 et
848 1918 987 1972 mutuam
1002 1909 1179 1972 eorumdem
1189 1908 1399 1973 habitudinem

297 2021 336 2083 ad
353 2042 384 2083 se
399 2020 594 2104 complendos
610 2018 808 2102 investigare:
833 2029 864 2082 et
879 2020 949 2083 talis
963 2021 1121 2104 inquisitio
1136 2021 1171 2083 fit
1187 2020 1397 2105 peranalysin.

297 2132 403 2195 Potest
417 2140 520 2195 tamen
536 2130 628 2194 etiam
643 2129 702 2193 alio
717 2131 809 2193 modo
823 2132 956 2215 procedi,
967 2132 1217 2216 quotiescumque
1229 2132 1327 2216 posito
1336 2153 1400 2193 uno

297 2243 409 2326 aliquo,
419 2242 501 2327 quod
516 2242 548 2305 in
564 2240 617 2304 tali
638 2240 810 2305 substantia
832 2241 930 2325 primo
945 2242 1125 2324 concipitur,
1142 2251 1261 2318 caetera,
1277 2263 1346 2325 quae
1360 2240 1399 2303 ad

296 2352 373 2415 illud
388 2374 485 2415 unum
501 2352 533 2415 in
549 2373 604 2415 suo
619 2374 684 2414 esse
699 2352 915 2435 complendum
930 2353 1097 2416 necessaria
1115 2362 1197 2430 sunt,
1213 2376 1250 2415 ex
1264 2352 1316 2415 illo
1331 2352 1398 2436 ipso

297 2486 360 2527 uno
382 2462 487 2526 inferri
505 2470 655 2547 possunt;
685 2471 760 2526 tuuc
774 2464 867 2542 euim,
883 2463 1006 2548 cognito
1021 2464 1122 2548 aliquo
1137 2464 1236 2548 primo
1251 2464 1400 2528 constitu-

296 2576 369 2653 tivo,
386 2575 572 2658 deteguntur
586 2585 701 2653 caetera,
718 2583 748 2636 et
762 2597 818 2658 per
833 2575 992 2660 synthesin
1008 2575 1240 2657 coniunguntur
1253 2576 1287 2638 in
1304 2598 1398 2639 unam

296 2688 470 2752 essentiam.
509 2687 648 2770 Utraque
662 2686 808 2749 methodo
825 2687 871 2749 usi
887 2709 994 2750 sumus
1005 2688 1038 2750 in
1050 2695 1182 2750 tractatu
1193 2687 1232 2750 de
1243 2687 1398 2771 principiis

296 2822 404 2876 rerum
418 2798 605 2862 naturalium
626 2797 666 2861 ad
683 2795 898 2879 explorandam
919 2799 1082 2860 essentiam
1102 2796 1281 2861 substantiae
1302 2807 1398 2860 mate-

296 2910 399 2987 rialis3
423 2933 496 2973 nam
515 2918 546 2972 et
564 2907 742 2972 resolvimus
760 2918 941 2991 conceptum
962 2907 1045 2971 illius
1065 2908 1258 2992 adaequatum
1273 2910 1306 2971 in
1322 2908 1398 2970 duos

296 3019 504 3106 inadaequatos
527 3019 669 3103 principii
690 3019 789 3096 activi,
811 3041 865 3081 seu
889 3027 974 3081 actus
998 3027 1051 3082 aut
1074 3019 1188 3096 formae,
1204 3027 1235 3082 ct
1258 3019 1400 3102 principii

296 3133 417 3217 passivi,
434 3153 487 3194 seu
508 3130 652 3214 potentiae
669 3139 722 3193 aut
742 3129 886 3206 materiae,
903 3152 979 3213 quos
997 3130 1088 3193 etiam
1109 3129 1272 3214 separatim
1287 3152 1399 3214 erpen-

297 3243 416 3306 dimus:
440 3249 471 3304 et
491 3264 526 3304 ex
546 3264 582 3304 eo
602 3240 684 3325 quod
700 3241 872 3304 substantia
888 3241 1050 3304 materialis
1064 3241 1174 3305 habeat
1190 3241 1250 3304 vim
1266 3241 1397 3305 locomo·
1424 3320 1426 3323 Ι

296 3356 401 3432 tivam,
417 3353 579 3418 intulimus
595 3377 659 3417 eam
675 3352 787 3416 habere
806 3362 943 3416 centrum
965 3353 1144 3418 directivum
1162 3355 1300 3433 actionis,
1316 3353 1399 3438 quod

296 3467 487 3530 ostendimus
500 3489 565 3528 esse
575 3467 670 3550 ipsam
682 3465 886 3549 passivitatem
899 3465 1076 3529 substantiae
1088 3466 1260 3530 materialis.
1295 3467 1398 3550 Atque

297 3577 360 3642 haec
385 3576 548 3640 methodus
572 3576 727 3640 derivandi
751 3576 853 3638 omnia
877 3599 912 3639 ex
935 3599 999 3639 uno
1024 3577 1148 3660 cognito
1174 3577 1206 3639 in
1226 3576 1283 3640 hac
1304 3577 1396 3640 etiarn

297 3691 476 3756 tractatione
493 3688 595 3752 locum
615 3687 725 3750 habere
740 3695 842 3770 potest
851 3714 860 3765 ;
883 3711 955 3751 nam
970 3687 1107 3772 quamvis
1123 3688 1295 3752 substantia
1309 3689 1396 3772 spiri·

296 3804 388 3868 tualis
402 3824 525 3866 omnem
541 3800 694 3863 materiam
712 3799 834 3883 proprie
856 3800 967 3863 dictam
982 3810 1115 3882 respuat,
1131 3800 1223 3863 habet
1244 3809 1348 3864 tamen
1368 3810 1399 3864 et

295 3917 362 4001 ipsa
376 3912 629 4000 potentialitatem
650 3910 812 3994 passivam,
827 3920 862 3972 ut
877 3910 1057 3988 videbimus,
1073 3910 1233 3994 analogam
1249 3911 1395 3988 materiae,

295 4051 390 4113 quum
405 4025 566 4108 intellipore
580 4024 621 4086 sit
635 4023 778 4105 quoddam
787 4024 866 4105 poti,
878 4030 915 4085 ut
927 4043 1005 4104 saepe
1014 4022 1125 4104 repetit
1138 4023 1168 4086 S.
1182 4022 1316 4086 Thomas
1325 4045 1397 4086 cum

296 4136 457 4202 Aristotele
470 4162 477 4200 ε
501 4143 531 4198 et
542 4134 610 4197 ideo
622 4127 690 4216 quae
703 4133 865 4196 dictasunt
876 4132 913 4195 de
924 4131 1022 4194 forma
1033 4141 1063 4194 et
1076 4134 1202 4196 materia
1216 4133 1249 4195 in
1264 4142 1399 4198 tractatu

293 4250 331 4312 de
353 4246 509 4332 principiis
532 4267 633 4309 rerum
656 4242 852 4321 naturalium,
879 4242 987 4306 habere
1009 4254 1139 4326 possunt
1164 4246 1397 4310 convenientem

294 4351 526 4442 applicationem
543 4355 574 4418 in
591 4349 1024 4418 consideratione'substantiae
1037 4353 1215 4436 spiritualis.
