<?xml version="1.0" encoding="UTF-8"?>
<!DOCTYPE html PUBLIC "-//W3C//DTD XHTML 1.0 Transitional//EN"
    "http://www.w3.org/TR/xhtml1/DTD/xhtml1-transitional.dtd">
<html xmlns="http://www.w3.org/1999/xhtml" xml:lang="en" lang="en">
 <head>
  <title>
</title>
<meta http-equiv="Content-Type" content="text/html;charset=utf-8" />
  <meta name='ocr-system' content='tesseract 3.04.00' />
  <meta name='ocr-capabilities' content='ocr_page ocr_carea ocr_par ocr_line ocrx_word'/>
</head>
<body>
  <div class='ocr_page' id='page_1' title='image "./realisphilosoph02baymgoog_0135.png"; bbox 0 0 3200 4975; ppageno 0'>
   <div class='ocr_carea' id='block_1_1' title="bbox 220 375 1327 461">
    <p class='ocr_par' dir='ltr' id='par_1_1' title="bbox 220 375 1327 461">
     <span class='ocr_line' id='line_1_1' title="bbox 220 375 1327 461; baseline -0.003 -21"><span class='ocrx_word' id='word_1_1' title='bbox 220 398 289 441; x_wconf 79' lang='lat' dir='ltr'><strong>car.</strong></span> <span class='ocrx_word' id='word_1_2' title='bbox 307 376 347 461; x_wconf 90' lang='lat'><strong>1.]</strong></span> <span class='ocrx_word' id='word_1_3' title='bbox 663 398 705 440; x_wconf 81' lang='lat' dir='ltr'><strong>ne</strong></span> <span class='ocrx_word' id='word_1_4' title='bbox 724 397 870 440; x_wconf 78' lang='lat' dir='ltr'><strong>iromus.</strong></span> <span class='ocrx_word' id='word_1_5' title='bbox 1264 375 1327 437; x_wconf 83' lang='lat'><strong>121</strong></span> 
     </span>
    </p>
   </div>
   <div class='ocr_carea' id='block_1_2' title="bbox 220 556 1328 1206">
    <p class='ocr_par' dir='ltr' id='par_1_2' title="bbox 220 556 1328 1206">
     <span class='ocr_line' id='line_1_2' title="bbox 220 556 1326 642; baseline -0.005 -17"><span class='ocrx_word' id='word_1_6' title='bbox 220 562 252 625; x_wconf 91' lang='lat' dir='ltr'><strong>in</strong></span> <span class='ocrx_word' id='word_1_7' title='bbox 277 584 343 626; x_wconf 88' lang='lat' dir='ltr'><strong>esse</strong></span> <span class='ocrx_word' id='word_1_8' title='bbox 362 561 489 625; x_wconf 87' lang='lat' dir='ltr'><strong>volitivi.</strong></span> <span class='ocrx_word' id='word_1_9' title='bbox 536 560 606 625; x_wconf 87' lang='lat' dir='ltr'><strong>Hoc</strong></span> <span class='ocrx_word' id='word_1_10' title='bbox 629 568 732 625; x_wconf 89' lang='lat' dir='ltr'><strong>autem</strong></span> <span class='ocrx_word' id='word_1_11' title='bbox 757 560 884 624; x_wconf 91' lang='lat' dir='ltr'><strong>resultat</strong></span> <span class='ocrx_word' id='word_1_12' title='bbox 907 581 944 624; x_wconf 85' lang='lat' dir='ltr'><strong>ex</strong></span> <span class='ocrx_word' id='word_1_13' title='bbox 967 558 1057 623; x_wconf 91' lang='lat' dir='ltr'><strong>dictis</strong></span> <span class='ocrx_word' id='word_1_14' title='bbox 1081 557 1114 621; x_wconf 90' lang='lat' dir='ltr'><strong>in</strong></span> <span class='ocrx_word' id='word_1_15' title='bbox 1139 556 1326 642; x_wconf 76' lang='lat' dir='ltr'><strong>praecedente</strong></span> 
     </span>
     <span class='ocr_line' id='line_1_3' title="bbox 221 668 1326 757; baseline -0.005 -20"><span class='ocrx_word' id='word_1_16' title='bbox 221 682 354 737; x_wconf 66' lang='lat' dir='ltr'><strong>tractatu</strong></span> <span class='ocrx_word' id='word_1_17' title='bbox 376 674 419 754; x_wconf 93' lang='lat' dir='ltr'><strong>(n.</strong></span> <span class='ocrx_word' id='word_1_18' title='bbox 439 675 504 756; x_wconf 90' lang='lat'>15),</span> <span class='ocrx_word' id='word_1_19' title='bbox 517 680 548 737; x_wconf 91' lang='lat' dir='ltr'><strong>et</strong></span> <span class='ocrx_word' id='word_1_20' title='bbox 570 682 674 757; x_wconf 87' lang='lat' dir='ltr'><strong>aperte</strong></span> <span class='ocrx_word' id='word_1_21' title='bbox 695 680 789 757; x_wconf 89' lang='lat' dir='ltr'><strong>patet,</strong></span> <span class='ocrx_word' id='word_1_22' title='bbox 806 692 903 756; x_wconf 91' lang='lat' dir='ltr'><strong>quum</strong></span> <span class='ocrx_word' id='word_1_23' title='bbox 921 692 976 755; x_wconf 91' lang='lat' dir='ltr'><strong>per</strong></span> <span class='ocrx_word' id='word_1_24' title='bbox 991 669 1067 733; x_wconf 89' lang='lat' dir='ltr'><strong>duas</strong></span> <span class='ocrx_word' id='word_1_25' title='bbox 1081 668 1150 733; x_wconf 89' lang='lat' dir='ltr'><strong>illas</strong></span> <span class='ocrx_word' id='word_1_26' title='bbox 1166 669 1326 732; x_wconf 89' lang='lat' dir='ltr'><strong>distinctas</strong></span> 
     </span>
     <span class='ocr_line' id='line_1_4' title="bbox 221 780 1326 866; baseline -0.005 -16"><span class='ocrx_word' id='word_1_27' title='bbox 221 786 452 850; x_wconf 78' lang='lat' dir='ltr'><strong>terminationes</strong></span> <span class='ocrx_word' id='word_1_28' title='bbox 466 784 615 849; x_wconf 85' lang='lat' dir='ltr'><strong>habeatur</strong></span> <span class='ocrx_word' id='word_1_29' title='bbox 628 784 706 849; x_wconf 88' lang='lat' dir='ltr'><strong>ratio</strong></span> <span class='ocrx_word' id='word_1_30' title='bbox 721 784 873 848; x_wconf 89' lang='lat' dir='ltr'><strong>sufficiens</strong></span> <span class='ocrx_word' id='word_1_31' title='bbox 888 781 1094 847; x_wconf 70' lang='lat' dir='ltr'><strong>immanentis</strong></span> <span class='ocrx_word' id='word_1_32' title='bbox 1105 780 1326 866; x_wconf 85' lang='lat' dir='ltr'><strong>operationum,</strong></span> 
     </span>
     <span class='ocr_line' id='line_1_5' title="bbox 222 894 1326 981; baseline -0.005 -21"><span class='ocrx_word' id='word_1_33' title='bbox 222 897 334 981; x_wconf 90' lang='lat' dir='ltr'><strong>quibus</strong></span> <span class='ocrx_word' id='word_1_34' title='bbox 355 897 417 960; x_wconf 89' lang='lat' dir='ltr'><strong>vita</strong></span> <span class='ocrx_word' id='word_1_35' title='bbox 437 896 604 981; x_wconf 88' lang='lat' dir='ltr'><strong>spiritualis</strong></span> <span class='ocrx_word' id='word_1_36' title='bbox 626 904 792 961; x_wconf 87' lang='lat' dir='ltr'><strong>exercetur.</strong></span> <span class='ocrx_word' id='word_1_37' title='bbox 838 894 943 971; x_wconf 86' lang='lat' dir='ltr'><strong>Quum</strong></span> <span class='ocrx_word' id='word_1_38' title='bbox 966 894 1047 958; x_wconf 87' lang='lat' dir='ltr'><strong>enirn</strong></span> <span class='ocrx_word' id='word_1_39' title='bbox 1069 894 1130 958; x_wconf 91' lang='lat' dir='ltr'><strong>vita</strong></span> <span class='ocrx_word' id='word_1_40' title='bbox 1148 894 1188 958; x_wconf 90' lang='lat' dir='ltr'><strong>sit</strong></span> <span class='ocrx_word' id='word_1_41' title='bbox 1211 915 1326 971; x_wconf 89' lang='lat' dir='ltr'><strong>eorum,</strong></span> 
     </span>
     <span class='ocr_line' id='line_1_6' title="bbox 222 1005 1327 1096; baseline -0.006 -22"><span class='ocrx_word' id='word_1_42' title='bbox 222 1033 291 1095; x_wconf 79' lang='lat' dir='ltr'><strong>quae</strong></span> <span class='ocrx_word' id='word_1_43' title='bbox 305 1009 405 1096; x_wconf 88' lang='lat' dir='ltr'><strong>seipsa</strong></span> <span class='ocrx_word' id='word_1_44' title='bbox 420 1016 553 1089; x_wconf 89' lang='lat' dir='ltr'><strong>movent,</strong></span> <span class='ocrx_word' id='word_1_45' title='bbox 568 1010 705 1095; x_wconf 91' lang='lat' dir='ltr'><strong>operatio</strong></span> <span class='ocrx_word' id='word_1_46' title='bbox 719 1008 821 1073; x_wconf 87' lang='lat' dir='ltr'><strong>vitalis</strong></span> <span class='ocrx_word' id='word_1_47' title='bbox 836 1009 917 1072; x_wconf 84' lang='lat' dir='ltr'><strong>intra</strong></span> <span class='ocrx_word' id='word_1_48' title='bbox 931 1009 1034 1093; x_wconf 88' lang='lat' dir='ltr'><strong>ipsum</strong></span> <span class='ocrx_word' id='word_1_49' title='bbox 1054 1030 1149 1092; x_wconf 84' lang='lat' dir='ltr'><strong>agens</strong></span> <span class='ocrx_word' id='word_1_50' title='bbox 1169 1005 1327 1070; x_wconf 87' lang='lat' dir='ltr'><strong>terminari</strong></span> 
     </span>
     <span class='ocr_line' id='line_1_7' title="bbox 223 1116 1328 1206; baseline -0.005 -22"><span class='ocrx_word' id='word_1_51' title='bbox 223 1120 369 1206; x_wconf 90' lang='lat' dir='ltr'><strong>postulat,</strong></span> <span class='ocrx_word' id='word_1_52' title='bbox 387 1130 420 1185; x_wconf 90' lang='lat' dir='ltr'><strong>et</strong></span> <span class='ocrx_word' id='word_1_53' title='bbox 440 1132 661 1205; x_wconf 77' lang='lat' dir='ltr'><strong>consequenter</strong></span> <span class='ocrx_word' id='word_1_54' title='bbox 682 1119 813 1185; x_wconf 86' lang='lat' dir='ltr'><strong>exerceri</strong></span> <span class='ocrx_word' id='word_1_55' title='bbox 835 1142 889 1204; x_wconf 92' lang='lat' dir='ltr'><strong>per</strong></span> <span class='ocrx_word' id='word_1_56' title='bbox 911 1129 998 1184; x_wconf 88' lang='lat' dir='ltr'><strong>actus</strong></span> <span class='ocrx_word' id='word_1_57' title='bbox 1019 1120 1231 1183; x_wconf 88' lang='lat' dir='ltr'><strong>immanentes.</strong></span> <span class='ocrx_word' id='word_1_58' title='bbox 1277 1116 1328 1180; x_wconf 84' lang='lat' dir='ltr'><strong>Ad</strong></span> 
     </span>
    </p>
   </div>
   <div class='ocr_carea' id='block_1_3' title="bbox 223 1227 1451 1317">
    <p class='ocr_par' dir='ltr' id='par_1_3' title="bbox 223 1227 1451 1317">
     <span class='ocr_line' id='line_1_8' title="bbox 223 1227 1451 1317; baseline -0.004 -20"><span class='ocrx_word' id='word_1_59' title='bbox 223 1241 325 1297; x_wconf 90' lang='lat' dir='ltr'><strong>actum</strong></span> <span class='ocrx_word' id='word_1_60' title='bbox 348 1240 450 1297; x_wconf 90' lang='lat' dir='ltr'><strong>autem</strong></span> <span class='ocrx_word' id='word_1_61' title='bbox 469 1233 689 1296; x_wconf 88' lang='lat' dir='ltr'><strong>immanentem</strong></span> <span class='ocrx_word' id='word_1_62' title='bbox 709 1230 952 1317; x_wconf 90' lang='lat' dir='ltr'><strong>producendum,</strong></span> <span class='ocrx_word' id='word_1_63' title='bbox 968 1253 1031 1295; x_wconf 91' lang='lat' dir='ltr'><strong>uon</strong></span> <span class='ocrx_word' id='word_1_64' title='bbox 1049 1229 1148 1295; x_wconf 90' lang='lat' dir='ltr'><strong>solum</strong></span> <span class='ocrx_word' id='word_1_65' title='bbox 1163 1227 1328 1313; x_wconf 85' lang='lat' dir='ltr'><strong>requiritur</strong></span> <span class='ocrx_word' id='word_1_66' title='bbox 1448 1300 1451 1307; x_wconf 32' lang='lat'><strong>¹</strong></span> 
     </span>
    </p>
   </div>
   <div class='ocr_carea' id='block_1_4' title="bbox 223 1338 1336 4111">
    <p class='ocr_par' dir='ltr' id='par_1_4' title="bbox 223 1338 1336 3663">
     <span class='ocr_line' id='line_1_9' title="bbox 223 1338 1327 1431; baseline -0.004 -23"><span class='ocrx_word' id='word_1_67' title='bbox 223 1344 353 1409; x_wconf 78' lang='lat' dir='ltr'><strong>facultas</strong></span> <span class='ocrx_word' id='word_1_68' title='bbox 372 1344 499 1431; x_wconf 88' lang='lat' dir='ltr'><strong>physica</strong></span> <span class='ocrx_word' id='word_1_69' title='bbox 518 1353 550 1408; x_wconf 93' lang='lat' dir='ltr'><strong>et</strong></span> <span class='ocrx_word' id='word_1_70' title='bbox 571 1344 708 1429; x_wconf 81' lang='lat' dir='ltr'><strong>proxima</strong></span> <span class='ocrx_word' id='word_1_71' title='bbox 726 1343 849 1429; x_wconf 84' lang='lat' dir='ltr'><strong>agendi,</strong></span> <span class='ocrx_word' id='word_1_72' title='bbox 865 1343 918 1408; x_wconf 89' lang='lat' dir='ltr'><strong>sed</strong></span> <span class='ocrx_word' id='word_1_73' title='bbox 940 1341 1032 1408; x_wconf 87' lang='lat' dir='ltr'><strong>etiam</strong></span> <span class='ocrx_word' id='word_1_74' title='bbox 1048 1342 1186 1428; x_wconf 91' lang='lat' dir='ltr'><strong>potentia</strong></span> <span class='ocrx_word' id='word_1_75' title='bbox 1200 1338 1327 1426; x_wconf 81' lang='lat' dir='ltr'><strong>passiva,</strong></span> 
     </span>
     <span class='ocr_line' id='line_1_10' title="bbox 224 1452 1329 1541; baseline -0.005 -21"><span class='ocrx_word' id='word_1_76' title='bbox 224 1457 264 1521; x_wconf 88' lang='lat' dir='ltr'><strong>ad</strong></span> <span class='ocrx_word' id='word_1_77' title='bbox 281 1458 373 1541; x_wconf 78' lang='lat' dir='ltr'><strong>quam</strong></span> <span class='ocrx_word' id='word_1_78' title='bbox 393 1456 587 1535; x_wconf 90' lang='lat' dir='ltr'><strong>terminetur,</strong></span> <span class='ocrx_word' id='word_1_79' title='bbox 603 1478 657 1519; x_wconf 87' lang='lat' dir='ltr'><strong>seu</strong></span> <span class='ocrx_word' id='word_1_80' title='bbox 676 1455 711 1519; x_wconf 88' lang='lat' dir='ltr'><strong>in</strong></span> <span class='ocrx_word' id='word_1_81' title='bbox 728 1478 790 1540; x_wconf 91' lang='lat' dir='ltr'><strong>qna</strong></span> <span class='ocrx_word' id='word_1_82' title='bbox 804 1454 968 1539; x_wconf 88' lang='lat' dir='ltr'><strong>recipiatur</strong></span> <span class='ocrx_word' id='word_1_83' title='bbox 982 1463 1080 1519; x_wconf 88' lang='lat' dir='ltr'><strong>actus.</strong></span> <span class='ocrx_word' id='word_1_84' title='bbox 1126 1452 1188 1517; x_wconf 86' lang='lat' dir='ltr'><strong>Sed</strong></span> <span class='ocrx_word' id='word_1_85' title='bbox 1201 1452 1329 1517; x_wconf 86' lang='lat' dir='ltr'><strong>facultas</strong></span> 
     </span>
     <span class='ocr_line' id='line_1_11' title="bbox 225 1564 1329 1655; baseline -0.003 -24"><span class='ocrx_word' id='word_1_86' title='bbox 225 1568 351 1655; x_wconf 89' lang='lat' dir='ltr'><strong>physica</strong></span> <span class='ocrx_word' id='word_1_87' title='bbox 364 1577 395 1632; x_wconf 91' lang='lat' dir='ltr'><strong>et</strong></span> <span class='ocrx_word' id='word_1_88' title='bbox 409 1569 547 1653; x_wconf 83' lang='lat' dir='ltr'><strong>proxima</strong></span> <span class='ocrx_word' id='word_1_89' title='bbox 567 1568 679 1653; x_wconf 83' lang='lat' dir='ltr'><strong>agendi</strong></span> <span class='ocrx_word' id='word_1_90' title='bbox 700 1567 761 1633; x_wconf 87' lang='lat' dir='ltr'><strong>iam</strong></span> <span class='ocrx_word' id='word_1_91' title='bbox 780 1568 907 1633; x_wconf 92' lang='lat' dir='ltr'><strong>involvit</strong></span> <span class='ocrx_word' id='word_1_92' title='bbox 927 1567 960 1631; x_wconf 91' lang='lat' dir='ltr'><strong>in</strong></span> <span class='ocrx_word' id='word_1_93' title='bbox 982 1590 1038 1631; x_wconf 90' lang='lat' dir='ltr'><strong>suo</strong></span> <span class='ocrx_word' id='word_1_94' title='bbox 1058 1577 1207 1650; x_wconf 89' lang='lat' dir='ltr'><strong>conceptu</strong></span> <span class='ocrx_word' id='word_1_95' title='bbox 1227 1572 1258 1629; x_wconf 87' lang='lat' dir='ltr'><strong>et</strong></span> <span class='ocrx_word' id='word_1_96' title='bbox 1281 1564 1329 1628; x_wconf 90' lang='lat' dir='ltr'><strong>in·</strong></span> 
     </span>
     <span class='ocr_line' id='line_1_12' title="bbox 225 1676 1329 1765; baseline -0.003 -23"><span class='ocrx_word' id='word_1_97' title='bbox 225 1678 323 1742; x_wconf 87' lang='lat' dir='ltr'><strong>cludit</strong></span> <span class='ocrx_word' id='word_1_98' title='bbox 351 1679 383 1744; x_wconf 90' lang='lat' dir='ltr'><strong>in</strong></span> <span class='ocrx_word' id='word_1_99' title='bbox 407 1701 463 1743; x_wconf 89' lang='lat' dir='ltr'><strong>suo</strong></span> <span class='ocrx_word' id='word_1_100' title='bbox 485 1702 551 1744; x_wconf 87' lang='lat' dir='ltr'><strong>esse</strong></span> <span class='ocrx_word' id='word_1_101' title='bbox 573 1680 731 1765; x_wconf 74' lang='lat' dir='ltr'><strong>adaequato</strong></span> <span class='ocrx_word' id='word_1_102' title='bbox 753 1702 847 1744; x_wconf 89' lang='lat' dir='ltr'><strong>unam</strong></span> <span class='ocrx_word' id='word_1_103' title='bbox 870 1679 1039 1765; x_wconf 88' lang='lat' dir='ltr'><strong>potentiam</strong></span> <span class='ocrx_word' id='word_1_104' title='bbox 1061 1678 1222 1763; x_wconf 87' lang='lat' dir='ltr'><strong>passivam,</strong></span> <span class='ocrx_word' id='word_1_105' title='bbox 1245 1676 1329 1741; x_wconf 90' lang='lat' dir='ltr'><strong>illam</strong></span> 
     </span>
     <span class='ocr_line' id='line_1_13' title="bbox 225 1790 1329 1877; baseline -0.002 -22"><span class='ocrx_word' id='word_1_106' title='bbox 225 1790 375 1870; x_wconf 87' lang='lat' dir='ltr'><strong>videlieet,</strong></span> <span class='ocrx_word' id='word_1_107' title='bbox 390 1814 452 1876; x_wconf 89' lang='lat' dir='ltr'><strong>qua</strong></span> <span class='ocrx_word' id='word_1_108' title='bbox 466 1792 636 1877; x_wconf 90' lang='lat' dir='ltr'><strong>completur</strong></span> <span class='ocrx_word' id='word_1_109' title='bbox 650 1792 684 1855; x_wconf 90' lang='lat' dir='ltr'><strong>iu</strong></span> <span class='ocrx_word' id='word_1_110' title='bbox 698 1815 765 1856; x_wconf 91' lang='lat' dir='ltr'><strong>esse</strong></span> <span class='ocrx_word' id='word_1_111' title='bbox 779 1792 850 1855; x_wconf 88' lang='lat' dir='ltr'><strong>talis</strong></span> <span class='ocrx_word' id='word_1_112' title='bbox 868 1791 1030 1870; x_wconf 77' lang='lat' dir='ltr'><strong>facultatis,</strong></span> <span class='ocrx_word' id='word_1_113' title='bbox 1047 1798 1077 1855; x_wconf 92' lang='lat' dir='ltr'><strong>et</strong></span> <span class='ocrx_word' id='word_1_114' title='bbox 1095 1790 1134 1854; x_wconf 89' lang='lat' dir='ltr'><strong>ad</strong></span> <span class='ocrx_word' id='word_1_115' title='bbox 1154 1811 1247 1874; x_wconf 90' lang='lat' dir='ltr'><strong>quam</strong></span> <span class='ocrx_word' id='word_1_116' title='bbox 1265 1811 1329 1853; x_wconf 92' lang='lat' dir='ltr'><strong>non</strong></span> 
     </span>
     <span class='ocr_line' id='line_1_14' title="bbox 225 1901 1329 1989; baseline -0.003 -22"><span class='ocrx_word' id='word_1_117' title='bbox 225 1911 327 1987; x_wconf 85' lang='lat' dir='ltr'><strong>potest</strong></span> <span class='ocrx_word' id='word_1_118' title='bbox 347 1903 504 1968; x_wconf 89' lang='lat' dir='ltr'><strong>terminari</strong></span> <span class='ocrx_word' id='word_1_119' title='bbox 527 1904 593 1967; x_wconf 91' lang='lat' dir='ltr'><strong>eius</strong></span> <span class='ocrx_word' id='word_1_120' title='bbox 611 1910 698 1968; x_wconf 87' lang='lat' dir='ltr'><strong>aetus</strong></span> <span class='ocrx_word' id='word_1_121' title='bbox 712 1902 919 1984; x_wconf 90' lang='lat' dir='ltr'><strong>accidentalis,</strong></span> <span class='ocrx_word' id='word_1_122' title='bbox 934 1925 1030 1989; x_wconf 88' lang='lat' dir='ltr'><strong>quum</strong></span> <span class='ocrx_word' id='word_1_123' title='bbox 1046 1901 1132 1966; x_wconf 87' lang='lat' dir='ltr'><strong>nulla</strong></span> <span class='ocrx_word' id='word_1_124' title='bbox 1147 1924 1194 1965; x_wconf 86' lang='lat' dir='ltr'><strong>res</strong></span> <span class='ocrx_word' id='word_1_125' title='bbox 1209 1909 1329 1965; x_wconf 89' lang='lat' dir='ltr'><strong>moveat</strong></span> 
     </span>
     <span class='ocr_line' id='line_1_15' title="bbox 228 2008 1331 2101; baseline -0.002 -23"><span class='ocrx_word' id='word_1_126' title='bbox 228 2015 358 2099; x_wconf 86' lang='lat' dir='ltr'><strong>seipsam</strong></span> <span class='ocrx_word' id='word_1_127' title='bbox 373 2015 543 2080; x_wconf 87' lang='lat' dir='ltr'><strong>secundum</strong></span> <span class='ocrx_word' id='word_1_128' title='bbox 557 2016 648 2080; x_wconf 88' lang='lat' dir='ltr'><strong>idem.</strong></span> <span class='ocrx_word' id='word_1_129' title='bbox 692 2016 838 2101; x_wconf 87' lang='lat' dir='ltr'><strong>Sequitur</strong></span> <span class='ocrx_word' id='word_1_130' title='bbox 852 2037 936 2100; x_wconf 86' lang='lat' dir='ltr'><strong>ergo,</strong></span> <span class='ocrx_word' id='word_1_131' title='bbox 951 2024 1054 2079; x_wconf 88' lang='lat' dir='ltr'><strong>actum</strong></span> <span class='ocrx_word' id='word_1_132' title='bbox 1069 2013 1222 2078; x_wconf 78' lang='lat' dir='ltr'><strong>facultatis</strong></span> <span class='ocrx_word' id='word_1_133' title='bbox 1237 2008 1331 2077; x_wconf 87' lang='lat' dir='ltr'><strong>huius</strong></span> 
     </span>
     <span class='ocr_line' id='line_1_16' title="bbox 227 2126 1330 2213; baseline -0.003 -20"><span class='ocrx_word' id='word_1_134' title='bbox 227 2126 385 2213; x_wconf 82' lang='lat' dir='ltr'><strong>completae</strong></span> <span class='ocrx_word' id='word_1_135' title='bbox 399 2138 431 2193; x_wconf 92' lang='lat' dir='ltr'><strong>et</strong></span> <span class='ocrx_word' id='word_1_136' title='bbox 446 2128 580 2213; x_wconf 85' lang='lat' dir='ltr'><strong>proxime</strong></span> <span class='ocrx_word' id='word_1_137' title='bbox 595 2136 707 2213; x_wconf 87' lang='lat' dir='ltr'><strong>paratae</strong></span> <span class='ocrx_word' id='word_1_138' title='bbox 718 2128 758 2192; x_wconf 90' lang='lat' dir='ltr'><strong>ad</strong></span> <span class='ocrx_word' id='word_1_139' title='bbox 768 2128 922 2212; x_wconf 85' lang='lat' dir='ltr'><strong>agendum</strong></span> <span class='ocrx_word' id='word_1_140' title='bbox 935 2127 1045 2192; x_wconf 85' lang='lat' dir='ltr'><strong>debere</strong></span> <span class='ocrx_word' id='word_1_141' title='bbox 1054 2127 1147 2212; x_wconf 87' lang='lat' dir='ltr'><strong>recipi</strong></span> <span class='ocrx_word' id='word_1_142' title='bbox 1157 2127 1190 2191; x_wconf 90' lang='lat' dir='ltr'><strong>in</strong></span> <span class='ocrx_word' id='word_1_143' title='bbox 1199 2126 1330 2213; x_wconf 87' lang='lat' dir='ltr'><strong>quadam</strong></span> 
     </span>
     <span class='ocr_line' id='line_1_17' title="bbox 227 2238 1332 2325; baseline -0.002 -22"><span class='ocrx_word' id='word_1_144' title='bbox 227 2241 287 2304; x_wconf 90' lang='lat' dir='ltr'><strong>alia</strong></span> <span class='ocrx_word' id='word_1_145' title='bbox 314 2240 453 2325; x_wconf 90' lang='lat' dir='ltr'><strong>potentia</strong></span> <span class='ocrx_word' id='word_1_146' title='bbox 481 2240 610 2324; x_wconf 85' lang='lat' dir='ltr'><strong>passiva,</strong></span> <span class='ocrx_word' id='word_1_147' title='bbox 633 2239 779 2304; x_wconf 86' lang='lat' dir='ltr'><strong>distincta</strong></span> <span class='ocrx_word' id='word_1_148' title='bbox 807 2238 846 2303; x_wconf 90' lang='lat' dir='ltr'><strong>ab</strong></span> <span class='ocrx_word' id='word_1_149' title='bbox 868 2262 913 2319; x_wconf 89' lang='lat' dir='ltr'><strong>ea,</strong></span> <span class='ocrx_word' id='word_1_150' title='bbox 936 2261 998 2324; x_wconf 87' lang='lat' dir='ltr'><strong>qua</strong></span> <span class='ocrx_word' id='word_1_151' title='bbox 1019 2238 1190 2323; x_wconf 89' lang='lat' dir='ltr'><strong>completur</strong></span> <span class='ocrx_word' id='word_1_152' title='bbox 1210 2238 1243 2301; x_wconf 93' lang='lat' dir='ltr'><strong>in</strong></span> <span class='ocrx_word' id='word_1_153' title='bbox 1266 2261 1332 2302; x_wconf 87' lang='lat' dir='ltr'><strong>esse</strong></span> 
     </span>
     <span class='ocr_line' id='line_1_18' title="bbox 226 2348 1331 2435; baseline 0 -22"><span class='ocrx_word' id='word_1_154' title='bbox 226 2350 381 2415; x_wconf 86' lang='lat' dir='ltr'><strong>facultatis</strong></span> <span class='ocrx_word' id='word_1_155' title='bbox 409 2350 545 2435; x_wconf 81' lang='lat' dir='ltr'><strong>proxime</strong></span> <span class='ocrx_word' id='word_1_156' title='bbox 574 2350 687 2415; x_wconf 75' lang='lat' dir='ltr'><strong>activa.</strong></span> <span class='ocrx_word' id='word_1_157' title='bbox 734 2348 838 2426; x_wconf 83' lang='lat' dir='ltr'><strong>Quare</strong></span> <span class='ocrx_word' id='word_1_158' title='bbox 867 2349 906 2414; x_wconf 86' lang='lat' dir='ltr'><strong>ad</strong></span> <span class='ocrx_word' id='word_1_159' title='bbox 934 2349 991 2414; x_wconf 91' lang='lat' dir='ltr'><strong>boc</strong></span> <span class='ocrx_word' id='word_1_160' title='bbox 1021 2359 1057 2414; x_wconf 91' lang='lat' dir='ltr'><strong>ut</strong></span> <span class='ocrx_word' id='word_1_161' title='bbox 1083 2349 1255 2414; x_wconf 88' lang='lat' dir='ltr'><strong>substantia</strong></span> <span class='ocrx_word' id='word_1_162' title='bbox 1277 2359 1331 2413; x_wconf 90' lang='lat' dir='ltr'><strong>aut</strong></span> 
     </span>
     <span class='ocr_line' id='line_1_19' title="bbox 228 2460 1333 2547; baseline -0.001 -20"><span class='ocrx_word' id='word_1_163' title='bbox 228 2470 339 2527; x_wconf 91' lang='lat' dir='ltr'><strong>natura</strong></span> <span class='ocrx_word' id='word_1_164' title='bbox 360 2461 462 2547; x_wconf 91' lang='lat' dir='ltr'><strong>aliqua</strong></span> <span class='ocrx_word' id='word_1_165' title='bbox 482 2460 594 2526; x_wconf 90' lang='lat' dir='ltr'><strong>habeat</strong></span> <span class='ocrx_word' id='word_1_166' title='bbox 615 2470 702 2526; x_wconf 91' lang='lat' dir='ltr'><strong>actus</strong></span> <span class='ocrx_word' id='word_1_167' title='bbox 732 2461 944 2542; x_wconf 90' lang='lat' dir='ltr'><strong>immanentes,</strong></span> <span class='ocrx_word' id='word_1_168' title='bbox 968 2461 1103 2547; x_wconf 84' lang='lat' dir='ltr'><strong>adeoque</strong></span> <span class='ocrx_word' id='word_1_169' title='bbox 1125 2460 1241 2541; x_wconf 87' lang='lat' dir='ltr'><strong>vitales,</strong></span> <span class='ocrx_word' id='word_1_170' title='bbox 1264 2460 1333 2526; x_wconf 88' lang='lat' dir='ltr'><strong>duae</strong></span> 
     </span>
     <span class='ocr_line' id='line_1_20' title="bbox 227 2572 1333 2658; baseline -0.001 -21"><span class='ocrx_word' id='word_1_171' title='bbox 227 2574 373 2658; x_wconf 75' lang='lat' dir='ltr'><strong>potentiae</strong></span> <span class='ocrx_word' id='word_1_172' title='bbox 395 2574 521 2658; x_wconf 82' lang='lat' dir='ltr'><strong>passivae</strong></span> <span class='ocrx_word' id='word_1_173' title='bbox 543 2573 575 2637; x_wconf 95' lang='lat' dir='ltr'><strong>in</strong></span> <span class='ocrx_word' id='word_1_174' title='bbox 599 2595 635 2637; x_wconf 90' lang='lat' dir='ltr'><strong>ea</strong></span> <span class='ocrx_word' id='word_1_175' title='bbox 655 2573 873 2658; x_wconf 88' lang='lat' dir='ltr'><strong>requiruntur:</strong></span> <span class='ocrx_word' id='word_1_176' title='bbox 903 2573 951 2636; x_wconf 86' lang='lat' dir='ltr'><strong>hae</strong></span> <span class='ocrx_word' id='word_1_177' title='bbox 973 2581 1075 2637; x_wconf 89' lang='lat' dir='ltr'><strong>autem</strong></span> <span class='ocrx_word' id='word_1_178' title='bbox 1099 2572 1333 2637; x_wconf 86' lang='lat' dir='ltr'><strong>insubstantia</strong></span> 
     </span>
     <span class='ocr_line' id='line_1_21' title="bbox 228 2684 1333 2770; baseline 0 -22"><span class='ocrx_word' id='word_1_179' title='bbox 228 2684 380 2769; x_wconf 87' lang='lat' dir='ltr'><strong>spirituali</strong></span> <span class='ocrx_word' id='word_1_180' title='bbox 400 2694 473 2749; x_wconf 89' lang='lat' dir='ltr'><strong>sunt</strong></span> <span class='ocrx_word' id='word_1_181' title='bbox 493 2685 632 2770; x_wconf 91' lang='lat' dir='ltr'><strong>potentia</strong></span> <span class='ocrx_word' id='word_1_182' title='bbox 654 2684 805 2769; x_wconf 88' lang='lat' dir='ltr'><strong>receptiva</strong></span> <span class='ocrx_word' id='word_1_183' title='bbox 822 2684 1001 2769; x_wconf 87' lang='lat' dir='ltr'><strong>specierum,</strong></span> <span class='ocrx_word' id='word_1_184' title='bbox 1017 2706 1086 2768; x_wconf 79' lang='lat' dir='ltr'><strong>quae</strong></span> <span class='ocrx_word' id='word_1_185' title='bbox 1107 2693 1153 2748; x_wconf 88' lang='lat' dir='ltr'><strong>est</strong></span> <span class='ocrx_word' id='word_1_186' title='bbox 1173 2684 1333 2769; x_wconf 86' lang='lat' dir='ltr'><strong>passivitas</strong></span> 
     </span>
     <span class='ocr_line' id='line_1_22' title="bbox 228 2794 1334 2881; baseline 0 -22"><span class='ocrx_word' id='word_1_187' title='bbox 228 2795 413 2875; x_wconf 89' lang='lat' dir='ltr'><strong>intellectus,</strong></span> <span class='ocrx_word' id='word_1_188' title='bbox 436 2805 467 2861; x_wconf 91' lang='lat' dir='ltr'><strong>et</strong></span> <span class='ocrx_word' id='word_1_189' title='bbox 490 2797 627 2881; x_wconf 90' lang='lat' dir='ltr'><strong>potentia</strong></span> <span class='ocrx_word' id='word_1_190' title='bbox 649 2795 801 2880; x_wconf 85' lang='lat' dir='ltr'><strong>receptiva</strong></span> <span class='ocrx_word' id='word_1_191' title='bbox 823 2795 999 2873; x_wconf 86' lang='lat' dir='ltr'><strong>affectuum,</strong></span> <span class='ocrx_word' id='word_1_192' title='bbox 1017 2817 1086 2880; x_wconf 79' lang='lat' dir='ltr'><strong>quae</strong></span> <span class='ocrx_word' id='word_1_193' title='bbox 1106 2803 1153 2859; x_wconf 90' lang='lat' dir='ltr'><strong>est</strong></span> <span class='ocrx_word' id='word_1_194' title='bbox 1175 2794 1334 2880; x_wconf 87' lang='lat' dir='ltr'><strong>passivitas</strong></span> 
     </span>
     <span class='ocr_line' id='line_1_23' title="bbox 231 2906 1334 2992; baseline 0 -21"><span class='ocrx_word' id='word_1_195' title='bbox 231 2907 407 2972; x_wconf 89' lang='lat' dir='ltr'><strong>voluntatis.</strong></span> <span class='ocrx_word' id='word_1_196' title='bbox 454 2908 512 2973; x_wconf 86' lang='lat' dir='ltr'><strong>Hae</strong></span> <span class='ocrx_word' id='word_1_197' title='bbox 528 2907 597 2973; x_wconf 86' lang='lat' dir='ltr'><strong>duae</strong></span> <span class='ocrx_word' id='word_1_198' title='bbox 611 2907 757 2992; x_wconf 76' lang='lat' dir='ltr'><strong>potentiae</strong></span> <span class='ocrx_word' id='word_1_199' title='bbox 771 2907 898 2992; x_wconf 82' lang='lat' dir='ltr'><strong>passivae</strong></span> <span class='ocrx_word' id='word_1_200' title='bbox 914 2915 991 2970; x_wconf 92' lang='lat' dir='ltr'><strong>sunt</strong></span> <span class='ocrx_word' id='word_1_201' title='bbox 1001 2906 1156 2971; x_wconf 88' lang='lat' dir='ltr'><strong>evidenter</strong></span> <span class='ocrx_word' id='word_1_202' title='bbox 1173 2906 1334 2987; x_wconf 82' lang='lat' dir='ltr'><strong>distinctae,</strong></span> 
     </span>
     <span class='ocr_line' id='line_1_24' title="bbox 229 3019 1335 3104; baseline 0.002 -23"><span class='ocrx_word' id='word_1_203' title='bbox 229 3027 266 3082; x_wconf 86' lang='lat' dir='ltr'><strong>ut</strong></span> <span class='ocrx_word' id='word_1_204' title='bbox 283 3019 374 3083; x_wconf 85' lang='lat' dir='ltr'><strong>etiam</strong></span> <span class='ocrx_word' id='word_1_205' title='bbox 394 3019 426 3082; x_wconf 91' lang='lat' dir='ltr'><strong>in</strong></span> <span class='ocrx_word' id='word_1_206' title='bbox 442 3019 631 3104; x_wconf 86' lang='lat' dir='ltr'><strong>praecedente</strong></span> <span class='ocrx_word' id='word_1_207' title='bbox 653 3027 787 3082; x_wconf 89' lang='lat' dir='ltr'><strong>tractatu</strong></span> <span class='ocrx_word' id='word_1_208' title='bbox 810 3028 968 3083; x_wconf 89' lang='lat' dir='ltr'><strong>ostensum</strong></span> <span class='ocrx_word' id='word_1_209' title='bbox 983 3026 1050 3099; x_wconf 89' lang='lat' dir='ltr'><strong>est;</strong></span> <span class='ocrx_word' id='word_1_210' title='bbox 1074 3019 1224 3104; x_wconf 89' lang='lat' dir='ltr'><strong>siquidem</strong></span> <span class='ocrx_word' id='word_1_211' title='bbox 1238 3019 1335 3104; x_wconf 87' lang='lat' dir='ltr'><strong>passi·</strong></span> 
     </span>
     <span class='ocr_line' id='line_1_25' title="bbox 231 3129 1335 3215; baseline 0 -21"><span class='ocrx_word' id='word_1_212' title='bbox 231 3131 307 3194; x_wconf 88' lang='lat' dir='ltr'><strong>vitas</strong></span> <span class='ocrx_word' id='word_1_213' title='bbox 322 3129 487 3195; x_wconf 85' lang='lat' dir='ltr'><strong>affectuum</strong></span> <span class='ocrx_word' id='word_1_214' title='bbox 503 3153 565 3194; x_wconf 93' lang='lat' dir='ltr'><strong>non</strong></span> <span class='ocrx_word' id='word_1_215' title='bbox 581 3139 723 3194; x_wconf 88' lang='lat' dir='ltr'><strong>actuatur</strong></span> <span class='ocrx_word' id='word_1_216' title='bbox 737 3129 798 3193; x_wconf 90' lang='lat' dir='ltr'><strong>nisi</strong></span> <span class='ocrx_word' id='word_1_217' title='bbox 814 3139 984 3214; x_wconf 90' lang='lat' dir='ltr'><strong>peractum</strong></span> <span class='ocrx_word' id='word_1_218' title='bbox 1005 3130 1158 3195; x_wconf 87' lang='lat' dir='ltr'><strong>facultatis</strong></span> <span class='ocrx_word' id='word_1_219' title='bbox 1180 3130 1335 3215; x_wconf 85' lang='lat' dir='ltr'><strong>cognosci-</strong></span> 
     </span>
     <span class='ocr_line' id='line_1_26' title="bbox 230 3242 1336 3327; baseline 0.001 -22"><span class='ocrx_word' id='word_1_220' title='bbox 230 3244 299 3307; x_wconf 89' lang='lat' dir='ltr'><strong>tivae</strong></span> <span class='ocrx_word' id='word_1_221' title='bbox 314 3243 375 3306; x_wconf 88' lang='lat' dir='ltr'><strong>iam</strong></span> <span class='ocrx_word' id='word_1_222' title='bbox 386 3242 544 3327; x_wconf 73' lang='lat' dir='ltr'><strong>completa</strong></span> <span class='ocrx_word' id='word_1_223' title='bbox 558 3243 591 3306; x_wconf 93' lang='lat' dir='ltr'><strong>in</strong></span> <span class='ocrx_word' id='word_1_224' title='bbox 603 3265 659 3306; x_wconf 93' lang='lat' dir='ltr'><strong>suo</strong></span> <span class='ocrx_word' id='word_1_225' title='bbox 670 3264 737 3306; x_wconf 90' lang='lat' dir='ltr'><strong>esse</strong></span> <span class='ocrx_word' id='word_1_226' title='bbox 752 3265 806 3326; x_wconf 92' lang='lat' dir='ltr'><strong>per</strong></span> <span class='ocrx_word' id='word_1_227' title='bbox 818 3242 1064 3307; x_wconf 89' lang='lat' dir='ltr'><strong>terminationem</strong></span> <span class='ocrx_word' id='word_1_228' title='bbox 1076 3242 1114 3307; x_wconf 89' lang='lat' dir='ltr'><strong>ad</strong></span> <span class='ocrx_word' id='word_1_229' title='bbox 1129 3242 1336 3327; x_wconf 86' lang='lat' dir='ltr'><strong>passivitatem</strong></span> 
     </span>
     <span class='ocr_line' id='line_1_27' title="bbox 231 3353 1335 3441; baseline 0.002 -24"><span class='ocrx_word' id='word_1_230' title='bbox 231 3354 464 3419; x_wconf 86' lang='lat' dir='ltr'><strong>intellectivam:</strong></span> <span class='ocrx_word' id='word_1_231' title='bbox 491 3362 598 3418; x_wconf 87' lang='lat' dir='ltr'><strong>contra</strong></span> <span class='ocrx_word' id='word_1_232' title='bbox 619 3353 779 3437; x_wconf 89' lang='lat' dir='ltr'><strong>passivitas</strong></span> <span class='ocrx_word' id='word_1_233' title='bbox 800 3354 995 3433; x_wconf 88' lang='lat' dir='ltr'><strong>intellectiva,</strong></span> <span class='ocrx_word' id='word_1_234' title='bbox 1018 3377 1073 3419; x_wconf 91' lang='lat' dir='ltr'><strong>seu</strong></span> <span class='ocrx_word' id='word_1_235' title='bbox 1094 3355 1246 3441; x_wconf 87' lang='lat' dir='ltr'><strong>receptiva</strong></span> <span class='ocrx_word' id='word_1_236' title='bbox 1268 3378 1335 3440; x_wconf 91' lang='lat' dir='ltr'><strong>spe·</strong></span> 
     </span>
     <span class='ocr_line' id='line_1_28' title="bbox 233 3465 1335 3553; baseline 0.001 -23"><span class='ocrx_word' id='word_1_237' title='bbox 233 3467 356 3545; x_wconf 87' lang='lat' dir='ltr'><strong>cierum,</strong></span> <span class='ocrx_word' id='word_1_238' title='bbox 372 3475 514 3530; x_wconf 86' lang='lat' dir='ltr'><strong>actuatur</strong></span> <span class='ocrx_word' id='word_1_239' title='bbox 528 3466 567 3530; x_wconf 92' lang='lat' dir='ltr'><strong>ab</strong></span> <span class='ocrx_word' id='word_1_240' title='bbox 589 3467 656 3550; x_wconf 89' lang='lat' dir='ltr'><strong>ipso</strong></span> <span class='ocrx_word' id='word_1_241' title='bbox 671 3465 790 3530; x_wconf 89' lang='lat' dir='ltr'><strong>obiecto</strong></span> <span class='ocrx_word' id='word_1_242' title='bbox 813 3465 998 3551; x_wconf 84' lang='lat' dir='ltr'><strong>intelligibili</strong></span> <span class='ocrx_word' id='word_1_243' title='bbox 1020 3467 1119 3553; x_wconf 91' lang='lat' dir='ltr'><strong>primo</strong></span> <span class='ocrx_word' id='word_1_244' title='bbox 1141 3467 1335 3552; x_wconf 89' lang='lat' dir='ltr'><strong>imprimente</strong></span> 
     </span>
     <span class='ocr_line' id='line_1_29' title="bbox 234 3577 503 3663; baseline 0 -21"><span class='ocrx_word' id='word_1_245' title='bbox 234 3578 363 3663; x_wconf 87' lang='lat' dir='ltr'><strong>speciem</strong></span> <span class='ocrx_word' id='word_1_246' title='bbox 379 3577 412 3642; x_wconf 92' lang='lat' dir='ltr'><strong>in</strong></span> <span class='ocrx_word' id='word_1_247' title='bbox 427 3578 503 3662; x_wconf 88' lang='lat' dir='ltr'><strong>ipsa.</strong></span> 
     </span>
    </p>

    <p class='ocr_par' dir='ltr' id='par_1_5' title="bbox 233 3689 1336 4111">
     <span class='ocr_line' id='line_1_30' title="bbox 277 3689 1336 3776; baseline 0 -23"><span class='ocrx_word' id='word_1_248' title='bbox 277 3690 336 3753; x_wconf 89' lang='lat' dir='ltr'><strong>His</strong></span> <span class='ocrx_word' id='word_1_249' title='bbox 357 3689 475 3775; x_wconf 89' lang='lat' dir='ltr'><strong>positis,</strong></span> <span class='ocrx_word' id='word_1_250' title='bbox 499 3699 634 3774; x_wconf 90' lang='lat' dir='ltr'><strong>apparet,</strong></span> <span class='ocrx_word' id='word_1_251' title='bbox 651 3711 761 3774; x_wconf 90' lang='lat' dir='ltr'><strong>corpus</strong></span> <span class='ocrx_word' id='word_1_252' title='bbox 784 3711 847 3753; x_wconf 91' lang='lat' dir='ltr'><strong>non</strong></span> <span class='ocrx_word' id='word_1_253' title='bbox 870 3689 934 3754; x_wconf 90' lang='lat' dir='ltr'><strong>fore</strong></span> <span class='ocrx_word' id='word_1_254' title='bbox 957 3691 1139 3776; x_wconf 88' lang='lat' dir='ltr'><strong>dispositum</strong></span> <span class='ocrx_word' id='word_1_255' title='bbox 1162 3691 1201 3755; x_wconf 90' lang='lat' dir='ltr'><strong>ad</strong></span> <span class='ocrx_word' id='word_1_256' title='bbox 1223 3689 1336 3755; x_wconf 89' lang='lat' dir='ltr'><strong>consti·</strong></span> 
     </span>
     <span class='ocr_line' id='line_1_31' title="bbox 233 3800 1336 3886; baseline 0.002 -21"><span class='ocrx_word' id='word_1_257' title='bbox 233 3801 379 3866; x_wconf 89' lang='lat' dir='ltr'><strong>tuendam</strong></span> <span class='ocrx_word' id='word_1_258' title='bbox 400 3800 492 3864; x_wconf 90' lang='lat' dir='ltr'><strong>simul</strong></span> <span class='ocrx_word' id='word_1_259' title='bbox 507 3823 578 3865; x_wconf 90' lang='lat' dir='ltr'><strong>cum</strong></span> <span class='ocrx_word' id='word_1_260' title='bbox 593 3801 703 3886; x_wconf 85' lang='lat' dir='ltr'><strong>spiritu</strong></span> <span class='ocrx_word' id='word_1_261' title='bbox 719 3823 814 3865; x_wconf 91' lang='lat' dir='ltr'><strong>unam</strong></span> <span class='ocrx_word' id='word_1_262' title='bbox 829 3810 971 3866; x_wconf 88' lang='lat' dir='ltr'><strong>naturam</strong></span> <span class='ocrx_word' id='word_1_263' title='bbox 986 3803 1148 3882; x_wconf 84' lang='lat' dir='ltr'><strong>viventem,</strong></span> <span class='ocrx_word' id='word_1_264' title='bbox 1163 3803 1223 3866; x_wconf 91' lang='lat' dir='ltr'><strong>nisi</strong></span> <span class='ocrx_word' id='word_1_265' title='bbox 1239 3803 1278 3866; x_wconf 88' lang='lat' dir='ltr'><strong>sit</strong></span> <span class='ocrx_word' id='word_1_266' title='bbox 1293 3803 1336 3867; x_wconf 89' lang='lat' dir='ltr'><strong>ita</strong></span> 
     </span>
     <span class='ocr_line' id='line_1_32' title="bbox 233 3912 1334 4000; baseline 0.001 -22"><span class='ocrx_word' id='word_1_267' title='bbox 233 3921 450 3997; x_wconf 88' lang='lat' dir='ltr'><strong>comparatum,</strong></span> <span class='ocrx_word' id='word_1_268' title='bbox 478 3923 514 3977; x_wconf 86' lang='lat' dir='ltr'><strong>ut</strong></span> <span class='ocrx_word' id='word_1_269' title='bbox 540 3913 637 3998; x_wconf 87' lang='lat' dir='ltr'><strong>possit</strong></span> <span class='ocrx_word' id='word_1_270' title='bbox 661 3912 753 3976; x_wconf 90' lang='lat' dir='ltr'><strong>modo</strong></span> <span class='ocrx_word' id='word_1_271' title='bbox 779 3936 835 3977; x_wconf 89' lang='lat' dir='ltr'><strong>sno</strong></span> <span class='ocrx_word' id='word_1_272' title='bbox 861 3913 926 3977; x_wconf 90' lang='lat' dir='ltr'><strong>fieri</strong></span> <span class='ocrx_word' id='word_1_273' title='bbox 951 3914 1102 4000; x_wconf 87' lang='lat' dir='ltr'><strong>particeps</strong></span> <span class='ocrx_word' id='word_1_274' title='bbox 1124 3915 1334 3999; x_wconf 86' lang='lat' dir='ltr'><strong>operationum</strong></span> 
     </span>
     <span class='ocr_line' id='line_1_33' title="bbox 233 4023 1335 4111; baseline 0.002 -23"><span class='ocrx_word' id='word_1_275' title='bbox 233 4023 478 4104; x_wconf 89' lang='lat' dir='ltr'><strong>immanentium,</strong></span> <span class='ocrx_word' id='word_1_276' title='bbox 493 4024 526 4087; x_wconf 91' lang='lat' dir='ltr'><strong>in</strong></span> <span class='ocrx_word' id='word_1_277' title='bbox 541 4024 654 4108; x_wconf 91' lang='lat' dir='ltr'><strong>quibus</strong></span> <span class='ocrx_word' id='word_1_278' title='bbox 669 4023 846 4088; x_wconf 83' lang='lat' dir='ltr'><strong>exercitium</strong></span> <span class='ocrx_word' id='word_1_279' title='bbox 861 4023 930 4088; x_wconf 86' lang='lat' dir='ltr'><strong>vitae</strong></span> <span class='ocrx_word' id='word_1_280' title='bbox 944 4025 1094 4089; x_wconf 89' lang='lat' dir='ltr'><strong>consistit.</strong></span> <span class='ocrx_word' id='word_1_281' title='bbox 1138 4025 1239 4090; x_wconf 89' lang='lat' dir='ltr'><strong>Debet</strong></span> <span class='ocrx_word' id='word_1_282' title='bbox 1262 4049 1335 4111; x_wconf 81' lang='lat' dir='ltr'><strong>ergo</strong></span> 
     </span>
    </p>
   </div>
   <div class='ocr_carea' id='block_1_5' title="bbox 232 4126 1336 4446">
    <p class='ocr_par' dir='ltr' id='par_1_6' title="bbox 232 4126 1336 4446">
     <span class='ocr_line' id='line_1_34' title="bbox 232 4126 1335 4222; baseline 0.003 -24"><span class='ocrx_word' id='word_1_283' title='bbox 232 4134 325 4199; x_wconf 86' lang='lat' dir='ltr'><strong>talem</strong></span> <span class='ocrx_word' id='word_1_284' title='bbox 347 4135 503 4220; x_wconf 89' lang='lat' dir='ltr'><strong>acquirere</strong></span> <span class='ocrx_word' id='word_1_285' title='bbox 525 4135 786 4214; x_wconf 84' lang='lat' dir='ltr'><strong>constitutionem,</strong></span> <span class='ocrx_word' id='word_1_286' title='bbox 809 4158 845 4199; x_wconf 83' lang='lat' dir='ltr'><strong>ex</strong></span> <span class='ocrx_word' id='word_1_287' title='bbox 867 4159 928 4221; x_wconf 90' lang='lat' dir='ltr'><strong>qua</strong></span> <span class='ocrx_word' id='word_1_288' title='bbox 950 4136 1019 4200; x_wconf 87' lang='lat' dir='ltr'><strong>duae</strong></span> <span class='ocrx_word' id='word_1_289' title='bbox 1041 4126 1185 4220; x_wconf 79' lang='lat' dir='ltr'><strong>potentiae</strong></span> <span class='ocrx_word' id='word_1_290' title='bbox 1206 4139 1335 4222; x_wconf 87' lang='lat' dir='ltr'><strong>passivae</strong></span> 
     </span>
     <span class='ocr_line' id='line_1_35' title="bbox 233 4246 1335 4332; baseline 0.004 -23"><span class='ocrx_word' id='word_1_291' title='bbox 233 4246 391 4324; x_wconf 86' lang='lat' dir='ltr'><strong>resultent,</strong></span> <span class='ocrx_word' id='word_1_292' title='bbox 417 4269 548 4330; x_wconf 90' lang='lat' dir='ltr'><strong>quarum</strong></span> <span class='ocrx_word' id='word_1_293' title='bbox 575 4247 669 4310; x_wconf 89' lang='lat' dir='ltr'><strong>altera</strong></span> <span class='ocrx_word' id='word_1_294' title='bbox 695 4246 873 4310; x_wconf 82' lang='lat' dir='ltr'><strong>subiiciatur</strong></span> <span class='ocrx_word' id='word_1_295' title='bbox 899 4249 980 4311; x_wconf 89' lang='lat' dir='ltr'><strong>actui</strong></span> <span class='ocrx_word' id='word_1_296' title='bbox 1007 4249 1157 4332; x_wconf 88' lang='lat' dir='ltr'><strong>spirituali</strong></span> <span class='ocrx_word' id='word_1_297' title='bbox 1184 4259 1218 4312; x_wconf 91' lang='lat' dir='ltr'><strong>ut</strong></span> <span class='ocrx_word' id='word_1_298' title='bbox 1244 4249 1335 4314; x_wconf 91' lang='lat' dir='ltr'><strong>intel-</strong></span> 
     </span>
     <span class='ocr_line' id='line_1_36' title="bbox 233 4358 1336 4446; baseline 0.002 -25"><span class='ocrx_word' id='word_1_299' title='bbox 233 4359 351 4437; x_wconf 86' lang='lat' dir='ltr'><strong>lectivo,</strong></span> <span class='ocrx_word' id='word_1_300' title='bbox 368 4358 463 4422; x_wconf 87' lang='lat' dir='ltr'><strong>altera</strong></span> <span class='ocrx_word' id='word_1_301' title='bbox 477 4358 521 4421; x_wconf 93' lang='lat' dir='ltr'><strong>illi</strong></span> <span class='ocrx_word' id='word_1_302' title='bbox 538 4366 572 4421; x_wconf 91' lang='lat' dir='ltr'><strong>ut</strong></span> <span class='ocrx_word' id='word_1_303' title='bbox 589 4358 721 4422; x_wconf 87' lang='lat' dir='ltr'><strong>volitivo.</strong></span> <span class='ocrx_word' id='word_1_304' title='bbox 746 4358 882 4424; x_wconf 88' lang='lat' dir='ltr'><strong>Habebit</strong></span> <span class='ocrx_word' id='word_1_305' title='bbox 898 4368 998 4424; x_wconf 90' lang='lat' dir='ltr'><strong>autem</strong></span> <span class='ocrx_word' id='word_1_306' title='bbox 1016 4361 1154 4446; x_wconf 85' lang='lat' dir='ltr'><strong>primam,</strong></span> <span class='ocrx_word' id='word_1_307' title='bbox 1165 4361 1190 4424; x_wconf 90' lang='lat' dir='ltr'><strong>si</strong></span> <span class='ocrx_word' id='word_1_308' title='bbox 1207 4361 1246 4424; x_wconf 87' lang='lat' dir='ltr'><strong>sit</strong></span> <span class='ocrx_word' id='word_1_309' title='bbox 1256 4361 1336 4424; x_wconf 88' lang='lat' dir='ltr'><strong>eius-</strong></span> 
     </span>
    </p>
   </div>
   <div class='ocr_carea' id='block_1_6' title="bbox 0 0 1618 4975">
    <p class='ocr_par' dir='ltr' id='par_1_7' title="bbox 0 0 1618 4975">
     <span class='ocr_line' id='line_1_37' title="bbox 0 0 1618 4975; baseline 0 0"><span class='ocrx_word' id='word_1_310' title='bbox 0 0 1618 4975; x_wconf 95' lang='lat' dir='ltr'><strong> </strong></span> 
     </span>
    </p>
   </div>
  </div>
 </body>
</html>
