3200 4975
724 354 766 396 ou
785 349 932 399 nonius.
1237 335 1323 420 [car.
1340 360 1379 402 11.

649 658 833 703 suolenhus
850 659 999 705 annulus

470 815 518 876 De
531 815 641 879 viribus
655 819 833 900 appetitivic,
849 841 912 901 quc
926 826 995 882 auat
1010 821 1041 882 in
1056 819 1178 883 bomine.

314 961 367 1028 65.
390 963 494 1030 Prima
508 966 637 1032 facultas
650 968 784 1034 bominis
798 970 879 1035 inter
900 971 1081 1057 appetitivas
1096 979 1142 1036 cst
1157 975 1293 1055 potentia
1307 977 1376 1038 sim·

263 1075 384 1157 pliciter
398 1085 427 1140 et
435 1080 535 1161 primo
550 1081 695 1163 affectiva,
711 1089 778 1146 tum
795 1082 828 1146 in
843 1082 950 1147 ordine
964 1083 1003 1147 ad
1022 1083 1103 1148 bona
1123 1084 1286 1164 sensibilia,
1307 1092 1375 1150 tum

270 1185 303 1249 in
318 1188 424 1251 ordine
438 1189 476 1253 ad
491 1189 712 1274 intelligibilia:
736 1200 766 1257 et
787 1194 951 1278 respondet
974 1194 1080 1280 primae
1102 1194 1241 1259 facultati
1263 1217 1374 1280 cogno-

270 1297 392 1378 scitivae,
408 1322 463 1363 seu
477 1302 620 1384 potentiae
635 1304 734 1387 primo
749 1315 780 1368 et
795 1305 975 1391 simpliciter
990 1306 1227 1391 apprehensivae.

312 1410 453 1476 Facultas
468 1414 567 1497 primo
581 1413 718 1480 affectiva
737 1416 887 1481 sensibilis
908 1417 982 1481 dicit
1004 1415 1142 1482 ordinem
1162 1417 1200 1480 ad
1220 1416 1372 1482 obiectum

269 1521 437 1607 cognitum,
463 1525 631 1590 secundum
656 1535 775 1592 motum
803 1528 841 1593 ab
865 1551 901 1592 eo
929 1528 1112 1613 impressum
1136 1529 1169 1592 in
1198 1529 1373 1613 passivitate

268 1635 404 1699 affectiva
424 1659 541 1716 sensus,
563 1661 616 1702 seu
637 1639 852 1704 sensualitate:
876 1639 1005 1704 facultas
1028 1661 1098 1704 vero
1116 1639 1215 1724 primo
1235 1640 1372 1705 affectiva

267 1746 481 1812 intellectualis
505 1748 579 1813 dicit
598 1750 736 1814 ordinem
761 1750 801 1814 ad
827 1750 979 1815 obiectum
1006 1751 1176 1836 cognitum,
1204 1752 1371 1816 secundum

267 1868 385 1924 motum
401 1860 490 1924 abeo
505 1861 686 1946 impressum
701 1861 734 1925 in
749 1862 925 1947 passivitate
940 1861 1078 1926 affectiva
1091 1862 1242 1927 rationali.
1266 1862 1371 1939 Quum

267 1979 369 2034 autem
396 1971 548 2036 obiectum
574 1971 673 2057 primo
702 1974 928 2058 apprehensum
960 1973 1152 2054 sensibiliter,
1184 1972 1241 2038 sub
1271 1974 1372 2059 aliqua

265 2081 383 2145 ratione
407 2081 654 2168 apprehendatur
678 2083 716 2148 ab
740 2083 864 2147 homine
885 2083 975 2148 etiam
1004 2083 1196 2164 intellectiva,
1221 2092 1256 2148 ut
1280 2108 1371 2171 supra

268 2192 310 2273 (n.
327 2193 382 2274 59)
399 2201 556 2257 ostensum
574 2201 631 2273 est,
651 2202 682 2258 et
702 2181 863 2278 passivitas
883 2193 1021 2259 affectiva
1041 2217 1149 2259 sensus
1171 2216 1235 2259 non
1256 2195 1296 2260 sit
1311 2196 1369 2260 nisi

265 2303 403 2387 quaedam
418 2303 552 2368 extensio
568 2306 750 2390 passivitatis
768 2291 914 2370 effectivae
928 2306 1085 2371 rationalis
1103 2329 1157 2391 per
1179 2306 1368 2371 terminatio-

264 2437 336 2478 nem
358 2414 537 2480 substantiae
558 2415 749 2481 intellectivae
771 2416 810 2480 ad
831 2440 941 2504 corpus
962 2416 1150 2502 organicum,
1174 2425 1209 2481 ut
1230 2418 1368 2505 superius

263 2527 404 2591 habitum
428 2536 492 2606 est3
517 2528 587 2593 ideo
610 2529 774 2607 obiectum,
802 2529 885 2615 quod
911 2536 1011 2594 movet
1037 2529 1136 2614 primo
1162 2530 1367 2614 passivitatem

263 2639 432 2704 affectivam
447 2639 621 2704 sensibilem
643 2641 812 2706 secundum
831 2640 914 2725 quod
934 2648 981 2705 est
1003 2640 1186 2705 sensibiliter
1201 2641 1367 2725 cognitum,

263 2759 365 2816 movet
380 2750 472 2815 etiam
487 2750 586 2836 primo
601 2751 809 2837 passivitatem
824 2750 993 2816 affectivam
1009 2751 1188 2816 rationalem
1199 2752 1366 2819 secundum

263 2862 347 2947 quod
369 2870 416 2926 est
439 2864 598 2947 cognitum
625 2862 820 2927 intellectiva.
865 2861 1063 2947 Consequens
1090 2872 1146 2942 est,
1175 2872 1210 2928 ut
1234 2865 1366 2949 quoties·

263 2996 395 3058 cumque
417 2974 554 3059 potentia
580 2973 680 3059 primo
705 2972 829 3037 volitiva
855 2972 1007 3037 sensibilis
1034 2979 1173 3037 movetur
1199 2976 1364 3039 seeundum

263 3108 349 3149 suam
364 3085 571 3170 passivitatem
586 3084 761 3149 sensitivam
782 3085 821 3148 ab
843 3084 961 3149 obiecto
981 3093 1016 3149 ut
1036 3084 1182 3165 sensibili,
1203 3086 1294 3151 etiam
1310 3110 1364 3172 po-

262 3195 359 3259 tentia
373 3194 472 3279 primo
487 3194 610 3259 volitiva
620 3193 834 3258 intellectualis
844 3200 1000 3257 moveatur
1015 3192 1183 3258 secundum
1195 3216 1281 3259 suam
1297 3219 1366 3281 pas-

262 3307 413 3372 sivitatem
443 3306 620 3372 rationalem
646 3305 685 3370 ab
709 3305 827 3369 obiecto
852 3314 887 3369 ut
917 3304 1134 3390 intelligibili..
1169 3308 1266 3371 Actus
1295 3329 1365 3372 vero

260 3419 379 3504 primus
394 3418 628 3503 complacentia,
651 3418 780 3503 quovis
803 3416 926 3482 volitiva
949 3416 1099 3482 sensibilis
1123 3418 1305 3483 terminatur
1326 3420 1364 3483 ad

260 3530 414 3594 obiectum
429 3537 464 3593 ut
479 3552 603 3594 movens
624 3530 689 3592 eius
710 3527 917 3613 passivitatem
939 3528 1127 3609 sensitivam,
1147 3551 1210 3593 non
1230 3530 1283 3594 fiat
1299 3530 1364 3595 sine

260 3641 362 3727 aliquo
377 3649 447 3705 actu
462 3640 560 3725 primo
580 3640 817 3725 complacentiae,
833 3661 895 3724 quo
916 3640 961 3703 vis
982 3638 1104 3704 volitiva
1124 3640 1280 3703 rationalis
1301 3649 1363 3705 ter·

259 3753 395 3817 minetur
408 3752 448 3816 ad
467 3752 548 3816 idem
570 3751 724 3816 obiectum
745 3759 781 3815 ut
803 3772 929 3816 movens
952 3751 1017 3815 eius
1039 3750 1246 3835 passivitatem
1269 3752 1362 3816 ratio-

258 3865 370 3929 nalem.
415 3864 488 3927 Non
504 3871 606 3927 tamen
621 3871 667 3927 est
682 3884 814 3940 necesse,
831 3861 915 3927 utin
931 3869 1060 3947 utraque
1070 3861 1219 3925 habeatur
1230 3862 1362 3948 compla-

257 3976 366 4055 centia,
390 3974 462 4059 quia
477 3962 564 4059 ⁴quod
587 3973 729 4057 congruit
753 3995 824 4037 cum
851 3972 989 4058 appetitu
1013 3971 1155 4037 rationali
1174 3978 1276 4057 potest
1298 3995 1360 4037 nou

257 4110 423 4171 congruere
437 4109 507 4151 cum
523 4086 660 4171 appetitu
676 4084 830 4164 sensitivo,
846 4093 876 4148 et
892 4084 956 4149 vice
972 4106 1067 4149 versa.

300 4199 495 4278 Addcndum,
511 4197 594 4283 quod
609 4197 674 4283 ipsa
689 4195 908 4281 complacentia
923 4218 985 4260 non
1006 4194 1097 4260 modo
1118 4194 1283 4275 rationalis,
1308 4196 1361 4261 aad

256 4313 348 4379 etiam
364 4311 521 4390 sensualis,
533 4334 586 4375 scu
601 4310 749 4374 naturalis
760 4331 795 4373 ac
809 4308 928 4393 primus
944 4316 1028 4373 actus
1041 4307 1250 4373 consentiendi
1263 4308 1360 4372 motui
