3200 4975
199 369 267 411 car.
286 349 340 431 11.]
510 368 552 409 nn
569 366 771 410 sunsraurm
789 367 994 410 seraranan.
1266 352 1307 413 79

200 533 420 612 difficultatem,
436 556 528 617 quam
543 533 593 596 hic
608 533 692 596 iuvat
707 533 867 616 attingere.
913 532 998 597 Dicit
1009 534 1090 596 enim
1109 532 1151 617 (p.
1167 536 1195 595 l.
1209 555 1238 616 q.
1254 534 1305 598 76.

200 670 227 709 a.
244 648 297 727 2):
321 645 408 707 Licet
431 646 529 707 aalma
552 644 729 707 intellectiva
755 665 813 706 oon
837 644 942 706 babeat
961 646 1115 706 materiam
1133 666 1169 706 ea
1184 666 1242 727 aaa
1256 647 1305 721 ait,

200 758 277 819 sicia
291 778 343 819 aec
357 756 487 839 aapelas,
504 764 601 819 tamea
620 764 664 819 eet
681 754 784 838 forma
809 757 938 818 materia
962 755 1095 833 alieuius,
1116 756 1194 837 qaod
1206 756 1308 839 anyelo

201 869 413 931 conconvenit.
460 868 506 931 Et
520 867 584 929 ideo
603 866 759 929 aeneadum
783 867 953 930 divisionem
977 868 1105 929 materia
1123 874 1193 929 aaut
1212 868 1309 931 malta

201 980 305 1041 aalma
317 981 405 1041 anias
418 979 544 1061 speciei:
567 978 653 1040 malti
666 986 764 1041 antem
782 978 879 1061 capell
892 980 979 1041 anias
993 980 1098 1061 speciei
1117 978 1232 1041 omuino
1248 1001 1309 1042 esee
1346 982 1349 989 '

200 1113 260 1152 aaa
267 1098 403 1173 poseant.
448 1089 621 1156 Difficultas
635 1097 682 1154 est
693 1089 726 1152 in
737 1089 805 1168 boc,
818 1090 900 1173 quod
912 1090 1031 1168 animae,
1042 1089 1115 1153 dum
1128 1101 1308 1174 separantur

201 1201 421 1285 acorporibus,
443 1223 506 1263 nou
531 1201 612 1263 fiunt
638 1200 762 1264 diversae
785 1200 905 1284 speciei,
930 1201 984 1264 sed
1009 1210 1135 1265 manent
1154 1201 1188 1264 in
1203 1202 1308 1265 eadem

202 1314 311 1397 specie,
327 1323 364 1376 ut
378 1321 424 1376 est
440 1313 562 1376 evidens
571 1339 580 1391 3
604 1334 701 1396 quum
716 1311 889 1375 substantia
908 1312 1017 1376 animae
1037 1334 1099 1376 non
1120 1321 1255 1377 transeat
1270 1313 1309 1377 de

203 1423 302 1507 specie
317 1424 350 1486 in
365 1423 506 1508 speciem.
551 1424 593 1486 Iit
608 1432 722 1502 tamen,
743 1432 778 1487 ut
805 1431 876 1489 actu
902 1433 1046 1507 separate
1061 1447 1078 1487 a
1093 1424 1229 1504 materia,
1245 1446 1308 1488 non

202 1543 275 1598 sunt
290 1544 361 1598 actu
381 1535 506 1599 diversae
531 1534 701 1598 secundum
728 1535 861 1619 aliquam
889 1521 1067 1599 divisionem
1092 1536 1235 1615 materiae,
1255 1535 1308 1599 sed

203 1645 371 1708 secundum
388 1645 512 1729 seipsas,
528 1668 582 1708 seu
597 1645 766 1709 secundum
787 1669 878 1709 suum
894 1669 958 1710 esse
973 1646 1138 1732 spirituale.
1175 1634 1218 1711 'si
1235 1668 1307 1730 ergo

203 1756 280 1819 ratio
296 1755 501 1819 distinctionis
516 1766 618 1820 manet
634 1757 714 1820 iuter
729 1756 855 1835 animas,
868 1758 959 1821 etiam
976 1767 1157 1841 separatasa
1171 1759 1307 1837 materia,

203 1876 333 1930 nonest
355 1867 482 1931 materia
507 1868 584 1931 ratio
612 1868 827 1933 distinctionis.
873 1868 957 1932 Hinc
983 1869 1078 1953 accipi
1104 1877 1205 1953 potest
1231 1892 1309 1932 nova

203 1976 359 2061 responsio
374 1986 481 2041 contra
495 1978 562 2041 eius
577 1988 805 2062 argumentum,
821 2002 882 2063 quo
897 1980 971 2043 dicit
989 1981 1029 2065 (p.
1045 1984 1073 2043 l.
1090 2003 1120 2064 q.
1138 1984 1212 2063 75):
1236 1982 1307 2044 Noa

197 2096 299 2171 pateat
323 2090 450 2172 iatellipi
478 2090 557 2172 qaod
583 2090 685 2173 aliqua
708 2090 811 2172 farma
835 2098 973 2173 reparata
998 2093 1115 2155 sitnisi
1137 2115 1197 2156 aaa
1222 2094 1308 2155 anias

202 2201 329 2283 spacia:
352 2202 471 2263 sicatai
490 2209 565 2263 esset
590 2202 690 2263 albedo
716 2208 862 2284 reparata,
889 2224 948 2265 aaa
966 2211 1068 2284 posset
1091 2226 1151 2267 esse
1170 2205 1229 2267 aial
1249 2226 1307 2267 aaa

203 2319 337 2374 tautam:
360 2312 420 2375 bac
434 2313 509 2374 euim
524 2312 625 2374 albedo
639 2334 698 2375 aaa
712 2312 813 2395 differt
829 2314 865 2376 ab
880 2314 951 2391 alia,
967 2316 1025 2377 nisi
1033 2336 1090 2397 per
1105 2315 1159 2378 boc
1173 2317 1252 2397 qaod
1264 2324 1308 2379 eat

203 2425 290 2488 baias
303 2424 351 2488 ael
362 2424 451 2488 iltius,
499 2424 533 2488 Si
547 2424 629 2487 enim
645 2424 689 2488 ita
708 2435 797 2505 esset,
824 2426 933 2490 animae
957 2436 1101 2510 separatae
1121 2428 1228 2491 fierent
1246 2450 1308 2492 una

203 2536 305 2599 anima
319 2544 452 2614 tantum,
467 2545 498 2598 et
513 2536 577 2600 haee
597 2537 786 2616 universalis,
811 2560 908 2621 quum
927 2561 963 2602 ex
977 2539 1139 2624 hypothesi
1154 2549 1308 2624 nequeant

203 2668 269 2709 esse
291 2646 395 2730 plures
421 2647 527 2710 formae
553 2656 698 2739 separatae
721 2647 857 2711 eiusdem
881 2648 1000 2732 speciei,
1026 2649 1103 2712 sicut
1129 2670 1185 2712 nec
1204 2649 1308 2733 plures

203 2757 359 2821 albedines
374 2767 528 2841 separatae.
547 2821 550 2826 ,
573 2759 614 2821 Et
629 2759 697 2822 ideo
717 2768 841 2844 apparet
863 2782 925 2824 nou
946 2782 1012 2823 esse
1027 2762 1184 2824 materiam
1199 2761 1232 2824 id
1246 2784 1308 2846 qno

203 2869 436 2932 individuantur
463 2869 562 2933 entia:
585 2878 616 2932 et
639 2879 702 2933 tam
728 2871 855 2949 animas,
880 2893 971 2954 quam
998 2871 1133 2954 angelos,
1160 2871 1307 2955 indepen-

204 2980 310 3044 denter
325 3003 343 3044 a
361 2981 495 3059 materia,
516 3003 581 3045 esse
604 2981 761 3046 individua
786 2982 922 3045 eiusdem
949 2982 1058 3067 speciei
1085 2983 1305 3063 substantialis,

203 3092 274 3156 licet
289 3092 346 3156 sub
363 3093 481 3156 diversa
496 3093 670 3158 conditione
685 3095 826 3158 naturali.

247 3207 298 3268 60.
323 3204 367 3268 Ut
379 3227 452 3288 ergo
466 3205 524 3268 hoc
540 3215 632 3290 caput
648 3207 876 3286 concludamus,
889 3216 1018 3286 constat,
1030 3207 1189 3272 facultates
1200 3230 1306 3272 omnes

203 3315 383 3379 substantiae
406 3316 573 3400 spiritualis
599 3317 676 3380 nihil
700 3316 784 3381 aliud
810 3338 884 3396 esse,
909 3341 1002 3403 quam
1022 3319 1087 3382 eius
1102 3297 1307 3384 constitutiva

190 3425 383 3504 essentialia,
399 3427 588 3490 considerata
601 3427 651 3491 vel
670 3428 703 3491 in
724 3428 831 3492 ordine
852 3429 891 3492 ad
909 3429 1115 3514 operationem
1137 3431 1307 3496 immanen-

202 3545 276 3614 tem,
292 3536 339 3600 vel
360 3537 393 3600 in
408 3537 514 3601 ordine
529 3538 568 3601 ad
590 3539 796 3622 operationem
820 3548 1030 3604 transeuntem
1039 3567 1049 3619 3
1073 3541 1202 3608 subhac
1225 3545 1306 3607 enim

203 3646 442 3712 consideratione
464 3648 589 3713 relativa
618 3650 810 3734 accipiuntur
838 3660 995 3736 tamquam
1024 3653 1056 3715 in
1079 3655 1216 3738 potentia
1245 3658 1307 3720 sive

202 3759 323 3843 passiva
346 3759 407 3823 sive
422 3759 518 3823 activa
541 3761 579 3824 ad
594 3761 720 3844 aliquid,
736 3771 772 3825 ut
788 3785 881 3847 supra
903 3763 1063 3827 innuimus
1072 3789 1081 3842 3
1105 3765 1143 3829 de
1158 3788 1189 3828 se
1205 3775 1307 3829 autem

203 3878 276 3933 sunt
299 3871 367 3955 ipsa
390 3871 563 3935 substantia
589 3872 755 3956 spiritualis
785 3895 841 3936 sua
867 3873 997 3958 simplici
1026 3876 1153 3939 entitate
1182 3876 1308 3962 physica

202 3981 385 4065 aequivalens
415 3981 558 4046 omnibus
584 3983 648 4046 suis
678 3983 835 4047 attributis
864 3992 895 4049 et
924 3986 1130 4050 facultatibus.
1184 3987 1308 4073 Duplex

203 4100 305 4155 autem
320 4100 366 4156 est
381 4092 510 4157 facultas
525 4094 558 4158 in
574 4094 744 4158 substantia
760 4095 910 4178 spirituali
926 4095 964 4159 ad
986 4107 1071 4161 actus
1087 4098 1306 4163 immanentes:

204 4203 387 4268 intellectiva
401 4214 431 4267 et
446 4204 571 4269 volitiva
580 4231 590 4283 3
613 4215 643 4269 et
659 4207 891 4271 constituuntur
909 4218 978 4272 actu
995 4210 1187 4274 substantiali
1203 4212 1306 4276 termi-

203 4322 276 4378 nato
287 4315 326 4378 ad
341 4315 548 4398 passivitatem
564 4317 730 4401 specierum
744 4317 983 4402 intelligibilium
1001 4329 1030 4384 et
1046 4321 1085 4384 ad
1099 4321 1304 4404 passivitatem
