3200 4975
264 301 329 364 208
722 320 764 363 nr.
782 319 928 363 aculus.
1231 295 1319 380 [arar.
1336 313 1376 356 11.

314 487 369 550 Vis
386 487 533 551 retentiva
541 494 588 550 est
602 486 741 571 potentia
755 485 874 570 passiva
884 493 951 547 tum
966 481 1150 559 intellectus,
1162 490 1230 544 tum
1247 502 1376 557 sensus3

270 597 303 661 in
319 619 380 683 quo
391 598 474 662 enim
489 598 678 681 recipiuntur
693 597 817 682 species,
829 597 862 659 in
878 617 913 659 eo
925 602 1092 671 servantur,
1104 591 1164 656 nisi
1179 592 1254 677 quid
1265 591 1376 669 obstet,

271 717 307 772 ut
319 709 458 793 superius
469 707 639 773 ratiocinati
655 731 772 772 sumus.
818 707 899 783 Quia
909 728 978 769 vero
992 703 1131 790 potentia
1145 703 1177 766 in
1188 725 1248 787 qua
1263 702 1377 786 species

272 820 429 885 sensibiles
452 819 642 904 recipiuntur
660 828 706 883 est
726 819 862 884 extensio
881 817 1025 902 potentiae
1045 814 1221 900 spiritualis,
1237 837 1306 900 quae
1324 835 1377 898 per

271 930 479 1016 passivitatem
501 931 676 1015 organicam
702 931 873 1015 completur
895 930 927 992 in
951 951 1016 992 esse
1037 926 1196 1006 sensitivae,
1212 927 1309 989 maior
1331 924 1377 990 vel

272 1042 373 1107 minor
401 1042 446 1106 vis
471 1043 620 1106 retentiva
643 1043 811 1126 specierum
836 1041 1025 1114 sensibilium
1054 1039 1167 1124 pendet
1191 1048 1337 1123 exparte
1360 1060 1378 1102 a

274 1153 386 1218 maiore
406 1154 453 1218 vel
476 1155 593 1218 minore
613 1154 799 1240 perfectione
821 1175 1015 1237 organorum.
1062 1151 1145 1216 Hinc
1167 1151 1212 1229 fit,
1228 1160 1264 1214 ut
1286 1150 1378 1214 etiam

273 1264 318 1329 vis
353 1264 500 1329 retentiva
532 1250 699 1351 specierum
730 1264 972 1349 intelligibilium
1003 1265 1082 1348 (quae
1112 1285 1231 1347 semper
1264 1262 1378 1346 pendet

275 1376 467 1461 aliquatenus
483 1400 500 1439 a
515 1376 720 1455 sensibilibus,
736 1385 770 1440 ut
794 1399 886 1461 supra
901 1375 1103 1458 ostendimus)
1121 1376 1174 1437 fiat
1197 1396 1253 1458 pro
1268 1374 1379 1438 maiore

275 1488 322 1552 vel
337 1488 454 1554 minore
469 1511 653 1572 organorum
669 1487 854 1573 perfectione
869 1488 984 1551 firmior
999 1487 1045 1550 vel
1061 1486 1218 1550 infirmior.

318 1600 373 1664 Vis
388 1601 554 1665 revocativa
562 1600 695 1686 pertinet
712 1600 750 1664 ad
763 1600 823 1663 vim
839 1599 1042 1682 cognoscendi
1055 1607 1146 1683 prout
1156 1607 1202 1662 est
1214 1599 1258 1661 vis
1272 1597 1379 1674 activa,

274 1721 306 1776 et
330 1712 426 1776 oritur
448 1735 483 1776 ex
502 1711 633 1776 naturali
653 1710 850 1776 versatilitate
872 1711 1014 1797 principii
1040 1711 1247 1795 cognoscitivi,
1263 1710 1295 1772 in
1319 1731 1380 1795 quo

277 1831 324 1886 est
347 1822 531 1887 invincibilis
554 1823 666 1906 agendi
684 1823 868 1887 necessitas:
892 1845 928 1886 ex
953 1844 1013 1906 quo
1036 1823 1082 1901 fit,
1099 1831 1134 1886 ut
1158 1844 1237 1906 saepe
1261 1822 1294 1884 in
1318 1821 1380 1884 suis

278 1933 522 2016 divagationibus
544 1933 648 1996 redeat
667 1933 772 1996 adeas
794 1934 918 2017 species,
934 1956 1063 2018 quarum
1084 1933 1201 1998 obiecta
1219 1933 1280 1996 iam
1296 1932 1381 2017 prius

278 2044 392 2128 attigit.
437 2044 503 2108 Illae
521 2054 623 2109 autem
645 2045 768 2130 species,
795 2054 861 2109 tnm
884 2045 1051 2124 sensibiles,
1072 2055 1139 2109 tum
1164 2044 1381 2128 intelligibiles,

279 2156 395 2220 caeteris
410 2157 543 2241 paribus,
559 2157 678 2222 facilius
692 2157 824 2222 revocari
847 2180 879 2221 se
893 2157 1062 2241 patiuntur,
1079 2180 1147 2242 quae
1162 2156 1208 2220 vel
1227 2155 1337 2220 clarius
1352 2163 1382 2218 et

280 2267 453 2331 distinctius
478 2268 631 2352 impressae
655 2277 738 2347 sunt,
765 2269 812 2333 vel
841 2269 986 2332 maiorem
1010 2279 1129 2332 motum
1152 2268 1278 2332 affectus
1305 2267 1382 2331 exci-

279 2388 395 2458 tarunt,
408 2379 454 2443 vel
470 2379 614 2444 maiorem
628 2380 742 2444 habent
757 2404 870 2444 nexum
882 2404 952 2445 curn
967 2380 1178 2444 affectionibus
1190 2389 1243 2444 aut
1258 2379 1383 2444 obiectis

279 2492 490 2578 praesentibus.
537 2492 576 2556 ln
599 2492 723 2557 homine
746 2494 791 2557 vis
812 2493 979 2558 revocativa
1002 2493 1170 2577 specierum
1194 2492 1384 2556 sensibilium

280 2604 442 2668 adiuvatur
470 2605 632 2689 praesentia
658 2605 826 2689 specierum
857 2604 1107 2687 intelligibilium,
1137 2614 1167 2668 et
1198 2605 1260 2669 vice
1290 2627 1384 2681 versa,

283 2725 409 2800 propter
423 2726 566 2780 mutuum
582 2739 705 2795 nexum,
721 2716 758 2779 de
774 2739 835 2801 quo
851 2716 990 2800 superius
1004 2716 1099 2780 locuti
1114 2739 1229 2781 sumus.

328 2827 382 2890 Vis
397 2830 582 2912 recognitiva
591 2838 636 2892 est
652 2828 780 2893 facultas
795 2828 991 2913 agnoscendi,
1002 2828 1085 2913 quod
1095 2852 1142 2892 res
1158 2851 1225 2913 quae
1234 2828 1386 2912 cogitatur

283 2940 345 3002 iam
364 2939 437 3002 alias
457 2940 590 3024 cogitata
610 2940 703 3003 fnita
723 2950 943 3024 cognoscente:
967 2949 997 3004 et
1016 2941 1108 3005 huius
1130 2940 1283 3006 facultatis
1301 2949 1386 3004 actus

284 3059 330 3115 est
350 3051 507 3130 iudicium,
524 3051 631 3115 saltem
646 3052 784 3131 virtuale,
800 3060 836 3116 ut
858 3060 942 3136 patet
950 3078 960 3131 3
984 3052 1066 3115 unde
1080 3052 1126 3116 vis
1141 3052 1326 3136 recognitiva
1341 3058 1387 3115 est

285 3162 330 3226 vis
359 3161 532 3227 indicativa.
577 3162 627 3225 Fit
656 3173 759 3227 autem
782 3164 949 3247 recognitio
980 3163 1159 3247 dupliciter:
1188 3168 1221 3227 1ο
1247 3186 1301 3248 per
1329 3163 1387 3226 hoc

287 3273 371 3358 quod
391 3296 576 3357 cognoscens
593 3273 747 3358 percipiat,
764 3274 837 3337 dum
858 3284 928 3338 actu
943 3274 1109 3357 cognoscit,
1125 3298 1188 3337 non
1206 3275 1271 3338 fieri
1285 3275 1318 3338 in
1334 3296 1389 3337 sua

286 3408 430 3476 discursus,
451 3406 522 3460 sicut
545 3415 586 3460 est
604 3408 750 3461 materialis
773 3408 899 3479 quaedam
918 3407 1036 3461 imitatio
1059 3408 1160 3462 iudicii.
1206 3408 1293 3462 Bruta
1316 3408 1390 3462 enim

288 3493 390 3547 habent
408 3492 553 3564 quamdam
573 3492 812 3565 experimentalem
831 3493 1021 3565 cognitionem,
1042 3510 1096 3565 qua
1116 3494 1286 3548 adducuntur
1308 3499 1389 3547 natu·

288 3580 381 3633 ruliter
400 3579 434 3633 ad
453 3579 644 3633 aestimandum
654 3598 680 3634 v.
694 3598 733 3651 gr.
746 3580 855 3634 easdem
868 3598 962 3634 causas
979 3580 1125 3651 producere
1143 3580 1251 3635 eosdem
1272 3580 1390 3649 eflectus,

289 3666 334 3720 vel
346 3666 440 3719 eadem
452 3664 686 3737 signasignificare
695 3684 737 3721 res
749 3666 866 3737 similes,
886 3683 946 3738 quae
957 3666 1101 3721 aestimatio
1109 3672 1184 3720 tenet
1190 3667 1219 3719 in
1226 3667 1292 3739 ipsis
1301 3667 1392 3721 locum

289 3752 416 3825 principii
436 3750 603 3806 universalis.
640 3752 672 3805 Si
690 3770 753 3823 ergo
770 3749 881 3807 brutum
900 3753 1083 3826 apprehendat
1102 3759 1134 3808 ut
1153 3759 1313 3825 praesentem
1331 3770 1392 3807 eam

290 3858 406 3908 causam
419 3856 435 3892 a
446 3857 500 3909 qna
510 3839 566 3893 iam
577 3846 719 3911 expertum
731 3845 773 3893 est
784 3840 904 3911 aliquem
921 3839 1055 3909 effectum,
1068 3840 1227 3894 nonnuliter
1239 3840 1393 3913 expectabit

290 3927 409 3982 similem
430 3925 569 3979 effectum:
589 3932 620 3980 ut
640 3926 747 3997 quando
768 3926 846 3980 videt
864 3926 1003 3979 hominem
1023 3926 1200 3999 accipientem
1220 3944 1324 3995 saxum,
1345 3930 1394 3980 aut

290 4015 440 4087 agitantem
450 4012 584 4067 baculum.
621 4014 713 4083 Atque
725 4013 790 4066 hinc
799 4018 917 4085 apparet,
924 4013 1025 4067 mirum
1036 4032 1090 4067 non
1103 4032 1160 4067 esse
1172 4014 1245 4085 quod
1257 4014 1393 4083 animalia,

289 4100 442 4173 praesertim
464 4100 630 4171 perfectiora,
651 4100 797 4170 procedant
820 4100 856 4153 ad
883 4100 1002 4153 acdones
1025 4100 1162 4170 quasdam,
1182 4118 1243 4170 quae
1267 4100 1395 4155 videntur

291 4188 404 4242 modum
416 4187 513 4258 agendi
525 4187 676 4240 humanum
687 4186 796 4240 imitari.
835 4186 916 4251 Quod
927 4205 991 4242 vero
1006 4205 1061 4241 non
1072 4188 1135 4241 ideo
1146 4188 1338 4260 suspicandum
1349 4188 1393 4258 sit,
1412 4240 1414 4243 .

291 4274 371 4329 bruta
382 4273 480 4328 babere
492 4274 611 4345 aliquam
621 4274 679 4328 vim
691 4272 911 4343 intellectualem,
924 4274 989 4328 satis
1002 4279 1107 4329 constat
1119 4275 1234 4330 aliunde.
