3200 4975
264 353 326 418 1⁷2
716 373 760 420 nn
775 375 923 422 nummu.
1226 355 1310 442 [cnr.
1328 375 1368 420 11.

262 537 415 625 eompleta
433 538 467 604 in
487 541 604 606 ratione
624 540 813 621 substantia,
828 551 860 607 et
881 523 997 607 nonin
1019 541 1136 607 ratione
1156 550 1283 622 natura,
1305 565 1368 607 non

262 650 465 736 distinguitur
486 676 504 717 a
523 662 635 718 natura
649 652 710 718 nisi
724 653 921 746 distinetione
936 653 1062 718 rationis
1076 677 1106 719 n.
1122 663 1204 734 aut,
1229 663 1260 718 et
1276 654 1368 718 simili

262 761 355 828 modo
369 764 570 849 distinguendo
585 787 663 829 eoru.
677 787 750 848 nepo
765 768 1008 849 consequentiam.
1053 764 1093 829 In
1108 788 1170 851 quo
1185 776 1368 850 argumento

262 874 434 940 notandum
451 883 509 954 est,
525 875 620 940 lutere
638 876 730 941 etiam
749 874 863 940 falsum
885 876 1091 962 suppositum,
1106 877 1178 962 quia
1196 877 1275 941 ratio
1295 877 1367 941 sub-

262 985 382 1050 stantiae
401 994 447 1050 est
470 1009 530 1050 esee
549 987 581 1050 in
599 1009 640 1066 se,
663 998 693 1051 et
711 987 790 1051 ratio
813 995 931 1053 naturae
950 996 1081 1052 estesse
1092 990 1273 1072 prinmpium
1293 989 1368 1052 odo-

261 1108 383 1182 quotum
399 1101 572 1182 passionum
597 1107 626 1163 et
652 1101 818 1176 actionum
841 1121 939 1183 quum
964 1121 1039 1184 ergo
1064 1099 1175 1164 dicitur
1198 1100 1282 1186 quod
1300 1103 1369 1165 eub-

260 1213 372 1276 elantia
394 1219 424 1274 et
444 1218 553 1275 natura
574 1211 636 1274 eiue
657 1232 721 1275 non
739 1209 986 1294 distinguuntur,
1001 1210 1063 1276 iam
1081 1213 1265 1296 supponitur
1284 1212 1366 1298 quod

262 1321 340 1386 illud
365 1321 449 1406 quod
471 1331 519 1386 est
541 1321 575 1384 in
601 1344 634 1386 se
658 1322 698 1386 sit
723 1320 919 1406 adaquatum
942 1322 1126 1408 principium
1145 1323 1366 1408 operationum.

264 1434 333 1499 Hoc
348 1443 452 1498 autem
467 1455 530 1497 non
541 1441 588 1497 est
600 1455 717 1512 verum,
730 1442 765 1496 ut
780 1432 859 1498 clare
873 1442 959 1518 patet
973 1433 1189 1499 insubstantia
1204 1434 1366 1519 spirituali,

262 1567 331 1632 quse
351 1567 415 1610 non
437 1553 484 1608 est
505 1554 617 1609 natura
639 1543 793 1623 sensitiva,
815 1566 872 1608 nee
894 1544 1079 1630 principium
1107 1545 1259 1610 sentiendi
1288 1546 1367 1610 adae·

262 1665 401 1743 quatum,
424 1655 484 1742 nisi
505 1656 649 1720 informet
671 1676 800 1739 eorpus:
831 1663 862 1718 et
885 1663 989 1719 tumen
1010 1655 1103 1720 habet
1125 1655 1368 1721 substantialiter

262 1792 338 1834 esse.
382 1769 440 1832 Est
454 1790 528 1852 ergo
543 1766 692 1852 completa
707 1774 744 1833 ut
759 1766 940 1847 substantia,
957 1767 1011 1832 sed
1031 1767 1214 1854 inoompleta
1229 1778 1265 1833 ut
1282 1769 1369 1854 prin-

262 1881 377 1967 cipium
392 1879 553 1945 sentiendi.

305 1996 359 2057 45.
386 1993 512 2056 Ohiioies
529 1993 574 2057 2⁰.
619 1989 712 2067 Quod
732 1989 853 2074 indiget
875 1987 1022 2074 compleri
1043 1989 1078 2054 in
1100 2013 1165 2056 esse
1185 2001 1301 2056 naturae
1321 2007 1368 2057 est

263 2105 498 2170 indeterminata
515 2112 643 2170 natura:
666 2103 753 2189 atqui
771 2111 924 2188 repugnat
944 2102 1126 2183 substantia,
1140 2127 1212 2190 quae,
1227 2105 1267 2170 ιίι
1281 2106 1369 2170 inde-

263 2217 427 2283 terminata
441 2227 559 2280 natura
604 2216 687 2301 Ergo
702 2215 784 2299 quod
805 2214 925 2300 indiget
945 2215 1091 2301 compleri
1112 2216 1145 2279 in
1166 2239 1230 2282 esse
1250 2228 1368 2284 naturoe

263 2352 328 2394 non
352 2337 399 2394 est
425 2327 608 2392 substantia.
652 2325 754 2390 Maior
773 2335 868 2411 patet,
884 2326 956 2412 quia
976 2325 1118 2412 quaelibet
1135 2337 1246 2392 natura
1267 2329 1367 2395 deter-

263 2441 400 2507 minatur
419 2461 475 2527 per
491 2439 534 2519 id,
549 2461 611 2525 quo
630 2438 800 2523 completur
823 2438 857 2503 in
872 2461 937 2504 esse
952 2447 1078 2505 natura.
1125 2439 1230 2505 Minor
1244 2463 1367 2529 quoque

265 2562 394 2633 constat,
423 2552 496 2638 quia
524 2551 579 2616 ubi
607 2560 654 2615 est
678 2550 860 2630 substantia,
885 2550 931 2615 ibi
953 2560 1000 2615 est
1024 2560 1110 2616 aetus
1137 2551 1366 2619 substantialis:

264 2675 351 2731 aetus
364 2673 468 2729 antem
479 2662 689 2728 substantialis
700 2671 747 2727 est
757 2662 845 2727 radix
858 2661 1129 2727 determinatarum
1144 2664 1366 2749 operationum,

264 2787 296 2843 et
311 2779 354 2842 sio
369 2785 416 2841 est
430 2785 541 2841 natura
555 2774 767 2840 determinata.
813 2786 815 2790 '

307 2887 491 2973 Respondeo
509 2888 578 2951 dist.
595 2887 646 2950 M.
664 2894 711 2950 est
729 2886 965 2952 indeterminata
981 2894 1102 2965 natura,
1120 2885 1218 2951 idest
1239 2909 1302 2952 non
1321 2898 1367 2954 est

264 3000 400 3087 proxime
423 3008 454 3064 et
479 2997 676 3063 materialiter
701 2996 903 3062 determinata
925 2996 965 3061 ob
991 2996 1144 3063 defectum
1170 2998 1368 3065 instrumenti

263 3112 421 3191 naturalis,
437 3133 499 3196 quo
519 3108 702 3193 complenda
716 3118 764 3173 est
778 3133 804 3173 c.
820 3110 882 3187 M,
897 3130 960 3173 non
980 3117 1028 3174 est
1051 3118 1166 3174 remote
1183 3119 1215 3175 et
1229 3111 1368 3196 specifice

264 3223 466 3289 determinata
480 3227 516 3285 er
530 3226 618 3306 parte
629 3218 677 3283 sui
687 3228 773 3283 aetus
784 3242 813 3282 a.
826 3220 897 3298 M.;
917 3227 948 3283 et
962 3219 1031 3283 dist.
1041 3221 1111 3284 mio.
1126 3230 1279 3306 repugnat
1294 3222 1368 3287 sub·

265 3336 388 3413 stantia,
404 3356 472 3420 quae
487 3332 527 3397 sit
545 3339 658 3396 natura
670 3330 906 3395 indeterminata
920 3353 956 3395 ex
970 3340 1057 3415 parte
1075 3330 1124 3395 sui
1143 3341 1229 3397 actus
1244 3357 1269 3397 o.
1285 3336 1367 3414 mira,

264 3444 387 3532 quaesit
402 3452 518 3527 nutura·
537 3441 774 3506 indeterminata
796 3463 833 3505 ex
856 3440 977 3507 defectu
999 3441 1148 3507 naturalis
1170 3444 1369 3511 instrumenti

264 3582 295 3621 a.
310 3558 380 3619 mire.
395 3563 427 3618 et
442 3576 519 3618 eone.
563 3553 615 3617 Ad
629 3551 840 3638 probationem
857 3553 1033 3637 responderi
1047 3562 1150 3638 potest
1172 3578 1242 3619 cum
1260 3556 1366 3622 eadem

265 3666 461 3754 distinctione
469 3694 480 3745 ;
503 3688 575 3729 narn
589 3665 681 3730 sicuti
694 3664 1006 3749 naturapotentialis,
1022 3688 1090 3751 quae
1104 3666 1223 3751 indiget
1241 3670 1366 3748 actuari,

265 3756 484 3844 determinatur
499 3776 637 3862 specifice
651 3799 706 3862 per
720 3799 807 3841 suam
822 3777 963 3857 sormam,
976 3776 1019 3842 ita
1033 3799 1050 3841 e
1065 3800 1208 3843 converso
1223 3780 1367 3864 quaelibet
1406 3750 1419 3773 κ

168 3890 171 3895 ’
264 3900 374 3957 natura
402 3889 539 3969 actualis,
554 3911 635 3974 ,quae
663 3888 782 3973 indiget
812 3888 968 3974 compleri,
994 3888 1216 3955 determinatur
1244 3900 1366 3956 tantum

264 4002 460 4068 materialiter
473 4011 505 4067 et
518 4000 792 4066 instrumentaliter
806 3999 845 4064 ab
865 4022 910 4080 eu,
927 4023 945 4066 a
964 4022 1026 4085 quo
1043 4000 1223 4086 completur.
1269 4006 1368 4068 Actus

263 4139 333 4181 vero
356 4113 567 4179 substantialis
589 4123 635 4177 est
657 4113 781 4198 quidem
808 4121 918 4176 natura
943 4112 1145 4177 determinata
1169 4114 1306 4199 specifice
1331 4138 1368 4179 en

264 4237 350 4313 parte
372 4227 431 4305 sui,
448 4225 501 4290 sed
522 4233 624 4309 potest
646 4247 711 4288 esse
732 4223 918 4307 incompleta
940 4233 1049 4290 natura
1071 4247 1107 4289 ex
1124 4233 1212 4310 parte
1233 4228 1366 4308 termini,

266 4362 321 4404 seu
335 4335 542 4415 instrumenti,
557 4335 617 4400 sibi
631 4334 811 4399 naturaliter
826 4333 931 4399 debiti.
