3200 4975
264 329 330 392 218
717 352 760 396 aa
777 351 924 396 nonina.
1227 331 1312 415 [car.
1329 350 1368 394 11.

265 539 320 602 per
333 516 425 599 idem,
440 527 477 584 ut
491 517 576 606 patet
584 546 595 600 3
617 528 649 585 et
669 520 712 587 sic
731 522 920 586 sensationes
939 542 976 584 ex
994 541 1064 584 rosa
1077 518 1152 599 visa,
1172 517 1297 583 odorata
1311 526 1368 585 etc.

265 636 355 694 erunt
378 629 502 697 diversae
523 631 651 717 speciei;
675 654 771 717 quum
794 632 908 717 species
930 632 1095 716 accipiatur
1114 629 1153 696 ab
1173 630 1292 696 obiecto
1305 651 1368 694 non

265 740 413 806 materiali
428 741 483 807 sed
496 741 627 809 formali.

308 851 362 915 64.
385 851 479 917 Nunc
504 852 620 938 aliquid
644 851 776 917 breviter
801 852 976 918 addendum
998 853 1037 918 de
1059 852 1252 932 certitudine,
1276 875 1368 938 quam

263 963 406 1048 producit
433 964 587 1049 perceptio
615 963 776 1030 sensibilis.
824 963 930 1042 Quum
953 967 1056 1032 autem
1078 986 1193 1049 organa
1222 987 1366 1029 sensuum

263 1083 417 1159 nequeant
438 1073 503 1159 pati
524 1074 753 1160 impressionem
775 1075 836 1140 nisi
855 1076 893 1141 ab
914 1075 1017 1161 aliquo
1032 1083 1153 1160 agente,
1167 1083 1198 1141 et
1213 1097 1308 1160 agens
1321 1075 1369 1142 vel

263 1185 304 1250 sit
317 1185 385 1270 ipsa
398 1186 509 1265 anima,
524 1185 572 1250 vel
587 1186 650 1250 sint
669 1207 794 1271 corpora
816 1195 901 1252 extra
919 1188 1030 1273 posita,
1047 1188 1073 1252 si
1088 1188 1186 1273 possit
1199 1186 1321 1272 probari
1335 1187 1368 1252 in

263 1319 336 1364 casu
358 1297 544 1382 particulari,
567 1297 651 1382 quod
673 1319 768 1382 agens
790 1320 854 1364 non
879 1308 926 1364 est
949 1299 1062 1378 anima,
1087 1299 1191 1364 statim
1215 1309 1368 1385 sequetur,

263 1397 493 1494 impressionem
514 1410 626 1476 factam
639 1409 673 1474 in
690 1409 814 1493 organis
835 1409 948 1476 habere
969 1433 1026 1495 pro
1046 1433 1137 1476 causa
1156 1433 1266 1496 corpus
1285 1420 1369 1478 extra

262 1521 408 1606 positum.
451 1520 550 1604 Atqui
570 1520 604 1584 in
625 1519 766 1604 plurimis
788 1520 919 1600 casibus,
942 1521 1038 1586 immo
1060 1523 1273 1602 communiter,
1296 1545 1368 1588 con·

263 1641 334 1713 stat,
350 1632 433 1720 quod
447 1632 617 1715 taleagens
631 1640 755 1696 nonest
770 1632 884 1698 anima.
929 1633 1013 1718 Ergo
1028 1635 1231 1700 communiter
1249 1644 1369 1700 constat

263 1745 302 1809 de
316 1744 476 1810 existentia
489 1764 661 1828 corporum.
707 1742 813 1808 Minor
826 1751 922 1830 patet,
937 1743 1010 1828 quia
1029 1745 1132 1811 anima
1152 1744 1247 1810 libere
1268 1753 1369 1812 movet

263 1856 397 1941 corporis
410 1877 526 1939 organa
540 1863 572 1919 et
591 1876 661 1921 cum
684 1854 870 1920 conscientia
889 1855 928 1919 de
948 1878 1004 1920 suo
1018 1864 1107 1923 actu:
1129 1864 1161 1920 et
1176 1857 1219 1921 sic
1234 1857 1368 1942 quoties-

263 1991 395 2052 cumque
408 1968 501 2032 homo
517 1967 574 2032 scit
589 1987 621 2032 se
640 1987 705 2034 non
719 1967 851 2032 voluisse
874 1989 995 2032 movere
1017 1990 1142 2052 organa,
1163 1967 1221 2034 scit
1234 1970 1367 2034 animam

262 2102 327 2144 non
336 2103 402 2147 esse
413 2078 491 2144 illud
501 2101 605 2163 agens,
615 2077 699 2163 quod
713 2077 857 2163 produxit
872 2077 905 2142 in
916 2079 960 2142 eis
974 2078 1216 2165 impressionem.
1247 2079 1368 2148 Omitto

263 2191 337 2256 alias
360 2191 503 2269 rationes,
530 2188 686 2254 brevitatis
709 2210 810 2253 causa.
857 2189 891 2253 Si
910 2212 980 2256 vero
1005 2197 1125 2254 constat
1148 2189 1186 2254 de
1208 2190 1369 2256 existentia

263 2324 434 2386 corporum,
457 2308 578 2364 constat
600 2300 692 2364 etiam
714 2299 753 2364 de
776 2300 987 2384 qualitatibus,
1008 2323 1077 2386 quaa
1095 2301 1129 2366 in
1146 2300 1184 2366 iis
1199 2301 1367 2386 apprehen·

263 2415 389 2479 duntur.
435 2411 541 2489 Quum
561 2411 643 2476 enim
664 2411 859 2497 organismus
878 2421 1009 2499 nequeat
1031 2412 1146 2478 moveri
1166 2412 1204 2476 ab
1221 2413 1283 2478 alio
1301 2433 1367 2478 cor-

261 2549 336 2612 pore
350 2525 410 2589 nisi
430 2524 599 2589 secundum
620 2521 888 2589 determinationes
903 2524 1024 2598 virium,
1039 2546 1107 2609 quae
1121 2523 1154 2587 in
1170 2524 1230 2589 alio
1244 2546 1368 2610 corpore

263 2637 408 2716 existunt,
431 2636 498 2701 fieri
522 2636 630 2720 nequit
653 2643 689 2698 ut
711 2634 774 2699 duo
800 2656 927 2719 corpora
952 2634 1069 2701 diversa
1094 2644 1236 2701 moveant
1261 2636 1368 2702 eodem

263 2750 355 2815 modo
377 2772 511 2827 sensum,
534 2748 651 2813 caeteris
672 2746 816 2831 paribus:
838 2768 896 2811 nec
917 2746 981 2811 fieri
998 2755 1150 2832 potestat
1165 2746 1228 2812 duo
1241 2749 1368 2833 aequalia

263 2864 379 2927 diverse
401 2868 543 2925 moveant
562 2860 595 2923 in
610 2858 719 2924 iisdem
741 2858 912 2938 adiunctis3
935 2881 1008 2943 ergo
1030 2867 1105 2944 quot
1128 2868 1201 2925 sunt
1224 2858 1368 2927 distincta

262 2997 298 3039 ac
312 2974 429 3038 diversa
443 2994 512 3057 quaa
530 2981 629 3055 agunt
650 2970 682 3035 in
706 2993 825 3049 sensus,
848 2978 896 3034 tot
918 2978 991 3034 sunt
1013 2970 1165 3036 distinctae
1186 2993 1221 3036 ac
1243 2972 1368 3038 diversae

263 3084 476 3169 impressiones
490 3090 593 3147 exacte
607 3081 826 3167 respondentes
841 3082 1030 3147 distinctioni
1044 3104 1079 3147 ac
1094 3082 1260 3148 diversitati
1274 3107 1368 3168 agen·

263 3198 362 3275 tium;
392 3217 489 3281 quum
519 3203 622 3259 autem
654 3194 766 3273 anima,
795 3202 832 3257 ut
861 3193 1024 3258 terminata
1052 3194 1092 3258 ad
1120 3217 1212 3260 suum
1245 3218 1367 3281 corpus,

265 3310 401 3374 advertat
421 3315 524 3371 actum
545 3329 635 3370 suum
650 3306 773 3370 vitalem
795 3306 988 3370 terminative
1009 3305 1175 3371 modificari
1198 3308 1367 3373 secundum

262 3422 319 3487 has
345 3420 477 3485 diversas
501 3418 645 3495 rationes,
669 3438 705 3481 eo
729 3416 798 3501 ipso
827 3416 959 3482 diversas
988 3417 1175 3482 sensationes
1203 3420 1366 3503 experitur,

264 3553 395 3618 quarum
429 3527 576 3613 specificae
604 3536 658 3592 aut
687 3527 889 3592 accidentales
924 3526 1101 3591 differentiae
1135 3529 1281 3611 specificis
1313 3538 1367 3595 aut

182 3671 185 3675 ·
263 3638 501 3707 accidentalibus
527 3637 706 3703 differentiis
729 3637 917 3703 obiectorum
939 3645 1041 3703 exacte
1063 3637 1282 3724 respondentes
1304 3642 1367 3705 effi·

263 3754 350 3819 ciunt
378 3759 415 3815 ut
443 3749 546 3814 anima
574 3771 645 3813 cum
675 3748 801 3814 veritate
835 3747 983 3833 percipiat
1013 3748 1119 3813 eadem
1148 3749 1274 3830 obiecta,
1304 3774 1368 3817 non

264 3864 389 3951 quidem
418 3861 587 3927 secundum
616 3868 718 3924 totum
740 3860 773 3924 id
795 3859 878 3945 quod
904 3868 987 3938 sunt,
1011 3860 1065 3925 sed
1087 3862 1255 3939 secundnm
1284 3864 1368 3947 quod

263 3978 297 4041 in
318 3997 425 4040 sensus
445 3981 515 4037 actu
537 3979 644 4055 agunt.
690 3970 782 4034 Unde
805 3970 831 4034 si
853 3964 955 4035 anima
977 3971 1029 4035 illa
1050 3980 1096 4035 est
1119 3972 1282 4051 rationalis,
1305 3997 1368 4039 non

262 4088 376 4174 poterit
397 4085 568 4171 percipere
581 4081 733 4161 sensibile,
756 4082 832 4166 quin
854 4081 946 4146 simul
967 4082 1215 4148 intellectualiter
1235 4084 1368 4171 attingat

263 4200 411 4267 rationem
432 4195 512 4260 entis
534 4203 565 4259 et
587 4217 685 4259 causae
707 4202 738 4257 ct
761 4193 880 4273 similia,
903 4202 939 4259 ut
960 4194 1036 4267 alibi
1056 4194 1197 4275 diximus,
1221 4206 1313 4281 prout
1335 4198 1368 4262 in

264 4294 438 4397 particulari
453 4306 588 4372 sensibili
603 4306 747 4370 existunt.
