3200 4975
260 382 304 445 30
571 403 614 447 ns
632 400 831 447 sunsraurrs
847 402 1044 449 srrarrusnr.
1232 385 1320 469 [ιιι.
1337 404 1359 446 1.

258 568 456 648 intensitatis,
482 590 545 633 non
568 569 636 634 ideo
662 578 735 634 sunt
758 569 884 636 diversae
903 571 1022 656 speciei,
1044 571 1098 636 sed
1119 571 1180 636 duc
1203 571 1360 636 individua

258 680 351 745 unius
363 680 491 765 speciei3
514 689 665 746 eteorum
681 681 852 747 differentia
862 692 909 747 est
920 684 1123 763 individualis,
1133 706 1196 747 non
1212 684 1358 770 specifica.

257 792 298 857 Ει
313 792 438 878 quidem
453 792 514 856 duo
525 791 676 857 elementa
690 791 868 858 huiusmodi
879 795 1064 859 conveniunt
1075 795 1176 880 quoad
1191 795 1358 873 materiam,

257 927 326 989 quse
349 912 395 968 ιιι
418 903 552 969 eiusdem
577 904 704 969 rationis
727 904 759 969 in
781 915 921 991 utroque,
937 914 968 971 et
992 907 1159 971 secundum
1181 930 1274 993 quam
1296 928 1359 971 non

258 1017 371 1080 dantur
393 1036 448 1080 nec
471 1015 537 1080 dari
557 1025 686 1102 possunt
713 1016 837 1101 gradus,
857 1040 953 1103 quum
973 1019 1099 1083 materia
1122 1019 1284 1103 principiet
1305 1038 1360 1102 per

258 1127 385 1192 modum
410 1127 534 1192 termini
558 1127 771 1195 indivisibilis:
796 1129 1033 1214 distinguuntur
1051 1153 1122 1195 vero
1141 1152 1196 1215 per
1218 1129 1357 1207 formam,

258 1261 320 1303 non
335 1239 459 1325 quidem
482 1239 620 1303 absolute
636 1238 868 1319 consideratam,
883 1249 914 1304 et
929 1249 965 1305 ιιι
987 1241 1109 1306 dantem
1124 1264 1190 1305 esse
1204 1241 1357 1318 materiae3

258 1374 328 1416 nam
344 1352 443 1416 omnis
458 1352 554 1415 forma
570 1350 780 1415 substantialis
800 1352 945 1416 elementi
959 1352 1011 1417 dat
1026 1375 1091 1417 esse
1104 1352 1238 1417 materiae
1251 1351 1358 1417 eodem

257 1463 359 1541 modo,
374 1471 410 1527 ut
430 1462 544 1527 dietum
566 1473 613 1527 est
634 1463 668 1528 in
688 1471 822 1527 tractatu
844 1463 882 1528 de
903 1464 1010 1548 primis
1030 1463 1207 1549 principiis3
1229 1463 1283 1528 sed
1305 1486 1358 1549 per

256 1576 396 1654 sormam,
408 1584 443 1639 ut
458 1584 504 1639 est
519 1575 701 1660 principium
719 1576 848 1641 aetionis
857 1576 896 1641 ad
910 1586 994 1641 extro
1002 1600 1011 1653 3
1033 1577 1067 1640 in
1081 1599 1143 1663 quo
1151 1600 1244 1641 sensu
1257 1577 1357 1641 solum

257 1696 357 1773 potest
373 1710 438 1752 esse
452 1687 602 1751 intensior
616 1696 670 1751 aut
693 1688 795 1751 minus
810 1687 939 1751 intensa.
985 1687 1095 1752 Forma
1109 1695 1212 1752 autem
1227 1688 1270 1752 sic
1285 1710 1356 1753 con-

257 1799 388 1864 siderata
407 1820 470 1862 non
489 1807 535 1862 est
554 1798 621 1883 ipsa
638 1798 716 1863 ratio
734 1799 871 1864 formalis
894 1799 1044 1865 abstracta
1064 1798 1241 1864 substantie
1262 1808 1357 1864 mate·

257 1911 341 1976 rialis
356 1918 391 1975 ut
406 1911 458 1990 sic,
474 1909 528 1974 sed
542 1909 640 1974 forma
654 1900 808 1991 Ιιοιιιιιιι,
824 1910 918 1980 idest
936 1919 1022 1978 actus
1036 1910 1161 1997 physice
1175 1911 1356 1975 terminatus

255 2023 295 2086 ad
310 2021 488 2098 materiam3
511 2027 542 2085 ιι
558 2020 601 2084 sic
617 2020 768 2105 signifieat
790 2021 891 2105 ipsum
907 2044 962 2085 ens
976 2020 1172 2085 materialiter
1187 2030 1354 2105 acceptum.

256 2132 340 2198 Illud
355 2154 438 2217 ergo,
454 2154 515 2218 quo
530 2132 674 2217 praedicta
689 2133 839 2197 elementa
854 2132 1097 2216 distinguuntur,
1108 2140 1155 2196 ιιι
1171 2132 1236 2217 ipsa
1250 2154 1356 2197 eorum

255 2245 368 2310 entitas
382 2242 578 2307 individualis
593 2243 625 2306 in
641 2264 673 2307 se
685 2243 862 2321 constituta,
874 2264 928 2307 seu
942 2251 1029 2307 aetus
1043 2243 1212 2327 completus
1224 2244 1356 2323 essendi,

254 2368 398 2442 utsupra
413 2356 563 2419 diximus:
587 2354 640 2440 qui
655 2362 741 2418 actus
756 2354 876 2417 essendi
891 2353 1069 2438 completus,
1081 2375 1117 2417 eo
1131 2354 1198 2439 ipso
1212 2354 1295 2439 quod
1309 2364 1356 2419 ιιι
1452 2430 1453 2433 ¹
1521 2371 1524 2377 ·

255 2469 436 2555 completus,
457 2477 504 2532 est
529 2468 609 2532 ratio
630 2489 685 2532 cur
706 2488 804 2531 unum
826 2488 890 2530 non
912 2464 952 2530 sit
975 2464 1069 2530 aliud.
1115 2465 1263 2532 Similiter
1282 2489 1356 2552 ergo

255 2583 416 2648 dicendum
433 2591 479 2646 est
494 2581 533 2646 de
548 2580 728 2646 substantiis
743 2578 964 2664 spiritualibus,
973 2587 1010 2643 ut
1025 2579 1164 2664 quisque,
1179 2580 1260 2644 faeta
1271 2601 1357 2645 com-

255 2700 421 2784 paratione,
436 2697 524 2762 facile
538 2696 661 2762 videbit.
708 2694 802 2772 Quod
816 2704 919 2759 autem
940 2694 1002 2759 duo
1017 2694 1176 2774 elementa,
1191 2694 1356 2779 dequibus

255 2835 357 2898 supra,
372 2833 436 2876 non
455 2811 517 2874 sint
538 2808 663 2874 diversae
684 2807 803 2895 speciei,
817 2814 903 2892 patet
924 2829 960 2872 ex
977 2827 1024 2885 eo,
1039 2806 1122 2890 quod
1138 2828 1202 2870 non
1222 2806 1355 2871 habeant

255 2925 403 2988 diversam
426 2920 646 3000 definitionem,
667 2919 721 2984 sed
743 2919 899 2983 eamdem:
922 2927 954 2982 et
974 2916 1055 2981 idem
1078 2937 1200 3001 quoquc
1222 2917 1260 2981 de
1282 2917 1355 2982 sub·

255 3036 378 3102 stantiis
403 3032 613 3120 spiritualibus
638 3041 685 3096 est
711 3030 886 3108 dicendum,
910 3051 978 3114 quae
1006 3049 1112 3092 omnes
1134 3028 1241 3092 eodem
1264 3029 1355 3094 modo

255 3145 725 3214 definiunturcetusiateltectioi.
771 3142 853 3219 Quia
863 3163 935 3225 ergo
945 3162 1008 3202 non
1022 3139 1177 3203 invenitur
1186 3140 1357 3205 differentia

255 3262 394 3345 specifica
418 3258 564 3322 exhibens
590 3256 724 3320 diversos
748 3254 861 3338 gradus
884 3250 1062 3315 substantiae
1086 3251 1261 3335 spiritualis,
1282 3274 1354 3316 con-

254 3372 414 3437 cludemus
429 3368 616 3434 substantias
631 3365 804 3451 spirituales
816 3385 881 3426 ιιιι
895 3360 1031 3426 eiusdem
1045 3362 1164 3445 speciei,
1176 3362 1239 3428 sive
1253 3387 1355 3449 aeque-

254 3488 325 3564 lem‚
341 3484 404 3548 sive
418 3480 598 3566 inaequalem
612 3477 745 3541 habeant
759 3472 977 3560 perfectionem
992 3472 1191 3538 entitativam.

298 3599 352 3661 27.
374 3594 476 3672 Dices,
499 3589 730 3675 explicationem
759 3585 862 3650 datam
889 3585 934 3668 (n.
954 3586 1010 3669 25)
1035 3585 1240 3650 contradicere
1268 3586 1355 3652 alteri

254 3707 400 3774 doctrinae
411 3705 484 3769 satis
493 3713 630 3787 receptae,
642 3722 710 3785 quae
724 3707 772 3763 est
785 3696 868 3782 apud
880 3696 914 3761 S.
924 3696 1074 3760 'l'homam
1088 3719 1119 3782 p.
1134 3699 1164 3761 1.
1176 3720 1207 3782 q.
1218 3701 1272 3762 50.
1281 3722 1309 3763 a
1322 3703 1353 3779 2,

254 3819 308 3885 ubi
323 3819 411 3884 docet
430 3815 513 3902 quod
527 3813 658 3878 incedas
674 3809 874 3874 materialibus
888 3810 1034 3872 invenitur
1050 3809 1159 3892 duplae
1175 3813 1353 3894 coementis.

255 3934 361 3995 Primo
386 3930 499 4014 quidem
516 3927 623 4012 forme
645 3932 674 3988 et
695 3924 833 4000 materie,
849 3943 886 3984 ec
909 3922 1013 4004 quibus
1036 3923 1225 4011 constituitur
1245 3932 1355 3987 natura

253 4045 366 4128 aliqua.
411 4041 532 4104 Natura
546 4047 643 4102 autem
664 4037 708 4100 sie
721 4035 881 4117 composito
900 4039 1019 4095 nonest
1039 4055 1123 4095 suum
1137 4054 1207 4112 esse,
1222 4035 1276 4097 aed
1294 4057 1356 4100 ease

254 4163 297 4219 est
312 4161 395 4217 aetus
410 4152 491 4214 eius:
515 4149 590 4212 uude
604 4149 669 4230 ι’ρια
683 4151 792 4208 cutura
807 4148 993 4224 comparatur
1006 4141 1048 4204 ud
1059 4163 1119 4206 esse
1132 4145 1210 4207 ιίιιιι
1217 4148 1355 4227 potentia

254 4267 294 4328 ad
314 4271 421 4327 actum.
469 4259 627 4322 Subtrceta
653 4278 721 4339 erpo
743 4255 876 4331 materia,
897 4261 926 4316 et
945 4255 1045 4335 posito
1067 4253 1147 4336 quod
1165 4257 1232 4337 ι’ρια
1249 4257 1353 4339 forma

256 4373 407 4457 (angelus)
431 4371 580 4446 subsistat,
604 4367 706 4452 adhue!
720 4373 848 4428 rensaaet
872 4366 1051 4446 comparatio
1067 4365 1174 4447 forme
1197 4368 1238 4430 ud
1257 4370 1354 4450 ι’ριιιηι
