3200 4975
216 383 284 427 cao.
302 365 374 448 111.]
519 386 561 427 oe
579 382 782 426 uansrnurnn
796 380 1001 425 seranum.
1281 353 1322 415 95

214 571 315 611 renem
329 552 408 612 eirea
417 551 570 632 proprium
585 549 734 611 obiectum.
783 546 845 609 Sed
853 546 909 628 per
921 545 1056 608 accidens
1071 545 1102 606 in
1116 542 1198 605 nobie
1216 539 1321 605 aooidit

214 661 342 745 deceptio
364 671 395 725 et
413 661 538 744 saleitoe
563 659 748 742 intelliqendo
766 658 847 741 qued
869 652 1321 741 perorationem

215 774 359 836 rationem
375 774 499 836 alienius
518 772 743 854 oomporitianis,
768 770 816 832 od
834 790 924 852 quum
950 768 1147 851 definitionem
1169 765 1255 827 unius
1277 764 1322 824 rei

215 885 373 967 uaoipimue
385 892 420 947 ut
432 884 627 966 definitimn
639 882 763 944 alteriue
778 926 889 943 .....
905 887 935 943 et
957 880 1010 942 tae
1032 877 1146 961 quidem
1166 874 1271 939 oceidit
1290 874 1322 935 in

217 997 391 1079 oompoeitie,
406 1016 530 1077 ριωνιινν
543 992 672 1076 definitio
686 1014 724 1055 eu
736 992 859 1055 aomo
872 993 1007 1067 renuitur,
1030 1010 1154 1071 quorum
1170 1007 1259 1049 unum
1278 991 1322 1046 eet

218 1102 369 1165 materiale
378 1103 509 1166 adalind
516 1130 527 1166 .·
548 1103 602 1167 red
609 1102 795 1185 inteilipendo
811 1102 988 1185 quidditates
1002 1100 1155 1183 simpliter,
1167 1106 1202 1161 ut
1216 1097 1322 1160 tiano

218 1215 391 1296 9metaplr,
406 1236 465 1277 nan
478 1222 522 1278 est
529 1214 671 1298 saloim,-
694 1215 764 1296 quia
782 1213 830 1276 oel
852 1213 982 1276 totaliter
1004 1234 1062 1275 non
1084 1212 1278 1293 attinquntur,
1294 1215 1323 1269 et

219 1323 295 1385 nihil
307 1324 494 1407 inteilipiome
508 1324 543 1387 de
557 1326 608 1403 eir,
622 1324 670 1387 oet
686 1332 898 1406 copnooountur
919 1331 954 1386 ut
972 1331 1049 1386 nott.
1097 1322 1148 1385 sie
1167 1321 1258 1403 opino
1267 1339 1324 1401 per

219 1458 251 1499 re
264 1457 322 1498 non
331 1444 431 1518 pateat
443 1457 505 1499 eree
511 1435 644 1519 falsitas,
664 1443 717 1498 aut
736 1457 830 1513 error,
845 1443 897 1498 aut
919 1435 1046 1517 deceptio
1061 1436 1093 1497 in
1106 1432 1253 1496 intetbeotu
1268 1430 1324 1494 oli·

219 1549 302 1610 cuiue
316 1547 422 1631 oapeli,
435 1546 489 1610 red
497 1569 554 1631 per
571 1547 703 1609 aoridem
723 1548 886 1629 eontinpit3
909 1546 968 1609 atio
983 1554 1080 1608 tamen
1094 1544 1176 1607 modo
1191 1565 1278 1625 qiearn
1292 1543 1324 1603 in

222 1660 313 1722 nohis.
357 1659 439 1722 Nam
453 1680 506 1722 noo
519 1658 711 1741 componendo
722 1665 752 1722 et
761 1658 913 1721 dividendo
922 1658 1093 1740 quandoque
1101 1656 1141 1719 ad
1148 1654 1324 1719 intellectum

222 1771 395 1853 quiddr'tatie
402 1771 596 1853 perveniam,
610 1771 687 1832 riona
701 1791 790 1851 qrrum
808 1769 960 1831 dividenda
975 1776 1005 1831 et
1019 1766 1239 1831 demorntraado
1254 1765 1324 1848 defi-

222 1884 360 1945 nitionem
385 1883 598 1965 inoestipamue.
646 1880 733 1954 Quod
750 1880 865 1963 quidem
890 1883 921 1942 in
946 1880 1057 1963 anpelie
1079 1901 1138 1941 uon
1163 1879 1324 1961 oontiapit,·

221 1994 275 2057 aed
281 2016 338 2076 pu
351 1993 430 2076 quod
441 1993 515 2076 quid
526 2000 570 2055 eet
591 1994 635 2055 rei
654 1999 830 2075 oopnooermt
848 2014 945 2055 omnes
964 1991 1179 2054 enunoiotionee
1192 1988 1233 2051 ad
1245 1988 1326 2051 ittam

222 2126 284 2166 rem
291 2105 481 2187 pertinentes.
526 2101 723 2185 Maniseotum
737 2110 781 2165 eet
795 2110 902 2180 autern,
919 2102 998 2185 quod
1015 2102 1162 2185 quidditae
1176 2102 1219 2165 rei
1230 2108 1327 2184 potest

225 2237 285 2278 esee
293 2216 471 2298 principium
485 2213 673 2296 capnos'oendi
691 2221 823 2296 reepeotu
836 2235 944 2290 eorum,
960 2236 1024 2297 qua
1036 2212 1212 2276 notrooliter
1226 2234 1327 2275 oenoe·

224 2327 310 2388 aiunt
321 2327 375 2396 rei,
388 2324 436 2388 oet
448 2326 485 2387 ab
500 2346 534 2386 ea
547 2332 739 2400 removentur,
760 2346 820 2385 noa
840 2332 936 2387 andem
950 2346 1063 2401 eorum,
1078 2347 1141 2407 que
1155 2347 1174 2387 a
1187 2346 1326 2406 oeperun-

223 2438 317 2502 turati
339 2438 400 2500 Dei
421 2436 604 2500 ordinatiore
620 2435 789 2518 deperderet.
843 2435 953 2519 Aaqett
975 2437 1068 2520 ipitur
1090 2436 1166 2514 boni,
1191 2435 1328 2499 noento

223 2558 336 2613 rectam
348 2548 536 2625 uoluntatem,
546 2569 604 2630 per
617 2549 809 2630 monitionem
823 2549 996 2630 quidditotis
1013 2550 1058 2610 rei
1075 2570 1134 2610 non
1148 2547 1279 2610 iudicant
1293 2547 1328 2608 de

225 2665 281 2739 trie,
298 2683 361 2744 qua
377 2659 640 2743 eupematuratiter
659 2660 700 2723 ad
716 2682 777 2722 rem
790 2662 950 2743 pertinent,
972 2662 1030 2722 nisi
1048 2660 1129 2723 salua
1149 2660 1328 2722 ordinatione

227 2773 334 2836 divina.
384 2771 465 2834 Unde
479 2773 509 2833 in
524 2773 565 2835 eie
578 2793 638 2833 non
651 2778 751 2854 potert
765 2793 826 2834 esee
835 2771 959 2854 sanitae
973 2779 1026 2834 aut
1040 2793 1130 2834 error.
1176 2772 1329 2833 Demonee

227 2906 294 2947 vero
313 2905 371 2967 per
393 2883 569 2946 uoluntatem
587 2903 757 2965 pmerram
781 2883 969 2960 subducentes
992 2882 1168 2946 intellectum
1188 2903 1208 2944 a
1230 2882 1328 2945 diuino

227 2997 381 3078 rapientia,
405 2994 535 3058 abwlute
557 2995 703 3057 interdum
725 2995 857 3058 iudicant
877 2995 1031 3058 seeundum
1048 2995 1211 3058 naturalem
1233 2993 1330 3056 eondi-

225 3109 345 3170 tionem.
390 3107 436 3169 Et
452 3107 486 3169 in
499 3108 561 3184 tris,
584 3128 648 3188 qua
669 3106 847 3169 naturaliter
869 3107 988 3169 adrem
1006 3109 1166 3190 pertinent,
1181 3128 1239 3169 non
1254 3105 1329 3168 deoi-

225 3221 371 3300 piantur:
398 3217 450 3280 sed
469 3216 564 3300 decipi
578 3226 706 3299 puerunt
727 3225 869 3299 pronaum
891 3218 931 3280 ad
949 3240 993 3296 ea,
1016 3240 1079 3300 quo
1096 3217 1330 3301 supernaturalia

229 3337 299 3392 eunt
309 3356 318 3391 .·
339 3330 417 3392 eierat
427 3329 653 3392 eioonoiderane
663 3329 805 3391 nominem
815 3337 969 3404 mortuum,
978 3329 1085 3393 iudicet
1095 3352 1159 3392 eum
1167 3351 1225 3392 non
1233 3349 1329 3391 rerur-

218 3448 385 3515 recturum,
394 3446 423 3501 et
430 3439 458 3500 ri
466 3439 567 3501 oideno
576 3439 718 3501 hominem
730 3439 890 3516 Christum,
902 3440 1010 3502 iudicet
1017 3461 1081 3503 eum
1089 3463 1147 3504 non
1155 3463 1216 3504 eree
1224 3441 1330 3503 Deum.

275 3547 364 3612 Circa
378 3569 446 3632 quoe
461 3547 551 3612 verbu
564 3556 689 3612 notetur
706 3551 739 3611 1⁰
756 3548 838 3633 quod
861 3548 1014 3614 distinctio
1024 3551 1214 3635 'augelorum
1237 3550 1331 3615 bono·

230 3682 299 3721 rum
322 3681 341 3721 u
362 3658 552 3722 doemonibus
573 3681 637 3722 non
659 3681 695 3722 ex
717 3669 836 3738 natura,
860 3661 913 3726 sed
938 3683 975 3725 ex
996 3663 1153 3727 voluntate
1181 3672 1247 3727 orta
1275 3672 1331 3727 est.

233 3770 335 3844 Quare
357 3778 468 3834 natura
493 3769 630 3854 angelica
655 3771 896 3854 (praeseindendo
918 3795 936 3836 a
957 3773 1123 3858 privilegiis
1145 3777 1262 3860 gratiae)
1287 3784 1333 3838 est

231 3881 325 3945 errori
340 3879 479 3959 obnoxiu,
495 3881 602 3946 saltem
614 3904 668 3965 per
678 3882 827 3960 accidens,
843 3883 921 3948 sieut
936 3894 967 3948 et
981 3885 1153 3950 intellectus
1168 3887 1334 3964 humanus3

226 3994 269 4054 ⁴2⁰
283 3991 367 4076 quod
380 3991 540 4056 limitanda
555 3991 725 4057 ridetur-ex
739 4017 831 4078 supra
847 3995 935 4059 dietis
952 3998 1116 4080 propositio
1131 4020 1267 4062 asserens
1282 4021 1335 4062 aa·

229 4103 312 4185 petor
327 4124 385 4186 per
400 4103 478 4185 qnod
491 4104 620 4185 quidest
633 4106 677 4166 rei
692 4126 862 4188 oopnoseere
883 4127 996 4170 onnus
1012 4129 1283 4173 auuncumouas
1298 4113 1338 4174 ad

232 4214 315 4276 illam
326 4235 387 4302 rern
389 4215 583 4296 pertinenter:
600 4224 631 4278 et
640 4214 693 4278 illa
704 4215 775 4280 aliu:
798 4217 1336 4306 Intiiequanoturaliteradremper-

234 4327 336 4401 tinent,
347 4324 596 4407 nandeoipiuntur
604 4350 613 4401 3
630 4347 725 4410 quum
735 4327 821 4391 nulla
833 4329 873 4391 sit
884 4331 1046 4394 necessitas
1056 4330 1209 4395 tribuendi
1219 4342 1336 4395 naturae
