3200 4975
276 381 343 444 294
670 402 712 446 nr
727 402 983 447 sco1nunu1sus.
1252 378 1340 465 [oar.
1357 398 1381 442 1.

276 574 452 659 conspirent
474 575 506 638 iu
530 576 682 640 unitatem
705 575 894 640 substantiae.
940 570 1024 659 Ergo
1047 573 1232 659 conspiratio
1256 573 1320 637 lucc
1341 570 1382 636 ad

273 684 536 750 coinexistendum
566 706 632 751 non
660 695 708 751 est
736 685 887 765 accidens,
917 686 971 750 sed
1000 685 1186 750 attributum
1220 680 1381 748 essentiale

274 795 418 861 clementi
434 796 608 877 materialis,
623 807 654 861 et
669 796 855 882 principium
875 796 1002 861 formale
1022 796 1151 861 unitatis
1171 795 1381 861 substantialis

274 908 399 993 inipso.
443 908 485 972 ln
500 917 652 994 quatenus
666 909 732 973 hae
745 906 930 993 conspiratio
950 908 990 973 ad
1010 907 1259 973 constituendum
1282 928 1380 971 unum

273 1040 329 1083 cns
351 1018 552 1085 substantiale
574 1018 749 1085 absolutum
771 1029 818 1084 est
840 1020 1038 1086 constitutiva
1061 1019 1203 1105 principii
1229 1018 1319 1085 activi
1339 1019 1380 1083 ad

273 1139 358 1196 extra
371 1140 403 1196 et
417 1132 529 1217 passivi
543 1132 581 1197 ab
596 1140 691 1213 extra,
703 1132 778 1197 dicit
792 1132 1027 1217 possibilitatem
1042 1131 1171 1196 unitatis
1186 1128 1380 1195 accidentalis

272 1252 303 1307 et
318 1244 449 1309 relativae
463 1266 535 1309 cum
549 1245 616 1309 aliis
635 1245 760 1309 entibus
780 1244 1034 1310 substantialibus
1055 1243 1224 1309 secundum
1246 1242 1379 1305 rationes

272 1356 478 1441 quendeitetis
511 1368 543 1422 et
577 1357 768 1422 ubieationis.
823 1356 905 1433 Quia
938 1377 1010 1421 vem
1044 1356 1148 1419 unitas
1184 1353 1379 1419 accidentalis

273 1470 419 1554 supponit
442 1468 668 1535 distinctionem
693 1468 936 1549 substantialem,
959 1468 1114 1533 multituda
1137 1466 1378 1545 substantiarum

271 1580 303 1644 in
329 1581 385 1646 tali
408 1582 527 1649 unitate
550 1582 676 1647 habebit
700 1604 732 1646 se
756 1604 811 1667 per
835 1580 960 1646 modum
983 1579 1126 1659 materiae,
1147 1587 1179 1643 et
1201 1580 1379 1663 cornpirotio

270 1714 375 1758 mrum
386 1694 420 1758 iu
431 1717 529 1759 unum
543 1694 712 1759 secundum
728 1696 861 1758 rationes
875 1690 1035 1777 praedictas
1051 1714 1105 1777 per
1120 1691 1247 1755 modum
1261 1691 1377 1755 formae.

314 1808 345 1869 8.
368 1805 477 1892 Itaque
490 1807 524 1871 in
539 1807 631 1872 unico
645 1806 796 1871 elemento
816 1803 950 1870 materiae
973 1804 1121 1868 habemus
1143 1811 1207 1868 tres
1229 1800 1377 1867 terminos

269 1916 371 1981 tribus
384 1918 654 1983 terminationibus
669 1917 801 2003 propriis
816 1916 1007 1996 terminatus,
1022 1936 1134 2000 nempe

317 2032 358 2092 1⁰.
382 2030 530 2109 Formam,
545 2039 582 2094 ut
598 2029 723 2094 dantem
737 2052 804 2093 esse
817 2028 962 2107 materiae,
978 2026 1065 2093 cuius
1084 2026 1260 2091 terminatio
1282 2024 1378 2090 activa

271 2149 318 2205 est
334 2143 448 2224 quondo
464 2140 640 2205 absolutum
656 2150 687 2205 et
700 2141 913 2205 intrinsecum.

313 2256 358 2317 2⁰.
382 2254 548 2317 Materiam
563 2263 598 2317 ut
613 2261 800 2317 actuatama
820 2252 927 2329 forma,
951 2250 1039 2315 cuius
1060 2248 1237 2313 terminatio
1257 2247 1377 2333 passiva

203 2388 212 2457 j
270 2374 316 2429 est
330 2366 381 2428 ubi
395 2364 570 2430 absolutum
585 2375 616 2431 et
631 2361 843 2429 intrinsecum.

312 2477 357 2541 3⁰.
385 2476 534 2543 Unitutem
561 2478 783 2542 ubstantialem
811 2491 849 2540 ex
877 2482 1008 2559 utraque
1041 2470 1253 2551 resultantem,
1286 2469 1376 2536 cuius

268 2588 391 2675 propria
406 2590 579 2655 terminatio
594 2598 641 2654 est
661 2590 846 2676 conspiratio
868 2587 908 2653 ad
929 2584 1192 2652 coiuexistendum
1213 2583 1246 2648 in
1269 2585 1375 2649 eodem

270 2704 385 2787 quanm
400 2711 432 2767 et
445 2705 496 2767 abi
509 2698 668 2768 absolutis.

312 2815 449 2899 Apparet
471 2824 584 2895 autem,
607 2836 727 2898 semper
748 2813 828 2878 idem
849 2811 971 2877 realiter
988 2810 1058 2890 dici,
1075 2809 1137 2874 sive
1152 2791 1236 2873 ilices
1243 2809 1374 2894 fornum

269 2935 337 2992 actu
352 2929 467 2991 dautem
481 2950 541 2991 esse
555 2929 693 3007 materiae,
712 2926 773 2990 sive
795 2925 879 2989 dieas
901 2925 1054 2988 materiam
1073 2929 1224 2986 uetustum
1238 2945 1256 2985 a
1263 2921 1375 3006 forma,

269 3039 331 3103 sive
352 3039 435 3103 dicas
456 3043 598 3104 unitatem
626 3041 795 3103 mistautiae
816 3060 854 3102 ea
875 3047 999 3120 utroque
1027 3035 1233 3112 restitantem
1256 3055 1375 3119 semper

268 3151 350 3215 euim
371 3152 492 3216 realiter
515 3151 694 3234 designatur
716 3149 773 3214 sub
797 3147 924 3213 diversis
947 3145 1125 3210 nominibus
1144 3143 1277 3210 relativis
1292 3145 1373 3209 idem

268 3284 324 3326 ens
338 3263 524 3328 absolutum.
569 3262 643 3326 'l'res
656 3261 702 3326 illi
722 3259 855 3339 termini,
879 3259 991 3345 quibus
1012 3259 1078 3322 iure
1096 3257 1274 3322 nominatur
1294 3256 1376 3321 idem

269 3375 465 3453 elementum,
481 3384 512 3440 et
526 3383 588 3438 tres
603 3373 835 3438 terminationes
849 3372 912 3436 illis
925 3369 1091 3456 respective
1110 3369 1250 3455 propriae,
1265 3386 1375 3454 reprae-

269 3495 392 3550 sentant
401 3509 439 3550 eo
449 3487 540 3552 modo
550 3507 613 3571 quo
623 3495 764 3570 possunt,
779 3484 944 3571 quamdam
959 3481 1196 3568 pulcherrimam
1209 3481 1374 3565 imaginem

267 3598 428 3662 Trinitatis
450 3608 482 3663 et
509 3598 645 3662 Unitatis
669 3597 792 3676 divinae,
813 3595 940 3660 termini
960 3595 1110 3658 Personas
1131 3592 1291 3672 imitando,
1312 3601 1373 3656 ter·

267 3711 451 3776 minutiones
480 3734 550 3775 vero
580 3710 730 3774 imitando
767 3707 1012 3773 Personalitates.
1064 3703 1159 3781 *Quod
1186 3726 1253 3769 'uon
1281 3705 1373 3769 modo

267 3847 331 3890 uon
360 3833 407 3890 est
436 3823 615 3902 absurdum,
646 3821 701 3886 sed
735 3823 828 3885 etiam
858 3819 945 3885 valde
975 3840 1149 3884 consonum
1183 3816 1374 3900 Theologicae

268 3936 423 4016 doctrinae,
440 3933 609 4000 secundum
624 3949 717 4018 quam
730 3933 845 3997 creatio
860 3944 907 3996 est
927 3930 1062 4016 operatio
1084 3932 1181 3994 totius
1203 3929 1372 4008 Trinitatis,

268 4047 439 4132 etquidem
453 4045 617 4110 terminata
632 4044 671 4108 ad
691 4043 838 4108 terminos
860 4042 1026 4106 imitativos
1047 4041 1145 4126 ipsius
1168 4040 1320 4106 Creatoris
1341 4051 1373 4106 et

267 4157 404 4221 idearum
424 4156 668 4242 archetypamm,
684 4153 798 4239 quibus
813 4153 901 4217 Deus
917 4153 999 4218 videt
1013 4174 1121 4216 omnes
1135 4152 1295 4236 possibiles
1310 4172 1372 4218 suae

267 4268 414 4333 realitatis
427 4266 622 4332 imitationes.
668 4266 716 4330 De
732 4288 792 4351 qua
807 4287 839 4330 re
854 4265 971 4350 aliquid
985 4263 1058 4329 alibi
1072 4264 1134 4328 iam
1149 4264 1331 4329 notavimus.

311 4383 342 4442 9.
366 4379 459 4442 Nunc
479 4377 645 4455 videamus,
659 4377 814 4462 quomodo
839 4377 871 4440 iu
893 4375 1037 4461 praedicto
1061 4375 1212 4440 elemento
1239 4375 1373 4442 materiae
