3200 4975
197 349 357 434 cannn]
487 369 552 441 ⁴ns
570 368 774 411 suamaurra
789 366 993 410 sararruanr.
1244 350 1306 411 lll

199 535 338 601 duobus:
370 539 403 598 1ο
432 535 465 597 in
493 534 552 599 hoe
581 534 665 619 quod
691 534 725 598 in
756 534 932 619 passivitate
962 534 1132 599 voluntatis
1161 534 1309 599 habeatur

198 648 325 711 affectus
344 647 531 730 impressusz
554 649 590 710 2⁰
604 646 688 731 quod
703 646 854 725 voluntas,
871 654 906 709 ut
926 645 1125 730 approbativa
1140 654 1197 724 est,
1212 646 1308 711 facili·

199 771 295 823 tatem
319 758 430 822 babeat
453 780 505 822 eos
528 758 656 822 affectus
680 780 849 843 corumque
873 756 988 821 similes
1017 757 1216 842 approbandi.
1260 759 1310 823 Dc

199 870 398 957 impressione
431 870 598 934 affectuum
632 878 752 933 constat
780 890 818 933 ex
848 868 1041 953 supradietis,
1076 892 1143 933 eam
1175 870 1241 934 fleri
1270 870 1309 934 ab

200 982 327 1047 obiectis
355 990 392 1046 ut
420 982 562 1066 cognitis.
608 981 750 1046 Facilitas
773 1004 844 1046 vero
870 981 918 1046 vel
943 980 1101 1045 inclinatio
1132 981 1171 1045 ad
1199 1004 1309 1067 appro-

200 1093 318 1157 bandos
340 1094 477 1172 affectus,
499 1116 553 1157 seu
568 1092 789 1177 quiescendum
804 1093 837 1155 in
852 1092 924 1172 illis,
941 1091 1061 1157 videtur
1076 1092 1208 1176 pendere
1222 1115 1258 1157 ex
1273 1115 1308 1157 eo

199 1203 284 1287 quod
299 1204 470 1268 subiectum
486 1226 540 1288 per
554 1203 771 1290 experientiam
787 1226 893 1267 eorum
915 1204 977 1267 iam
1000 1203 1134 1269 habitam
1151 1212 1182 1267 et
1198 1205 1309 1289 saepius

199 1314 408 1401 approbatam,
420 1316 583 1400 quamdam
597 1316 691 1380 veluti
703 1315 882 1380 affinitatem
898 1337 969 1381 cum
984 1316 1022 1380 iis
1033 1317 1226 1395 contraxerit,
1237 1338 1308 1401 quae

199 1436 287 1492 tanto
302 1428 399 1491 maior
412 1436 443 1491 et
458 1426 596 1492 intimior
614 1428 735 1492 videtur
754 1450 820 1492 esse
843 1426 961 1506 debere,
985 1437 1100 1512 quanto
1122 1427 1309 1512 frequentior

200 1539 261 1604 fuit
275 1538 399 1603 illorum
420 1537 609 1623 approbatio.
654 1538 810 1615 Quaelibet
828 1539 909 1602 enim
925 1546 1036 1602 natura
1050 1538 1088 1601 dc
1102 1559 1138 1602 eo
1153 1537 1211 1602 sibi
1226 1560 1307 1601 corn-

200 1651 309 1735 placet,
335 1649 419 1735 quod
444 1651 503 1714 sibi
529 1652 682 1735 congruit,
709 1660 740 1714 et
766 1659 855 1715 tanto
882 1651 990 1735 magis,
1016 1658 1132 1735 quanto
1162 1650 1307 1715 maiorem

199 1762 293 1827 babet
311 1761 406 1827 huius
428 1762 640 1846 congruentiae
660 1762 888 1846 experientiam.
933 1761 1065 1837 Quando
1079 1783 1153 1845 ergo
1167 1761 1308 1826 voluntas

200 1872 241 1937 ob
254 1872 448 1959 frequentem
466 1873 719 1957 approbationem
738 1872 868 1938 alicuius
881 1874 1008 1937 affectus
1023 1894 1104 1958 saepe
1117 1873 1163 1937 illi
1178 1872 1307 1937 adbaesit

199 1993 232 2049 et
245 1984 279 2047 in
293 2006 329 2047 eo
344 1984 527 2069 conquievit,
543 1967 712 2048 necessario
726 1984 861 2048 multum
884 1984 1013 2049 afficitur
1027 1984 1066 2048 ad
1080 1984 1122 2062 id,
1137 2007 1199 2070 quo
1214 1986 1307 2049 sentit

199 2118 230 2161 se
245 2096 426 2161 contentari.
471 2096 554 2161 Hinc
568 2097 614 2175 fit,
630 2105 667 2160 ut
681 2098 935 2182 quotiescumque
950 2096 1121 2162 subiectum
1138 2098 1252 2181 cogitat
1268 2097 1306 2161 de

199 2206 289 2285 bono,
311 2206 431 2270 facilius
453 2216 591 2272 occurrat
613 2208 759 2292 cogitatio
781 2209 820 2272 de
841 2209 899 2272 hoc
919 2208 1001 2273 bono
1021 2210 1059 2273 ad
1074 2209 1159 2294 quod
1173 2209 1306 2273 multum

201 2318 340 2397 afficitur,
356 2341 450 2403 quam
465 2319 503 2383 de
518 2320 586 2383 aliis
605 2318 695 2383 bonis
717 2320 830 2405 quibus
852 2342 915 2384 non
938 2320 1013 2384 adeo
1035 2328 1194 2405 expertum
1214 2328 1307 2385 estse

199 2429 388 2496 contentariz
412 2430 451 2496 ob
466 2430 632 2496 faciliorem
650 2439 753 2496 autem
772 2432 965 2518 presentiam
980 2432 1074 2497 huius
1088 2430 1161 2497 boni
1176 2432 1209 2498 in
1224 2432 1306 2517 cogi-

199 2541 316 2606 tatione
331 2551 362 2606 et
376 2541 522 2606 maiorem
538 2565 609 2608 cum
623 2565 660 2607 eo
679 2543 768 2628 quasi
788 2543 966 2608 affinitatem
982 2542 1015 2608 in
1030 2544 1150 2622 affectu,
1166 2544 1307 2608 voluntas

196 2651 313 2717 invenit
332 2654 478 2718 maiorem
497 2653 674 2719 facilitatem
696 2655 874 2740 quiescendi
889 2654 1008 2720 inille:
1032 2677 1099 2740 quae
1114 2654 1243 2719 facilitas
1258 2664 1304 2718 est

200 2762 326 2828 habitus
340 2763 519 2829 voluntatis.

240 2873 283 2939 Et
297 2875 341 2939 sic
356 2874 480 2940 habitus
500 2876 720 2941 intellectuales
735 2887 766 2941 et
780 2877 911 2942 morales
934 2899 997 2941 non
1018 2875 1152 2941 resident
1167 2876 1199 2940 in
1215 2876 1305 2940 intel·

197 2984 280 3049 lectu
293 2993 415 3069 agente,
430 3009 487 3052 nec
501 2987 708 3052 involuntate
720 2997 754 3052 ut
768 2989 868 3053 activa
879 2997 936 3067 est,
948 2988 1001 3052 sed
1016 2989 1048 3052 in
1064 2987 1222 3052 intellectu
1237 3010 1305 3072 pas·

199 3096 264 3158 sivo
277 3105 309 3160 et
323 3096 357 3160 in
371 3097 548 3181 passivitate
562 3098 701 3163 affectiva
720 3107 756 3163 ut
778 3099 813 3163 in
834 3099 966 3185 propriis
981 3099 1143 3164 subiectis:
1167 3099 1199 3164 iu
1214 3099 1304 3165 intel-

197 3204 279 3270 lectu
294 3207 424 3290 passive,
439 3208 478 3273 ob
501 3209 628 3272 modum
643 3231 706 3293 quo
721 3233 753 3273 se
767 3211 878 3274 clarius
898 3210 1042 3275 exhibent
1062 3211 1095 3274 in
1115 3231 1151 3274 eo
1165 3209 1304 3295 quaedam
1330 3211 1331 3216 ’

198 3318 312 3400 species
326 3318 498 3402 impressae:
522 3319 554 3382 in
570 3321 744 3403 passivitate
758 3321 906 3401 affectiva,
921 3322 960 3386 ob
976 3322 1120 3386 maiorem
1140 3321 1305 3387 excitabili-

197 3437 293 3492 tatem
308 3430 512 3513 quarumdam
533 3430 730 3495 affectionum
744 3431 778 3495 in
793 3454 829 3496 ea
848 3432 1055 3496 existentium.
1101 3432 1181 3496 Sunt
1200 3443 1304 3496 tamen

197 3539 357 3604 causaliter
371 3539 410 3604 ab
424 3541 585 3605 intellectu
599 3551 709 3626 agente
718 3553 749 3608 et
764 3544 922 3608 voluntate
936 3545 1042 3624 activa,
1052 3544 1125 3630 quia
1139 3556 1304 3608 causantur

197 3672 252 3734 per
266 3660 355 3716 actus
370 3651 571 3716 accidentales
585 3653 761 3718 intellectus
775 3665 807 3719 et
823 3655 999 3720 voluntatis.

240 3764 294 3826 84.
318 3762 475 3840 Quaeritur
490 3763 751 3849 decimoseptimo,
772 3789 812 3829 an
829 3789 927 3850 parata
945 3769 1068 3850 spiritus
1081 3768 1121 3830 ait
1136 3789 1232 3850 capua
1252 3769 1304 3830 ltc-

197 3875 275 3937 tuac
288 3875 477 3939 ceddeatcfia
490 3875 594 3959 inficai,
607 3899 666 3940 cca
679 3879 826 3960 ceqmcti.

241 3985 424 4070 Respondco
449 3986 644 4065 affirmative3
679 4011 751 4052 nam
776 3989 859 4073 quod
885 3990 1065 4056 naturaliter
1089 4002 1120 4057 et
1142 4016 1196 4078 per
1218 4005 1304 4060 actus

197 4097 358 4162 distinctos
372 4097 489 4182 acquiri
505 4106 617 4182 potest,
632 4099 712 4164 illud
726 4102 999 4185 supernaturaliter
1013 4103 1135 4169 infundi
1149 4116 1251 4191 potest
1264 4107 1304 4171 ab

197 4219 320 4274 anctore
339 4219 466 4289 naturae,
487 4211 542 4296 qui
566 4211 686 4276 actione
712 4235 767 4277 sua
792 4214 967 4279 immediata
993 4224 1093 4300 potest
1117 4219 1150 4282 in
1176 4221 1303 4287 instanti

197 4322 362 4404 producere
377 4331 480 4385 motus
494 4333 525 4386 et
540 4323 666 4387 effectus
686 4345 801 4404 omnes,
821 4348 897 4410 quos
916 4329 1081 4394 successive
1102 4343 1205 4396 causat
1228 4356 1302 4418 prae-
