3200 4975
283 356 327 420 86
598 374 641 417 ns
658 372 860 418 anseranum
875 370 1079 416 seraranan.
1241 350 1329 436 [car.
1345 370 1384 415 11.

285 538 414 623 angelus
437 538 626 623 concipiatur
647 537 852 603 intellectivus
871 546 902 601 et
923 542 1143 621 consequenter
1161 557 1218 599 uec
1232 534 1385 613 volitivus,

285 673 341 715 uec
352 650 469 736 aliquid
479 650 574 717 aliud.
620 648 782 727 Quomodo
793 649 875 714 enirn
887 648 1092 733 concipiemus
1104 645 1386 711 eusintellectivum

285 764 351 827 sine
366 763 396 827 vi
410 763 617 828 intellectiva?
641 771 695 827 aut
709 772 812 827 actum
830 760 1079 839 intellectualem,
1092 760 1157 846 qui,
1171 782 1208 824 eo
1222 760 1290 846 ipso
1304 759 1387 846 quod

285 885 341 954 est,
357 897 419 939 nou
441 875 481 939 sit
495 875 541 941 vis
562 874 802 939 intellectualis?
830 873 887 937 Vis
907 872 990 937 enim
1012 871 1087 937 dicit
1108 882 1211 937 actum
1233 871 1385 956 primum:

286 995 317 1051 et
331 996 417 1051 actus
431 987 550 1072 primus
565 1008 598 1051 se
612 986 704 1051 habet
723 986 763 1051 ad
785 984 953 1050 secundum
974 984 1054 1049 sicut
1073 984 1244 1049 substantia
1257 984 1296 1049 ad
1310 985 1388 1049 acci·

286 1097 373 1162 deus.
417 1099 501 1183 Ergo
515 1098 561 1163 vis
580 1097 764 1163 intellectiva
786 1097 893 1182 nequit
915 1118 982 1161 esse
1002 1096 1152 1175 accidens,
1172 1119 1209 1161 eo
1223 1097 1290 1182 ipso
1304 1095 1388 1182 quod

287 1220 334 1274 est
362 1219 449 1275 actus
478 1211 595 1295 primus
624 1209 841 1274 intellectionis
869 1207 1072 1274 accidentalis.
1116 1211 1161 1274 2⁰.
1184 1208 1230 1272 nx
1254 1208 1325 1293 ipso
1354 1209 1387 1273 S.

287 1320 404 1387 Thoma
418 1323 520 1405 fornia
541 1330 585 1387 est
606 1344 663 1406 quo
685 1344 774 1405 apuu
795 1322 869 1405 cpit.
915 1319 976 1385 Sed
1004 1320 1190 1386 intellectiva
1217 1320 1389 1385 substantia

286 1434 433 1519 intelligit
448 1435 577 1520 pervim
599 1433 834 1511 intellectivam
857 1454 930 1517 ergo
951 1432 996 1497 vis
1017 1432 1202 1497 intellectiva
1222 1442 1270 1497 est
1291 1434 1389 1498 forma

288 1545 354 1630 ipsa
373 1545 584 1631 intelligentis.
628 1544 743 1610 Verum
763 1554 811 1610 est
829 1544 912 1630 quod
925 1544 1107 1609 vocabulum
1118 1545 1226 1630 scrmoe
1244 1555 1389 1610 connotat

288 1668 391 1722 actum
415 1658 646 1723 substantialem
669 1657 892 1723 consideratum
916 1656 1054 1721 absolute
1073 1666 1105 1721 et
1124 1657 1156 1720 in
1179 1658 1287 1742 seipso,
1302 1679 1390 1721 voca·

288 1769 399 1835 bulum
413 1793 483 1836 vero
502 1774 546 1835 oia
565 1769 712 1854 accipitur
733 1768 855 1834 relative
876 1790 947 1833 cum
969 1768 1184 1833 connotatione
1205 1779 1291 1834 actus
1313 1770 1391 1833 acci-

289 1881 421 1947 dentalis
441 1881 595 1966 punibilis.
641 1880 703 1945 Sed
717 1880 782 1945 hec
803 1879 920 1945 diversa
939 1879 1145 1945 denominatio
1163 1903 1226 1945 uon
1245 1881 1391 1966 importat

290 1992 442 2057 diversum
465 1993 659 2079 principium,
680 2014 777 2077 quum
799 1992 984 2077 principium
1005 1993 1125 2057 msendi
1144 1993 1185 2058 sit
1206 1992 1389 2078 principium

290 2102 445 2187 operandi,
460 2113 491 2169 et
510 2126 600 2169 omne
620 2125 714 2187 agens
736 2112 807 2186 agat
826 2103 860 2167 in
879 2112 1029 2189 quantum
1043 2104 1137 2168 estin
1152 2114 1232 2170 actu.
1275 2104 1391 2168 Verum

291 2224 339 2279 est
349 2218 451 2293 etiam,
463 2216 547 2301 quod
555 2217 659 2299 sorano
673 2213 747 2279 dicit
758 2222 881 2279 tautum
892 2223 994 2280 actum
1005 2216 1139 2300 primum
1151 2216 1393 2303 metaphysicum

292 2326 481 2405 substantiae,
498 2326 572 2392 dum
588 2336 694 2391 contra
713 2329 758 2391 oia
781 2326 856 2390 dicit
878 2337 981 2393 actum
1003 2327 1166 2413 physicum
1185 2329 1219 2392 in
1233 2351 1266 2393 se
1280 2330 1394 2394 consti·

292 2446 396 2504 tutum
412 2461 482 2504 cum
497 2461 553 2504 sua
566 2437 741 2525 passivitate
755 2437 938 2503 intellectiva
952 2447 983 2504 et
994 2448 1030 2503 ut
1043 2438 1264 2505 terminabilem
1280 2439 1320 2504 ad
1332 2448 1393 2505 ter-

293 2551 412 2616 minum
436 2552 662 2617 accidentulem.
707 2550 769 2615 Sed
788 2551 857 2616 hac
875 2551 973 2617 forma
991 2561 1022 2616 et
1036 2553 1101 2617 haec
1113 2553 1160 2617 vis
1179 2563 1253 2618 sunt
1266 2553 1346 2618 idem
1361 2554 1394 2617 in

295 2663 400 2730 ordine
418 2665 491 2729 reali
509 2664 645 2752 physico,
666 2663 736 2729 licet
760 2663 991 2748 distinguantur
1013 2665 1182 2730 secundum
1206 2666 1397 2751 praecisiones

295 2776 536 2863 metaphysicas3
559 2776 631 2861 quia
660 2775 777 2840 realiter
806 2775 905 2839 forma
932 2798 996 2841 non
1024 2784 1071 2841 est
1098 2777 1214 2863 aliquid
1239 2778 1395 2842 interum

295 2898 405 2954 natura
419 2889 478 2954 nisi
494 2897 529 2954 ut
543 2899 590 2953 est
605 2888 768 2953 terminata
782 2897 854 2951 actu
869 2910 925 2952 suo
940 2889 1088 2954 termino:
1111 2899 1143 2954 et
1158 2891 1201 2954 sic
1224 2891 1322 2956 dicere
1336 2891 1397 2955 for·
1440 2881 1454 2909 ’

297 3025 378 3067 mam
401 3002 525 3089 physice
547 3000 764 3066 subsistentem
787 3010 835 3065 est
856 3000 955 3066 dicere
975 3002 1074 3086 ipsam
1095 3002 1298 3068 substantiam
1317 3005 1350 3068 in
1366 3027 1399 3068 se

297 3115 506 3192 constitutam,
522 3122 557 3178 ut
572 3112 735 3178 habentem
755 3135 821 3177 esse
835 3135 853 3178 a
866 3113 964 3179 forma
984 3123 1140 3200 tamquam
1160 3115 1199 3180 ab
1218 3125 1289 3181 actu
1302 3124 1398 3181 meta·

298 3225 434 3312 physico.
481 3224 660 3290 Substantia
680 3233 781 3289 autem
803 3224 841 3289 ab
855 3247 892 3290 eo
906 3225 999 3290 habet
1019 3249 1107 3310 agere
1120 3226 1154 3291 iu
1168 3238 1239 3292 actu
1256 3227 1365 3312 primo,
1382 3251 1399 3291 a

274 3421 276 3428 Ι
300 3358 361 3420 quo
371 3335 463 3401 babet
478 3357 561 3400 esse:
584 3346 615 3400 et
630 3336 684 3414 sic,
699 3336 772 3420 quia
790 3334 883 3400 habet
897 3357 963 3400 esse
977 3357 995 3400 a
1008 3337 1115 3416 forma,
1131 3336 1290 3402 abeodem
1308 3338 1399 3402 habet

300 3470 389 3532 agere
403 3448 436 3512 in
451 3461 521 3512 actu
535 3447 644 3532 primo.
691 3446 751 3511 Sed
765 3448 895 3530 agereiu
909 3457 980 3512 actu
993 3449 1093 3532 primo
1106 3459 1153 3514 est
1168 3450 1234 3534 ipsa
1244 3452 1290 3516 vis
1304 3451 1401 3516 activa

301 3568 406 3644 parata
420 3559 460 3623 ad
474 3559 638 3644 agendum.
684 3558 767 3643 llrgo
786 3558 894 3637 forma,
909 3582 977 3644 quae
992 3561 1045 3624 dat
1059 3583 1124 3626 esse
1144 3561 1331 3642 substantiae,
1348 3564 1401 3627 dat

302 3672 363 3735 vim
383 3671 511 3735 activam
531 3670 592 3755 ipsi
613 3669 807 3735 substantiae:
830 3691 904 3754 ergo
925 3669 1097 3736 substantia
1115 3693 1151 3736 eo
1165 3673 1232 3757 ipso
1246 3674 1329 3758 quod
1343 3684 1400 3754 est,

303 3792 349 3848 est
363 3785 409 3848 vis
423 3783 529 3861 activa,
550 3780 625 3866 quin
647 3780 763 3865 aliquid
785 3780 832 3845 illi
854 3782 995 3846 adveniat
1017 3806 1071 3868 per
1096 3783 1222 3849 modum
1246 3784 1402 3871 qualitatis

303 3894 512 3965 accidentalis,
550 3897 594 3958 3⁰.
618 3893 756 3957 Primum
778 3893 861 3977 quod
884 3894 993 3958 accidit
1016 3894 1194 3960 substantiae
1216 3918 1279 3961 non
1302 3905 1402 3982 potest

303 4025 368 4073 esse
394 4007 534 4093 qualitas,
561 4028 617 4070 nec
640 4003 754 4090 aliquid
778 4027 833 4089 per
856 4005 981 4071 modum
1005 4007 1126 4072 virtutis
1148 4007 1261 4073 activae.
1306 4010 1409 4094 Atqui

303 4121 399 4184 virtus
417 4117 619 4202 intelligendi,
643 4118 668 4181 si
694 4118 848 4182 adveniret
871 4117 1058 4197 substantiae,
1078 4128 1110 4182 et
1125 4120 1158 4184 in
1172 4142 1208 4184 ea
1221 4122 1405 4206 reciperetur

303 4241 340 4296 ut
354 4231 494 4316 qualitas,
510 4239 589 4294 esset
603 4229 736 4313 primum
753 4227 836 4312 quod
849 4227 894 4292 illi
909 4229 1073 4294 adveniret.
1117 4231 1201 4315 Ergo
1212 4231 1404 4297 nullomodo

304 4342 412 4410 accidit
433 4341 613 4406 substantiae
633 4341 762 4425 recipere
782 4340 874 4404 talem
890 4341 1032 4405 virtutem
1053 4341 1255 4427 intelligendi.
1300 4344 1407 4409 Minor·
