3200 4975
259 356 302 417 38
574 375 616 417 na
634 376 834 419 suaeraurra
850 375 1049 419 srrarroacr.
1219 352 1304 437 [car.
1320 373 1360 415 11.

261 560 326 601 esse
337 536 516 623 qualitatem
531 536 757 603 accidentalem.
788 538 1219 623 Dicooirtutemprimitioom3
1240 535 1364 602 evidens

262 648 345 713 enim
371 657 427 727 est,
451 647 586 728 habitus,
615 648 669 733 qui
698 649 907 734 acquiruntur,
937 672 1003 715 esse
1031 648 1197 736 quamdam
1220 649 1363 713 virtutem

263 769 381 825 naturae
401 759 629 846 superadditam
655 762 899 855 accidentaliter:
921 771 953 828 et
967 761 1036 828 dico
1056 765 1089 826 ia
1109 762 1275 826 adstantia
1295 762 1365 827 um·

258 874 334 958 plici
342 900 352 951 ;
384 874 458 960 quia
477 873 511 938 in
525 874 694 960 composita
707 875 838 941 habetur
856 876 953 941 virtus
968 874 1193 941 accidentaliter
1213 872 1366 938 resultans

264 1006 301 1050 ex
310 984 420 1049 virium
435 986 663 1071 compositione.
709 988 753 1054 6⁰.
780 986 958 1073 specialiter
972 986 1172 1072 respondetur
1186 992 1367 1071 argumento

268 1099 300 1164 S.
324 1099 458 1179 Thomu,
474 1099 668 1165 concedendo
690 1098 901 1182 libentissime,
926 1101 1055 1166 formam
1078 1100 1164 1165 illam
1187 1106 1366 1183 separaum,

266 1232 333 1295 quae
356 1218 403 1275 est
426 1210 565 1295 angelus,
589 1210 655 1275 fieri
679 1211 851 1278 subiectum
879 1211 1102 1291 accidentium
1130 1211 1189 1275 hoo
1211 1209 1295 1300 enim
1319 1230 1367 1273 rc·

267 1322 361 1387 sultat
375 1344 412 1387 ex
431 1345 467 1387 eo
490 1323 573 1409 quod
594 1323 705 1389 habeat
727 1323 895 1389 terminum
915 1323 1123 1409 potentialem,
1136 1323 1171 1387 in
1184 1343 1247 1408 quo
1260 1320 1368 1406 recipit

268 1432 479 1519 impressiones
505 1434 723 1515 accidentales;
747 1435 800 1499 sed
826 1437 968 1520 negando
991 1458 1056 1500 esse
1077 1433 1201 1520 aliquod
1220 1432 1369 1512 occidens,

268 1546 347 1629 quod
368 1554 561 1630 consequatur
579 1547 720 1630 specium
752 1568 824 1611 nam
850 1546 934 1631 quod
956 1551 1152 1631 consequitur
1171 1536 1302 1631 speciem
1322 1552 1369 1608 est

263 1657 427 1741 proprium,
460 1656 543 1741 quod
572 1665 619 1722 est
650 1664 794 1743 quartum
813 1657 1015 1723 universale:
1054 1656 1193 1722 accidens
1222 1677 1294 1721 vero
1323 1665 1370 1719 eat

268 1766 424 1851 quintum.
467 1767 509 1831 Et
523 1767 581 1832 hoc
603 1766 716 1851 ipsum,
739 1767 824 1852 quod
844 1788 988 1833 vocamus
1003 1770 1169 1852 proprium,
1188 1788 1252 1831 non
1266 1788 1371 1831 conse-

269 1877 374 1961 quitur
403 1876 534 1961 specicm
563 1876 697 1963 physice,
727 1876 781 1942 sed
809 1878 1033 1964 metaphysice3
1056 1876 1089 1941 id
1112 1884 1159 1941 est
1181 1877 1308 1941 resultat
1335 1898 1372 1941 ex

270 1988 450 2053 necessitate
461 1984 609 2067 essentiae,
625 1989 701 2074 quin
716 1988 832 2075 aliquid
846 1990 1065 2055 noviaddatur.
1113 1994 1157 2055 7⁰.
1172 1989 1324 2074 Denique,
1334 2011 1372 2052 uc

271 2100 339 2183 quis
354 2098 481 2185 accipiat
496 2099 684 2165 difficultatis
699 2102 887 2166 occasionem
902 2122 938 2169 ex
951 2102 1019 2181 hoc,
1034 2102 1119 2187 quod
1128 2101 1224 2165 nctus
1238 2100 1372 2164 intellec,

272 2211 334 2274 tiva
358 2210 431 2275 dicit
454 2210 633 2295 potentiam,
664 2220 695 2276 et
719 2211 890 2276 substantia
913 2212 1128 2277 intellectualis
1153 2212 1227 2276 dicit
1252 2202 1374 2289 actum3

244 2404 251 2421 .
272 2331 358 2384 actus
369 2330 472 2384 autem
484 2329 515 2384 et
525 2321 662 2405 potentia
673 2322 793 2386 realiter
805 2322 1059 2406 distinguuntur3
1079 2323 1306 2387 admonendum
1316 2330 1374 2401 est,

273 2432 355 2519 quod
377 2431 482 2497 eadem
504 2432 628 2514 entitas,
650 2455 727 2518 quae,
751 2441 885 2518 spectata
907 2434 939 2498 in
961 2434 1067 2501 ordine
1092 2434 1241 2515 absoluto,
1263 2433 1377 2499 dicitur

272 2547 447 2625 archotamia,
463 2554 598 2629 spectata
612 2545 645 2609 in
660 2545 766 2610 ordine
777 2546 903 2612 relativo
912 2547 1025 2612 dicitur
1035 2557 1161 2612 nutura:
1188 2557 1219 2612 et
1235 2549 1279 2612 sic
1293 2547 1376 2632 quod

273 2657 305 2721 in
321 2655 428 2721 ordine
442 2655 582 2721 absoluto
596 2665 721 2722 vocatur
739 2666 827 2722 actus
847 2656 1065 2736 substantialis,
1081 2658 1115 2722 in
1128 2659 1234 2722 ordine
1253 2658 1377 2722 relativo

275 2775 398 2832 vocatur
414 2767 457 2831 vis
466 2767 628 2852 operativa.
672 2767 713 2831 Et
728 2768 811 2852 quia,
826 2776 862 2832 ut
876 2789 956 2853 saepe
974 2769 1116 2847 diximus,
1136 2769 1378 2854 unumquodque

275 2878 340 2964 agit
362 2879 530 2943 secundum
554 2879 637 2964 quod
659 2891 706 2943 est
727 2879 761 2944 in
782 2890 864 2959 actu,
887 2881 982 2946 virtus
1005 2881 1101 2946 activa
1122 2904 1185 2945 non
1207 2880 1378 2945 aliudesse

275 3000 376 3076 potest
391 2991 449 3055 nisi
464 2991 529 3075 ipse
547 3001 633 3055 actus
656 2990 863 3057 substantialis
885 2992 1093 3057 consideratus
1115 2993 1173 3057 sub
1195 2993 1378 3058 formalitate

276 3103 428 3168 ulterioris
444 3101 710 3167 terminabilitatic.
755 3103 835 3167 Vide
849 3127 941 3188 supra
955 3127 987 3167 n.
1003 3106 1055 3167 30.

320 3217 374 3278 33.
398 3213 656 3292 Fundamentum,
675 3236 736 3298 quo
753 3215 785 3280 S.
801 3215 934 3280 Thomas
953 3215 1064 3280 nititur
1081 3215 1150 3297 (loc.
1166 3216 1218 3281 cit.
1234 3217 1267 3280 in
1282 3218 1377 3300 corp.)

276 3336 322 3390 est
344 3325 538 3389 huiusmodi:
565 3326 661 3398 Quum
677 3328 814 3409 potentin
835 3327 952 3391 dicmur
970 3327 1012 3390 ud
1028 3335 1135 3406 actum,
1158 3337 1283 3411 oportet,
1304 3329 1383 3412 quod

278 3438 435 3502 secondum
455 3438 651 3501 diversitatem
666 3446 783 3500 actuum
796 3439 838 3501 eit
852 3439 1005 3502 diversitos
1018 3442 1240 3521 potentiorum.-
1257 3449 1382 3524 propter

279 3549 358 3632 quod
370 3549 478 3611 dicitur
492 3549 719 3632 quodproprius
738 3557 821 3612 octus
839 3549 991 3633 respondet
1006 3553 1137 3634 propria
1149 3554 1298 3635 potentio.
1343 3553 1382 3617 Io

281 3663 359 3724 omni
380 3668 477 3724 cotem
499 3668 596 3740 creato
619 3661 743 3724 caecatio
765 3661 866 3744 differt
879 3663 922 3724 'ab
939 3663 1001 3725 eius
1014 3684 1085 3740 cccc,
1101 3671 1130 3726 et
1144 3673 1331 3747 comparatur
1344 3665 1385 3728 ud

271 3774 375 3858 ¹ipsum
394 3774 470 3836 sicut
488 3773 623 3853 potentio
647 3770 688 3834 ud
709 3778 815 3852 actum,
838 3779 873 3835 ut
895 3795 932 3836 er
954 3774 1130 3857 supradictis
1145 3783 1241 3858 putet.
1288 3777 1384 3840 Actus

282 3892 388 3961 autem,
404 3861 541 3965 adquam
560 3889 746 3965 comparetur
762 3884 899 3966 potentio
922 3886 1081 3968 operativa,
1101 3894 1145 3949 ert
1161 3889 1301 3970 operatio.
1345 3888 1385 3950 In

283 3995 384 4078 rupelo
408 4002 505 4057 autem
527 4015 585 4056 non
611 4001 662 4057 eet.
679 3993 754 4056 idem
783 3995 944 4078 intellioerc
966 4005 996 4060 et
1018 4019 1079 4060 csse
1086 4022 1096 4074 3
1126 3999 1302 4081 occulique
1324 4000 1385 4062 alia

283 4108 425 4189 operatio,
440 4113 492 4169 out
502 4106 534 4167 in
549 4107 621 4188 ipso,
637 4113 689 4168 out
704 4106 736 4167 io
756 4127 933 4188 quocumque
955 4108 1014 4170 alio
1036 4116 1143 4187 creato,
1164 4117 1207 4172 est
1221 4110 1296 4174 idem
1308 4113 1389 4196 qaod

284 4219 345 4280 cius
359 4239 428 4280 csse.
479 4216 694 4278 Undccseeotiu
709 4217 876 4298 appelleon
894 4226 938 4280 est
957 4220 1019 4280 eius
1034 4221 1169 4301 potentia
1191 4222 1385 4309 intellectiva:

273 4351 336 4404 ‚aec
359 4309 483 4389 alicuius
507 4329 597 4390 crecti
626 4328 748 4389 essentia
771 4335 815 4390 est
839 4328 900 4390 ciacc
929 4330 1078 4412 operativa
1101 4334 1247 4412 potentio.
1293 4333 1326 4397 Si
1354 4334 1386 4398 S.
