3200 4975
216 382 291 427 aar.
305 360 348 446 1.]
623 384 667 427 ns
683 384 943 431 accinanrrans.
1257 364 1321 427 30³

214 549 304 615 litate
316 549 473 631 obiectira,
489 570 583 636 qnam
597 552 765 617 extrinsece
779 553 960 632 terminant,
976 552 1145 618 secundum
1160 551 1242 637 quod
1257 551 1324 616 haec

215 660 385 726 virtualiter
399 662 536 726 continet
550 682 657 727 omnes
671 662 787 748 gradus
797 664 935 728 entitati‘s
946 664 1169 748 cognoscibilis,
1181 685 1236 748 per
1244 685 1322 749 quos

216 794 237 836 a
249 771 426 856 cognitione
454 773 547 838 unius
575 775 703 840 extremi
726 774 878 861 perveniri
899 783 1001 861 potest
1020 788 1107 842 motu
1124 773 1323 840 intellectuali

216 882 256 947 ad
271 882 478 967 cognitionem
493 883 628 950 alterius.
710 934 714 944 .

259 994 342 1059 Item
364 992 391 1058 si
412 994 588 1060 intellectus
609 996 648 1060 ab
670 1018 735 1060 uno
755 996 942 1081 intelligibili
957 996 1185 1063 accidentaliter
1199 998 1323 1083 cognito

216 1104 256 1169 ad
269 1105 355 1171 eliud
367 1105 521 1191 procedat,
533 1105 667 1173 mutabit
681 1130 768 1171 snam
783 1107 999 1187 ubioationem,
1023 1117 1054 1173 et
1069 1117 1223 1194 percurret
1246 1130 1323 1193 qno-

217 1216 381 1281 dammodo
394 1217 600 1296 intervallum,
616 1218 698 1304 qnod
714 1226 834 1304 separat
850 1242 947 1284 unum
963 1220 1155 1305 intelligibile
1169 1219 1208 1285 ab
1219 1220 1278 1284 alio
1288 1220 1322 1283 in

216 1327 334 1392 ratiom
354 1327 567 1413 intelligibilis,
590 1337 622 1393 et
643 1330 804 1395 constituit
827 1330 1029 1395 differentiam
1053 1331 1145 1395 unius
1175 1330 1212 1394 ab
1242 1330 1321 1395 alio:

216 1462 313 1525 quum
335 1449 438 1504 autem
461 1440 592 1505 babetur
614 1450 728 1521 motus,
743 1465 780 1506 eo
802 1443 869 1528 ipse
884 1442 1016 1508 habetur
1029 1444 1147 1527 quanda
1161 1441 1322 1508 relativum

216 1561 249 1617 et
262 1551 457 1631 accidentale,
471 1560 629 1638 tamquam
644 1554 796 1618 terminus
817 1553 987 1619 durationis
1010 1554 1187 1619 successive
1206 1556 1240 1618 in
1262 1577 1323 1639 qna

219 1664 256 1727 lit
270 1664 329 1728 iste
344 1673 457 1729 motus.
917 1663 921 1671 '
1000 1665 1003 1671 ’

262 1776 370 1840 Motus
391 1776 604 1842 intellectualis
625 1778 661 1841 lit
683 1800 739 1862 per
752 1779 886 1843 rationes
901 1776 1109 1862 intelligibile·
1124 1776 1205 1844 sicut
1220 1784 1323 1841 motus

217 1887 321 1952 localis
334 1911 390 1973 per
410 1888 615 1955 ubicationes:
637 1889 826 1974 imprimitur
847 1889 886 1954 ab
908 1888 1096 1973 intelligibili
1118 1889 1197 1953 sicut
1220 1896 1322 1954 motus

217 2000 321 2064 localis
335 2000 397 2065 avi
413 2001 525 2065 motiva
546 2000 700 2067 materia:
723 2010 770 2065 est
791 2001 889 2065 maior
902 2000 949 2067 vel
971 2001 1072 2066 minor
1093 2009 1185 2085 pmnt
1208 2000 1322 2085 species

216 2110 381 2195 pmicetius
395 2110 442 2174 vel
463 2111 673 2195 imperfectius
694 2111 857 2196 recipitur:
880 2111 973 2176 babet
993 2110 1189 2178 directionem
1204 2111 1244 2177 ad
1267 2111 1322 2176 ob-

216 2222 364 2287 iectuma
385 2244 447 2307 quo
471 2222 668 2308 imprimitur,
684 2223 763 2288 sicut
788 2232 892 2287 motus
910 2222 1016 2287 localis
1039 2223 1074 2286 fit
1094 2223 1128 2287 in
1148 2222 1229 2287 linea
1243 2245 1317 2287 con-

215 2333 365 2418 iungente
378 2356 473 2419 agens
487 2356 557 2398 cnm
571 2334 725 2420 patiente:
749 2333 917 2400 inflectitur
932 2333 970 2398 ab
982 2356 1044 2398 uno
1055 2333 1173 2398 obiecto
1185 2332 1223 2399 ad
1238 2332 1323 2397 aliud

215 2445 242 2509 ai
256 2445 355 2531 magis
369 2444 408 2512 ab
429 2445 487 2511 boo
510 2455 666 2511 moveatur
687 2445 871 2526 intellectus,
887 2468 980 2531 quam
995 2444 1034 2510 ab
1057 2445 1120 2524 illo,
1135 2445 1216 2510 riam
1238 2455 1323 2511 tenet

216 2559 349 2623 mediam
364 2559 391 2623 si
405 2559 443 2623 ab
459 2569 590 2645 utroque
605 2581 691 2644 aeque
706 2567 873 2639 moveatur,
889 2568 946 2624 etc.
963 2558 1131 2623 secundum
1151 2558 1323 2644 analogiam

216 2691 288 2734 oum
301 2669 422 2754 legibus
437 2669 588 2735 similibus
603 2679 743 2735 motuum
753 2670 915 2736 localium:
938 2669 1022 2758 quod
1033 2669 1144 2737 sufficit
1153 2670 1323 2755 generatim

217 2781 389 2860 adnotasse,
403 2804 501 2866 quum
516 2804 580 2845 non
595 2781 730 2846 multum
744 2782 866 2846 intersit
876 2786 907 2845 *.

263 2893 315 2955 18.
339 2892 372 2955 Si
396 2913 467 2956 vero
495 2892 720 2957 consideremus
749 2893 901 2957 unitatem
931 2891 1162 2957 substantialem
1187 2891 1322 2977 spiritus,

252 3054 271 3092 *
287 3051 403 3122 Propter
413 3067 459 3106 eos
471 3049 519 3123 qui
530 3050 661 3122 analogiis
673 3050 850 3120 dalacmnnrr,
863 3050 962 3104 addam
972 3048 1082 3105 brevem
1093 3047 1323 3121 comparationem

217 3135 404 3208 operationum
415 3137 515 3191 mentis
526 3136 562 3191 ad
573 3136 741 3209 operationes
752 3135 851 3209 quihus
863 3135 1050 3191 describuntru
1066 3134 1161 3207 figuras
1180 3134 1210 3188 in
1226 3135 1321 3207 spatio.

218 3223 284 3276 Idea
295 3223 377 3291 enim,
389 3240 444 3295 qun
454 3223 515 3294 quis
527 3232 591 3278 acm
603 3228 757 3295 occupatur,
769 3222 917 3296 comparari
928 3227 1019 3295 potest
1031 3222 1104 3276 linae
1115 3221 1258 3295 descriptae
1275 3239 1324 3294 par

217 3315 324 3363 motum
341 3309 501 3382 impressum
517 3309 548 3364 in
565 3310 711 3382 quamdam
728 3309 915 3379 directionem,
927 3315 959 3364 ut
976 3308 1103 3364 diximus.
1139 3307 1214 3363 Hinc
1228 3326 1322 3380 qnem-

217 3396 365 3452 admodum
383 3415 418 3454 ox
439 3415 551 3453 occursu
571 3397 687 3452 duarum
706 3397 841 3452 linearum
860 3397 889 3451 in
907 3413 1041 3450 comanae
1056 3401 1185 3466 mactum
1203 3394 1324 3450 exoritur

217 3482 406 3539 determinatio
423 3485 515 3555 aaut
525 3484 610 3556 plessai,
623 3483 663 3538 ita
679 3502 715 3539 ex
731 3484 848 3538 duarum
862 3483 984 3538 idearum
996 3481 1185 3538 convenientis
1196 3482 1224 3536 ἐκ
1237 3483 1323 3554 alapae

216 3571 349 3626 comm
357 3570 474 3627 habetur
483 3571 609 3626 iudicium
621 3569 838 3626 determinatum
870 3569 1005 3624 Similiter
1016 3567 1040 3624 si
1051 3567 1089 3622 sit
1100 3568 1181 3638 linea,
1194 3587 1257 3625 cum
1268 3586 1323 3641 qua

217 3658 278 3714 alia
296 3659 358 3714 duoe
375 3658 577 3714 communicent
593 3658 624 3713 in
637 3675 693 3713 uno
705 3657 763 3713 cius
773 3663 885 3730 prmcto,
897 3656 1094 3712 determinatim
1104 3657 1239 3730 capacitas
1251 3657 1322 3712 oola·

217 3744 296 3800 naba
312 3743 432 3800 existens
449 3745 522 3801 inter
537 3745 592 3800 duo
609 3745 691 3818 plana
706 3762 735 3799 se
749 3743 941 3800 intersecantia
949 3763 957 3813 3
976 3747 1005 3797 et
1020 3742 1146 3798 similiter
1156 3743 1180 3798 si
1192 3742 1324 3798 habeatur

216 3850 272 3888 una
282 3832 344 3887 idea
354 3850 419 3888 cnm
429 3849 484 3905 qua
494 3833 556 3888 alia
568 3833 630 3888 dure
645 3831 817 3902 conveniant,
829 3831 945 3886 habetm
960 3829 1140 3886 determinata
1157 3835 1186 3885 st
1200 3829 1323 3902 proxima

216 3921 347 3976 &aaa
362 3920 483 3975 materia
519 3919 587 3974 Idea
602 3919 754 3975 macerata
771 3918 920 3992 comparari
937 3922 1028 3991 potest
1043 3917 1322 3990 lineaeirfim'tae‚.sin·

213 4008 314 4079 palan'a
321 4007 503 4080 lineaeflaita,
510 4007 681 4078 particmc
689 4007 769 4062 lineae
778 4007 926 4078 bcdefins'toe.
962 4005 1007 4060 Ita
1018 4004 1152 4060 iudicium
1171 4003 1322 4060 universale

220 4096 312 4150 &aab
328 4096 404 4149 locro
421 4100 458 4149 eat
475 4094 577 4149 animal
592 4095 720 4149 rationale
732 4093 880 4167 comparari
891 4098 982 4166 potest
993 4093 1093 4165 angulo
1104 4092 1186 4165 plano
1198 4109 1321 4165 compre·

216 4181 302 4236 hanso
313 4181 483 4237 interlineas
493 4181 624 4250 infinitas,
635 4180 769 4236 iudicium
780 4180 917 4252 singulare
934 4180 1029 4234 Patmos
1048 4186 1089 4248 ac·
1107 4179 1208 4233 animal
1226 4179 1323 4234 nobile

216 4267 315 4338 angulo
335 4268 416 4340 plano
434 4267 627 4340 comprehenso
647 4267 720 4322 iuter
738 4266 841 4321 lineam
860 4265 968 4322 finitam
988 4271 1016 4320 ct
1033 4264 1177 4334 infinitam,
1190 4265 1322 4322 iudicium

217 4353 377 4426 particulare
394 4355 512 4426 Aliquod
531 4353 633 4408 amena
649 4359 686 4408 eat
708 4355 812 4407 doctam
833 4353 932 4426 angulo
943 4352 1025 4425 plano
1037 4352 1230 4424 comprehenso
1251 4353 1323 4408 inter
