3200 4975
345 368 412 432 3⁷0
742 388 785 431 os
800 386 1056 433 accrnnnmsus.
1292 365 1383 449 [cnr.
1399 380 1450 424 111.

345 572 381 615 ca
394 558 538 636 quartum
560 572 669 637 genus,
690 550 786 616 immo
807 560 839 617 et
860 553 986 618 tertium
1009 561 1040 617 et
1062 550 1228 617 secundum
1248 550 1365 634 ipsum,
1382 544 1451 631 quia

346 661 485 746 potentia
497 661 595 727 actim
608 672 639 727 et
656 663 775 748 passiva
794 664 828 727 in
847 664 1005 750 spiritibus
1028 662 1182 748 pertinent
1201 662 1241 726 ad
1261 662 1361 747 ipsam
1380 656 1450 721 sub·

346 773 501 853 stantiam,
524 781 556 838 et
577 773 605 838 si
625 773 852 839 accidentaliter
873 774 1087 853 intenduntur,
1105 774 1163 839 hoc
1177 774 1212 836 fit
1228 794 1282 857 per
1296 772 1384 855 ipsos
1398 767 1451 830 ba·

346 882 441 963 bitus,
456 884 510 969 qni
525 892 599 949 sunt
622 884 680 949 sub
700 886 800 969 primo
817 907 938 971 genere.
984 885 1119 950 Habitus
1143 890 1245 949 autem
1266 891 1298 946 et
1320 878 1452 963 disposi-

346 995 446 1059 tiones
459 995 493 1059 iu
508 995 617 1080 spiritu
630 1018 695 1061 non
709 996 863 1061 habentur
877 1018 914 1062 ex
927 996 994 1083 ipsa
1008 1004 1118 1061 natura
1126 1005 1158 1061 et
1166 995 1297 1060 essentia
1310 991 1451 1078 spiritus,

346 1102 401 1167 sed
414 1104 461 1169 vel
474 1106 675 1191 acquiruntur
685 1114 836 1192 peractus
851 1105 1060 1183 accidentales,
1075 1105 1123 1171 vel
1138 1104 1251 1170 dantur
1265 1108 1451 1188 supernatu-

346 1214 450 1280 raliter
464 1238 483 1279 a
495 1215 573 1280 Deo.
619 1215 754 1280 Habitus
769 1216 946 1301 acquisitus,
962 1225 997 1281 ut
1013 1214 1149 1294 scientie,
1167 1213 1293 1279 resultat
1312 1235 1351 1277 ex
1371 1230 1452 1275 nexu

346 1324 479 1411 quodam
494 1340 619 1392 wtunm
634 1326 848 1413 singularium,
870 1327 933 1392 lere
953 1328 1033 1393 sicut
1055 1327 1178 1392 habitus
1192 1325 1226 1389 in
1241 1324 1333 1389 rebus
1350 1329 1450 1386 mate·

345 1436 472 1503 rialibus
485 1438 614 1504 resrdtat
633 1460 669 1504 ex
687 1461 768 1504 nexu
790 1437 992 1505 determinato
1010 1437 1230 1503 elementorum
1246 1434 1451 1520 singularium

345 1549 587 1635 conspirantium
608 1551 639 1614 in
664 1572 758 1615 anam
779 1558 939 1615 naturam:
963 1557 1049 1614 actus
1070 1549 1154 1613 enim
1174 1546 1344 1631 singulares
1359 1540 1450 1608 intel·

346 1660 443 1726 lectus
458 1661 498 1727 ad
516 1662 645 1727 invicem
661 1662 828 1747 comparati
847 1662 1008 1726 efformant
1023 1661 1177 1746 quoddam
1196 1667 1329 1747 systema
1344 1653 1451 1739 cogni·

345 1772 466 1836 tionum
488 1771 609 1837 difficile
631 1772 753 1851 mobile,
776 1772 817 1836 ob
840 1782 954 1837 arctam
976 1771 1223 1837 coniunctionem
1238 1768 1451 1833 ubieationum

345 1881 596 1947 intellectualium
618 1882 820 1961 relativarum,
843 1881 881 1948 de
903 1882 1016 1968 quibus
1038 1870 1110 1946 alibi
1131 1880 1226 1946 locuti
1245 1902 1365 1944 sumus.
1412 1874 1451 1938 In

345 1991 470 2056 homine
484 2001 587 2057 autem
602 1992 704 2058 locum
718 1989 834 2057 babent
845 1992 1006 2079 qualitates
1015 1993 1153 2057 omnium
1165 2014 1322 2075 generum,
1332 1990 1451 2054 tautae

345 2122 457 2186 nempe
470 2109 539 2166 tum
552 2102 648 2166 animi
668 2111 736 2167 tum
755 2103 900 2187 corporis,
922 2112 959 2167 ut
980 2102 1107 2167 scientia
1125 2109 1157 2166 et
1179 2100 1303 2179 sanitas,
1325 2098 1450 2183 disponi·

345 2214 447 2290 sinan
460 2219 496 2276 ut
511 2212 550 2276 ad
565 2212 753 2292 discendum,
776 2214 817 2278 ad
838 2212 1118 2291 convalescendum,
1140 2221 1218 2277 etc:
1242 2213 1392 2295 potentia,
1415 2215 1450 2270 ut

347 2321 434 2407 vigor
447 2322 622 2403 dialectice,
638 2323 716 2388 vires
736 2323 884 2403 robustae3
904 2326 1083 2409 nopotentio,
1099 2332 1135 2387 ut
1155 2322 1338 2408 ignorantia,
1356 2320 1448 2386 hebe-

344 2432 421 2498 tudo
435 2432 557 2513 mentis,
573 2432 713 2499 debilitas
732 2434 884 2520 eorporis:
901 2438 1015 2520 passio,
1037 2443 1073 2501 ut
1095 2434 1257 2521 pallescere
1275 2456 1312 2498 ex
1329 2433 1448 2508 timore,

345 2546 476 2630 qualitas
497 2547 634 2632 patibilis
658 2555 695 2610 ut
723 2569 790 2612 esse
814 2547 964 2633 pallidum
994 2570 1031 2612 ex
1055 2555 1296 2632 temperamento
1321 2546 1448 2610 bilioso:

338 2657 442 2742 fiprsru
467 2657 590 2722 tandem
616 2679 673 2742 pro
695 2679 834 2743 persona,
850 2659 953 2743 sonno
975 2680 1031 2743 pro
1054 2658 1210 2723 habitibus
1234 2679 1289 2721 seu
1313 2654 1448 2722 vestibus

345 2767 457 2852 quibua
471 2777 607 2846 ornatur,
622 2777 699 2832 eto:
723 2767 761 2831 de
776 2767 888 2852 quibus
903 2767 980 2832 nihil
995 2767 1104 2833 addere
1119 2776 1306 2834 necesscest.

722 3067 907 3112 cumcuma
923 3068 1071 3111 unamve.

775 3200 824 3260 De
840 3201 1013 3282 quontitate.

389 3337 442 3399 67.
466 3333 621 3409 Queritur
635 3333 686 3398 hic
700 3334 810 3419 primo,
825 3335 899 3418 quid
910 3336 950 3398 ait
966 3337 1123 3418 quantitas.

390 3443 582 3528 Respondeo,
609 3444 812 3528 quantitatem
837 3466 903 3508 esse
932 3445 972 3523 id,
995 3445 1149 3508 secundam
1177 3445 1257 3527 quod
1281 3466 1328 3508 rea
1349 3447 1447 3528 potest

347 3556 451 3618 dobere
464 3556 559 3637 mepte
571 3555 619 3618 nel
634 3558 741 3619 minace.
787 3556 869 3619 Nam
891 3555 1089 3640 interrogatio
1104 3555 1267 3639 qnantum?
1289 3555 1336 3621 vel
1351 3551 1445 3640 quot?

346 3666 385 3730 de
407 3686 439 3730 se
453 3665 520 3750 ipsa
541 3665 725 3744 manifestat,
741 3687 805 3729 rem
828 3666 866 3730 de
889 3689 950 3751 qua
971 3669 1128 3752 quaeritur,
1143 3690 1180 3732 ex
1201 3655 1304 3733 mente
1318 3668 1443 3732 interro-

347 3778 459 3862 gantis,
487 3799 562 3841 non-
585 3777 703 3861 exigere
732 3784 845 3840 tantem
879 3779 1067 3843 determinate
1091 3777 1297 3844 extensionem
1327 3779 1375 3844 vel
1404 3783 1444 3843 tot

346 3892 534 3954 detenninate
558 3896 678 3973 partes:
702 3887 847 3973 supponit
871 3889 952 3952 enim
983 3891 1037 3974 qui
1058 3890 1226 3975 interrogat
1251 3913 1315 3954 rem
1337 3890 1444 3954 habere

346 4023 435 4086 posse
457 4000 555 4085 magis
577 3999 624 4063 vel
644 3997 766 4078 minus3
790 4021 877 4063 secus
903 4022 965 4064 non
991 4002 1190 4087 interrogaret
1200 4028 1211 4081 3
1233 4023 1327 4087 quare
1355 4003 1444 4067 etiam

346 4110 609 4198 responsio'debet
623 4109 784 4196 procedere
798 4111 967 4176 secundum
982 4113 1081 4196 magis
1096 4113 1143 4177 vel
1157 4112 1270 4177 minue.
1301 4112 1443 4206 Definitio
1465 4140 1469 4154 ·

347 4224 538 4308 quantitatis,
552 4244 645 4306 quam
660 4221 812 4301 dedimus,
827 4231 873 4287 est
888 4224 1059 4288 communis
1074 4223 1156 4309 apud
1174 4224 1402 4289 mathematicos
1416 4227 1443 4286 et

345 4335 408 4398 fere
423 4333 505 4417 apud
520 4332 726 4417 philosophos.
