3200 4975
290 369 354 433 134
744 392 787 434 na
805 390 951 435 nostrus.
1265 368 1351 452 [car.
1369 385 1394 429 1.

286 556 400 621 duatur
415 578 470 641 per
487 556 644 621 materiam
667 557 809 641 corporis,
833 578 928 643 quum
951 556 1042 621 etiam
1063 556 1165 620 anima
1180 556 1219 619 sit
1235 554 1392 619 individua

287 668 404 732 ratione
426 667 484 747 sui,
505 677 537 733 et
559 668 685 753 quidem
712 668 942 753 proscindendo
964 668 1002 733 ab
1025 668 1083 732 hoc
1105 667 1188 753 quod
1211 668 1250 732 sit
1273 666 1392 752 corpori

287 779 385 844 unita.

333 894 384 956 17.
408 888 564 966 Qumritur
577 901 693 971 octavo,
710 916 748 957 aa
768 893 879 957 animal
896 893 1101 957 intellectivam
1113 895 1153 957 sit
1168 893 1202 956 de
1216 914 1247 956 se
1261 900 1290 955 et
1304 899 1391 955 ostu-

287 1002 391 1066 ralitcr
399 1025 537 1086 persono.

332 1110 514 1197 Respondeo
536 1114 720 1180 affirmative.
767 1116 849 1179 Nam
873 1134 1002 1199 persona
1024 1113 1170 1179 definitur
1190 1114 1394 1178 intellectualis

287 1231 400 1286 natare
414 1225 562 1289 individuo
575 1227 780 1290 waramum
803 1225 856 1289 sed
871 1225 984 1290 animal
1004 1223 1223 1290 intellectivam
1239 1232 1285 1289 est
1300 1224 1391 1288 intel·

287 1334 425 1399 lectualis
440 1344 557 1401 natura
575 1337 733 1402 individua
753 1336 935 1416 substantia,
951 1347 986 1402 ut
1001 1359 1037 1401 ex
1052 1336 1141 1400 dictis
1156 1345 1276 1401 constat
1284 1361 1294 1414 3
1317 1359 1391 1419 ergo

285 1467 321 1509 eo
347 1445 415 1531 ipso
438 1447 520 1531 quod
549 1447 663 1512 animal
691 1448 910 1513 intellectivam
940 1456 997 1529 est,
1023 1448 1099 1532 quin
1123 1447 1239 1532 aliquid
1264 1448 1293 1512 ei
1318 1447 1390 1511 addi

287 1558 406 1637 debeat,
424 1568 472 1623 est
491 1559 670 1624 naturaliter
691 1581 830 1645 persona.
875 1560 1009 1624 Persona
1031 1559 1126 1644 igitur
1148 1559 1276 1623 resultat
1298 1569 1388 1623 natu·

285 1671 388 1736 taliter
409 1694 446 1737 ex
467 1695 503 1737 eo
525 1673 609 1757 quod
629 1672 844 1737 intellectualis
869 1683 979 1739 natura
1000 1672 1111 1737 habeat
1132 1674 1166 1736 in
1189 1696 1221 1737 se
1243 1672 1388 1737 ultimum

285 1783 542 1870 complementum
562 1784 620 1864 sui,
640 1806 702 1870 quo
721 1784 880 1850 individua
899 1786 1121 1850 constituatur:
1144 1806 1238 1871 quare
1245 1808 1388 1868 persona·

284 1896 353 1959 litos
366 1898 511 1961 naturalis
527 1898 582 1979 (sic
596 1898 677 1961 enim
693 1896 806 1961 dicitur
820 1896 852 1961 id
867 1918 928 1982 quo
944 1918 1073 1981 persona
1087 1906 1133 1961 est
1148 1902 1288 1981 persona)
1303 1908 1347 1963 est
1358 1900 1391 1963 id

284 2029 341 2090 quo
362 2009 465 2074 ultimo
487 2010 645 2093 conpletur
666 2018 773 2073 notrae
795 2010 827 2072 in
851 2030 907 2073 suo
928 2030 993 2073 esse
1015 2008 1190 2088 individuo,
1213 2017 1243 2073 et
1263 2030 1327 2073 non
1341 2020 1389 2074 est

284 2118 440 2184 evidenter
454 2120 555 2204 aliqua
569 2124 681 2185 entitas
705 2120 903 2204 superaddita
926 2130 1053 2200 naturas,
1070 2120 1123 2184 sed
1137 2122 1237 2205 ipsum
1254 2121 1387 2206 eomple-

285 2237 424 2294 mentum
439 2241 557 2295 naturae
576 2230 787 2309 intrinsecum,
811 2242 903 2316 prout
926 2242 1071 2296 connotat
1093 2232 1287 2315 negationem
1309 2232 1386 2299 ulte·

283 2342 371 2405 rioris
388 2342 614 2427 complementi.
661 2341 856 2427 Quapropter
878 2342 1111 2427 diligentissime
1130 2343 1266 2407 notanda
1284 2354 1341 2424 est,
1357 2354 1389 2409 et

283 2454 390 2519 sedulo
423 2455 580 2520 retinenda
606 2454 659 2519 illa
679 2477 735 2520 vox
759 2456 862 2519 ultimo
872 2480 882 2534 3
905 2454 938 2519 in
970 2455 1027 2520 hac
1053 2455 1134 2520 enim
1167 2458 1290 2540 praecise
1316 2479 1387 2522 con-

282 2568 400 2632 tinetur
414 2568 491 2632 ratio
505 2567 699 2632 formalitatis
721 2567 823 2631 dantis
841 2591 907 2632 esse
921 2589 1067 2653 personae,
1083 2579 1114 2632 et
1129 2590 1183 2652 per
1197 2569 1276 2634 hanc
1291 2570 1386 2635 solam

282 2702 383 2744 vocem
420 2680 604 2744 sufficienter
639 2679 766 2744 solvitur
800 2689 868 2745 turn
901 2701 1014 2763 magna
1042 2680 1094 2744 illa
1122 2681 1251 2764 quaestio
1280 2693 1385 2746 utrum

281 2792 479 2857 subsistentia
494 2815 548 2856 seu
561 2791 762 2878 personalitas
782 2792 927 2855 consistat
938 2791 970 2854 in
986 2792 1127 2875 negativo
1142 2813 1181 2855 an
1196 2792 1228 2855 in
1244 2793 1384 2878 positivo,

280 2916 347 2969 tum
360 2905 419 2970 alia
429 2906 467 2970 de
478 2905 679 2990 possibilitate
694 2914 812 2970 naturae
826 2904 1041 2969 intellectualis
1055 2904 1230 2984 individue,
1241 2927 1310 2990 quae
1321 2928 1384 2971 non

279 3017 389 3082 habeat
404 3015 650 3103 personalitatem
665 3015 745 3081 hanc
759 3016 940 3095 naturalem,
957 3015 1010 3079 sed
1025 3016 1115 3080 aliam
1130 3018 1349 3101 perfectiorem.

322 3131 364 3193 llt
379 3130 480 3215 quoad
495 3130 574 3194 hanc
589 3128 763 3209 secundam,
781 3137 921 3213 apertum
938 3138 994 3208 est,
1009 3129 1092 3213 quod
1107 3129 1133 3192 si
1147 3130 1224 3192 ratio
1239 3151 1382 3214 persona-

278 3241 374 3306 litatis
389 3242 528 3306 consistit
542 3250 608 3306 tota
622 3242 655 3304 in
670 3241 739 3320 hoc,
755 3241 839 3325 qnod
853 3248 963 3304 natura
981 3240 1166 3304 intellectiva
1184 3241 1286 3305 altimo
1301 3242 1332 3306 in
1350 3265 1381 3307 se

278 3352 476 3437 compleatur,
498 3351 748 3438 quotiescumque
771 3352 840 3416 talis
862 3361 972 3416 natura
994 3352 1195 3436 complebitur
1209 3352 1333 3437 quidem
1347 3353 1380 3418 in

277 3485 318 3542 se,
329 3463 382 3526 sed
397 3463 473 3548 quin
488 3461 746 3547 complementum
761 3463 838 3526 illud
854 3463 894 3526 sit
908 3465 1012 3527 ultimo
1026 3465 1091 3527 eius
1105 3464 1251 3548 perfectio
1266 3469 1308 3549 (et
1323 3467 1381 3532 hoc

276 3584 401 3660 propter
422 3575 668 3638 coniunctionem
689 3596 760 3638 cum
782 3585 893 3639 natura
921 3575 1124 3659 perfectiore),
1147 3587 1222 3641 tunc
1243 3589 1380 3644 cessante

311 3764 329 3799 ¹*
347 3757 466 3824 Quidam
483 3776 499 3812 a
516 3758 709 3813 recentioribus
728 3758 819 3834 inepte
840 3758 977 3831 explicant
997 3759 1067 3814 hane
1084 3759 1175 3814 Boe'tii
1193 3761 1380 3817 definitionem

275 3845 474 3919 interpretando
487 3847 657 3900 mouentium
668 3845 745 3917 quasi
756 3845 921 3916 significaret
932 3847 1127 3901 subsutentiom.
1163 3849 1210 3902 Ad
1227 3867 1294 3921 quos
1306 3853 1378 3907 refu-

274 3934 371 3988 tandos
383 3931 482 3988 sufficit
490 3933 628 3987 aduertere
637 3933 876 4004 quodsubeisteata‘o
883 3931 1013 4004 accipitur
1025 3951 1041 3988 a
1052 3934 1219 4008 philosophis
1226 3955 1274 4010 pro
1284 3939 1379 3993 eodem

274 4037 305 4076 ac
312 4021 491 4092 personalitas.
528 4019 588 4078 Iam
600 4037 664 4074 vero
678 4019 767 4074 dicere
779 4019 852 4090 quod
862 4038 976 4090 persono
988 4027 1024 4074 est
1036 4022 1211 4077 intellectuales
1222 4031 1324 4080 amurca
1336 4027 1377 4080 ia-

274 4109 378 4163 diu'dae
392 4107 565 4188 personatum
577 4112 622 4190 lest
638 4124 747 4179 prorsus
765 4106 918 4176 absurdum,
937 4112 996 4161 tum
1013 4109 1078 4179 quia
1095 4109 1223 4165 definitur
1240 4111 1313 4167 idem
1331 4133 1378 4186 per

273 4197 354 4264 idem,
367 4203 427 4249 tum
438 4195 503 4267 quia
515 4194 669 4268 contemtum
681 4193 814 4248 abstracto
826 4200 1001 4266 comparatur.
1038 4195 1110 4268 Ergo
1119 4215 1218 4252 nomen
1230 4201 1379 4255 substantioe

273 4283 302 4336 in
314 4282 365 4335 hac
377 4281 533 4335 definitione
546 4280 631 4351 accipi
651 4279 731 4334 debat
750 4279 779 4332 in
799 4297 848 4334 suo
868 4279 975 4352 proprio
995 4300 1081 4351 sensu,
1100 4283 1201 4337 nonin
1220 4303 1299 4339 sensu
1317 4288 1377 4341 sub-

272 4369 400 4422 sistentr'cc.
