3200 4975
248 328 312 391 168
696 352 738 396 nn
755 353 901 397 nonrsn.
1209 327 1296 412 [car.
1314 345 1351 388 11.

197 542 201 550 ·
244 519 394 602 potentia,
415 528 447 586 et
468 542 576 586 ornnes
593 523 726 589 rationes
751 547 855 588 rerum
878 521 1072 588 universales.
1117 518 1224 596 Quum
1249 527 1351 581 autem

248 632 374 696 materia
388 655 451 697 non
466 634 600 718 attingat
615 635 676 699 nisi
697 636 856 710 materiam
878 634 1074 720 singularem,
1091 633 1238 716 sequitur,
1253 629 1352 693 homi·

247 765 319 806 nem
341 744 396 828 qui
416 744 473 809 has
494 746 627 812 rationes
648 747 775 832 attingit
794 748 907 812 habere
927 746 1042 832 aliquid
1061 753 1171 830 praeter
1185 743 1352 809 materiam.

247 853 328 916 Vide
343 854 375 918 S.
391 855 499 920 Thom.
516 866 622 921 contra
632 851 723 941 gent.
739 858 793 922 lib.
810 859 841 922 ii.
857 880 883 922 c.
900 861 953 922 50.

291 966 394 1048 Atque
407 964 458 1029 hie
472 968 586 1032 notabo
596 967 704 1045 obiter,
715 968 813 1032 multa
823 969 882 1033 alia
896 969 992 1034 solere
1007 965 1107 1033 afferri
1121 965 1160 1030 ab
1175 964 1351 1030 auctoribus

247 1074 502 1160 adprobandum
528 1079 686 1143 materiam
711 1102 774 1144 non
799 1101 889 1164 passe
911 1080 1055 1162 cogitare,
1077 1099 1145 1162 qnae
1167 1085 1270 1140 tamen
1290 1096 1350 1138 nan

248 1186 379 1252 multam
393 1189 454 1252 vim
470 1189 604 1270 habent;
624 1191 697 1276 quia
711 1191 758 1256 vel
773 1200 954 1276 supponant
974 1190 1131 1256 materiam
1152 1186 1371 1264 essentialiter*

249 1307 388 1362 constare
403 1321 439 1363 ex
453 1300 602 1384 partibus,
613 1301 660 1366 vel
675 1302 829 1386 accipiunt
840 1301 983 1366 inertiam
997 1301 1130 1364 materiae
1145 1322 1199 1384 pra
1214 1298 1352 1362 absoluta

247 1409 361 1492 agendi
374 1410 584 1495 incapacitate.
630 1413 691 1492 Sic,
700 1413 825 1497 qnando
836 1411 1247 1498 argumentanturdicendo:
1264 1411 1351 1490 Cam·

242 1523 376 1604 paetum
390 1531 419 1586 et
434 1531 583 1587 estensem
597 1527 726 1608 canitura
740 1528 864 1609 nequit.-
886 1527 939 1590 sed
956 1527 1080 1589 aratoria
1094 1532 1138 1588 est
1152 1525 1309 1606 composita
1324 1530 1353 1584 et

248 1640 386 1704 catarum
408 1656 477 1717 erqo
488 1637 617 1719 capitore
624 1639 736 1719 nequit,
746 1658 808 1700 non
822 1636 1018 1721 suspicantur
1028 1636 1065 1699 de
1080 1634 1212 1698 salsitate
1226 1634 1352 1698 minaris

248 1745 475 1828 propositionis.
519 1746 562 1809 Et
583 1745 732 1824 similiter,
754 1769 852 1831 quum
873 1747 998 1811 dicunt:
1022 1747 1206 1826 Principium
1221 1747 1353 1827 capitana

249 1864 293 1918 est
307 1858 453 1919 activam.-
475 1858 529 1920 sed
539 1861 663 1920 materia
677 1867 793 1922 nonest
808 1860 914 1937 activa,
929 1879 1017 1941 qnam
1034 1860 1074 1921 sit
1088 1858 1185 1929 iners‚·
1208 1878 1275 1938 erqo
1290 1877 1352 1918 mue.

247 1971 324 2031 teria
339 1991 397 2032 nan
411 1978 454 2032 est
461 1971 642 2053 principiam
656 1972 853 2053 capitationis,
871 1992 934 2034 non
950 1969 1153 2047 considerant,
1168 1968 1352 2032 nativitatem

249 2088 280 2143 ct
295 2079 435 2143 inertiam
449 2101 539 2165 posse
553 2088 585 2143 et
604 2079 712 2144 debere
727 2079 818 2143 simul
834 2103 900 2144 esse
914 2081 947 2144 in
963 2078 1133 2144 substantia
1148 2076 1306 2154 materiali,
1322 2086 1353 2140 et
1428 2103 1431 2108 ·

250 2213 347 2254 unum
362 2213 425 2254 non
440 2214 507 2254 esse
517 2191 712 2274 negationem
728 2191 863 2256 alterins.
909 2191 1011 2268 Quare
1026 2213 1080 2275 per
1093 2189 1158 2254 haeo
1172 2199 1353 2273 argumenta

249 2312 341 2387 atque
357 2302 415 2370 alia
429 2303 579 2366 eiusmodi
594 2325 657 2366 nan
675 2303 823 2386 probatur
842 2303 1001 2368 efficaciter
1021 2301 1224 2387 repugnantia
1238 2300 1352 2383 eogita-

249 2414 342 2477 tianis
357 2414 390 2477 in
404 2436 482 2499 pura
501 2414 644 2478 materia:
669 2415 722 2477 sed
740 2414 865 2479 omnino
885 2415 1101 2478 recurrendum
1122 2423 1169 2477 est
1187 2412 1226 2476 ad
1245 2413 1354 2477 imma.

249 2525 385 2589 nentium
401 2538 487 2590 actus
502 2526 667 2609 cogitativi,
683 2548 720 2589 ex
739 2548 801 2609 qua
823 2526 887 2590 sola
908 2536 990 2589 recte
1012 2526 1173 2589 deducitur
1192 2526 1306 2609 requiri
1320 2524 1354 2588 in

249 2637 399 2721 principia
422 2638 616 2721 cogitationis
638 2638 824 2701 nativitatem
850 2637 975 2701 alterius
1002 2638 1112 2721 speciei
1136 2637 1174 2701 ab
1200 2637 1353 2701 activitate

250 2748 393 2813 materiae.
437 2748 627 2813 Boschovich
645 2749 765 2831 (Theor.
782 2748 857 2832 phil.
874 2759 936 2811 nat.
953 2772 985 2832 p.
1004 2750 1033 2812 1.
1049 2771 1080 2811 n.
1098 2750 1172 2830 156)
1187 2748 1354 2813 defendens

250 2884 283 2925 sc
302 2861 341 2924 ab
363 2860 563 2938 accusatione,
585 2861 678 2944 quod,
699 2860 843 2943 ponendo
866 2860 1016 2923 clementa
1039 2861 1172 2923 materiae
1195 2860 1352 2944 simplicia,

250 2972 418 3041 destnreret
442 2994 540 3050 unum
562 2994 599 3035 ex
621 2972 821 3055 argumentis,
844 2970 957 3056 quibus
982 2972 1152 3055 probabant
1180 2972 1354 3057 philosophi

250 3083 476 3168 simplicitatem
492 3083 610 3161 animae,
626 3083 669 3147 sic
684 3084 746 3147 ait:
772 3084 849 3147 Sunt
866 3086 918 3166 qni
936 3085 1071 3153 adhihent
1086 3085 1140 3147 dac
1154 3092 1354 3167 arpnmcntuna

249 3196 290 3259 ad
301 3196 707 3278 eactndendamcapacitatem
718 3195 865 3278 capitandi
879 3217 897 3258 a
912 3196 1045 3285 materia,
1055 3196 1233 3278 desumptum
1247 3218 1353 3258 acam·

242 3309 391 3391 positione
395 3309 549 3391 partium.-
574 3306 1032 3389 Simnteriaaapituret,sinynlae
1043 3308 1354 3390 einspartesdederent

248 3419 379 3501 sinpnlas
400 3420 586 3501 capitationis
601 3426 705 3499 parter
727 3418 851 3491 tabern
874 3417 1002 3500 adeoque
1023 3418 1105 3480 natta
1116 3440 1191 3500 pars
1212 3419 1353 3482 adiectum

243 3532 420 3613 perciperet,
445 3552 534 3612 quam
556 3529 638 3592 nulla
664 3530 782 3592 habaet
808 3552 870 3592 eom
890 3530 1086 3611 perceptionis
1108 3537 1235 3611 partem,
1267 3552 1353 3612 qnam

249 3643 336 3705 habet
359 3641 462 3703 alteru.
506 3642 546 3703 Id
569 3648 770 3723 arpanreatam
789 3642 821 3713 in
846 3664 909 3704 mea
933 3642 1046 3705 theoria
1072 3642 1239 3716 amittitnr5
1269 3649 1301 3705 at
1323 3643 1357 3705 id

249 3755 353 3835 panna,
369 3775 430 3815 ntea
446 3754 560 3835 quidem
575 3754 691 3830 iudicia,
701 3755 760 3815 aim
774 3754 884 3816 nuttam
899 3755 1003 3820 babet..
1039 3754 1121 3816 Nam
1131 3762 1233 3837 posset
1247 3754 1354 3836 uliquis

249 3865 428 3947 respondere,
440 3866 648 3952 capitationem
663 3872 754 3927 totam
777 3865 978 3929 indivisibilem
993 3867 1117 3929 asistere
1129 3867 1166 3927 in
1181 3874 1244 3929 tata
1258 3869 1353 3929 mssa

249 3977 385 4053 materia,
407 3998 471 4059 qna
495 3982 575 4038 certa
597 3978 747 4058 partium,
760 3976 946 4059 dispositione
968 3978 1008 4039 sit
1025 3977 1162 4059 praedita,
1186 3978 1231 4039 uti
1256 3980 1353 4041 anima

249 4088 404 4149 rationalis
419 4110 476 4169 per
496 4094 556 4149 tam
577 4086 683 4149 multas
699 4087 898 4171 philosophas,
921 4097 955 4151 ut
977 4097 1010 4151 at
1032 4089 1224 4165 indivisibilis,
1245 4091 1277 4150 in
1293 4097 1353 4152 tata

250 4220 378 4279 casparo,
393 4198 441 4259 aet
452 4197 555 4259 saltem
569 4198 600 4257 in
609 4189 699 4278 parte
713 4200 842 4280 carparis
857 4199 957 4281 aliqua
973 4199 1112 4261 divisibili
1129 4200 1240 4277 assistit,
1265 4207 1293 4261 et
1316 4201 1357 4263 ad

250 4309 390 4369 eiusmodi
397 4308 584 4389 presentium
593 4308 789 4388 prestandum
805 4318 883 4373 certa
899 4311 1009 4396 indiqat
1024 4313 1211 4394 dispositione
1220 4314 1353 4393 partium
