3200 4975
245 377 317 421 oar.
336 358 378 441 1.]
707 378 749 420 ou
768 378 915 422 suumn.
1295 358 1354 421 151

246 554 320 609 sunt
335 545 406 609 solae
415 544 494 609 vires
509 544 673 609 executivae
687 544 911 628 cognoscitirae,
922 566 957 608 ex
972 566 1103 628 quarum
1119 542 1259 608 exercitio
1273 544 1353 609 fiunt

247 655 359 720 iudicia
374 664 405 720 et
420 656 577 721 ratiocinia
591 664 623 720 et
637 678 743 720 omnes
757 656 949 741 operationes
963 654 1163 721 intellectiva.

286 767 342 831 Vis
367 776 471 832 antem
496 767 676 833 attendendi
701 767 823 832 videtur
850 767 971 831 duobus
995 768 1165 833 contineri:
1187 789 1298 853 nempe
1321 768 1352 832 vi

243 878 394 959 intuitivs,
409 887 441 943 et
454 879 593 964 potentia
608 879 738 965 passiva,
752 902 821 964 quae
835 902 890 964 per
911 877 1100 943 voluntatem
1127 878 1260 943 converti
1276 901 1351 964 quo-

243 988 405 1054 dammodo
419 991 517 1075 possit
529 991 572 1055 sic
586 989 632 1055 vel
648 991 700 1071 sic,
717 999 748 1056 et
769 990 899 1055 obiicere
919 990 1089 1055 intellectui
1108 989 1212 1075 agenti
1229 990 1287 1054 hoc
1302 989 1349 1055 vel

240 1100 318 1165 illud
341 1102 519 1166 attentionis
545 1101 709 1166 obiectum.
755 1101 843 1166 Idem
867 1101 1030 1166 dicendum
1053 1102 1141 1166 deri
1162 1101 1346 1180 reflectendi,

241 1234 310 1277 cum
324 1213 382 1278 hac
398 1213 578 1293 differentia,
588 1213 680 1300 quod,
692 1236 789 1298 quum
805 1212 925 1277 reflexio
936 1212 1053 1279 feratur
1063 1213 1096 1277 in
1107 1212 1346 1277 modificationes

239 1325 320 1409 ipsas
340 1326 478 1404 subiecti,
494 1326 631 1411 potentia
652 1326 771 1411 passive
785 1327 881 1410 accipi
896 1324 985 1390 debet
999 1347 1062 1389 non
1078 1324 1244 1389 secundum
1263 1325 1346 1409 quod

239 1435 296 1500 alia
311 1436 429 1502 obiecta
446 1436 651 1522 intelligibilia
666 1446 849 1521 praesentare
863 1445 965 1522 potest
979 1435 1147 1501 intellectui
1161 1437 1275 1521 agenti,
1291 1437 1345 1502 sed

238 1548 405 1613 secundnm
421 1548 505 1634 quod
520 1572 551 1613 se
566 1550 662 1634 ipsam
679 1548 801 1613 exhibet
816 1557 852 1612 ut
867 1549 910 1613 sio
924 1547 972 1612 vel
987 1548 1030 1613 sic
1045 1548 1194 1612 affectam.

281 1659 332 1723 Ad
342 1660 554 1744 explicandum
570 1671 672 1724 autem
684 1660 838 1745 quomodo
852 1660 994 1725 voluntas
1008 1667 1114 1723 utatur
1124 1658 1155 1723 vi
1164 1656 1342 1723 attendendi

236 1780 267 1833 et
292 1770 475 1851 reflectendi,
499 1772 722 1837 observandum
748 1781 796 1837 est
820 1771 904 1857 quod
928 1772 966 1835 de
989 1770 1130 1857 pluribus
1153 1769 1339 1835 obiectorum

236 1882 393 1966 speciebus
415 1883 525 1969 aliquae
539 1891 670 1969 possunt
687 1883 786 1968 magis
802 1882 914 1948 directe
929 1882 1019 1948 obiici
1036 1882 1206 1947 intellectui
1227 1883 1340 1966 agenti,

238 1992 347 2077 aliquae
364 1994 464 2079 magis
487 1994 630 2080 oblique:
653 1995 733 2059 sicut
757 1993 831 2058 dum
852 1994 960 2059 oculus
982 1992 1058 2079 legit
1082 1994 1116 2057 in
1139 1994 1227 2073 libro,
1247 1992 1340 2057 habet

235 2113 331 2169 totam
345 2106 491 2191 paginam
505 2116 697 2191 praeseutem,
713 2114 745 2169 et
759 2114 864 2170 tamen
878 2114 944 2171 tots
957 2106 1023 2169 eius
1046 2106 1175 2169 attentio
1189 2105 1286 2169 fertur
1300 2104 1340 2169 ad

234 2239 328 2281 unam
342 2218 466 2298 lineam,
481 2218 529 2282 vel
544 2217 583 2282 ad
598 2241 696 2282 unum
711 2217 902 2283 vocabulum.
946 2218 993 2282 Ex
1007 2240 1068 2303 quo
1079 2216 1241 2281 deducitur
1255 2217 1339 2302 quod

234 2330 394 2413 praeseutia
415 2329 584 2394 multorum
602 2351 665 2393 non
687 2329 817 2414 impedit
837 2330 1038 2395 attentionem
1060 2328 1099 2393 ad
1120 2352 1229 2409 unum,
1247 2329 1337 2393 dum·

232 2441 322 2506 modo
336 2441 415 2506 illud
428 2442 482 2506 fiat
502 2441 601 2526 magis
617 2441 729 2506 directe
746 2464 889 2526 praesens.
933 2442 975 2506 Et
989 2440 1096 2506 oculus
1111 2441 1245 2527 quidem,
1261 2442 1336 2506 dum

230 2561 327 2617 totam
349 2554 496 2638 paginam
518 2553 612 2618 habet
636 2562 830 2638 praesentem,
848 2554 940 2620 habet
963 2554 1190 2638 praesentiorem
1212 2554 1334 2635 lineam,

229 2666 278 2728 cui
302 2665 444 2746 attendit,
460 2688 496 2731 eo
519 2664 603 2750 quod
626 2665 758 2730 intuitus
781 2665 847 2730 eius
869 2667 903 2730 iu
926 2665 1010 2730 illam
1031 2664 1146 2729 feratur
1164 2664 1285 2745 directe,
1301 2667 1334 2730 in

229 2778 302 2842 alias
323 2778 446 2863 oblique
456 2803 466 2856 3
489 2778 573 2863 quod
594 2777 726 2842 obtineri
744 2785 846 2863 potest
871 2777 933 2842 sive
956 2777 1105 2841 movendo
1127 2776 1240 2841 librum
1262 2787 1334 2841 ante

228 2891 360 2968 oculum,
381 2892 443 2956 sive
467 2891 669 2957 convertendo
699 2891 823 2956 oculum
853 2891 893 2955 ad
914 2913 980 2955 eam
1005 2891 1136 2974 lineam:
1159 2889 1332 2955 intellectus

228 3012 329 3066 alitem
355 3003 527 3088 receptivus
549 3003 717 3087 specierum
739 3002 833 3067 habet
856 3025 887 3068 se
907 3003 947 3067 ad
966 3003 1093 3066 modum
1114 3002 1235 3087 pagiuae
1254 3025 1331 3088 prae-

227 3117 331 3198 sentis,
346 3117 381 3180 in
396 3140 457 3203 qua
479 3115 583 3201 plures
597 3117 687 3181 lineae
706 3116 890 3181 exhibentur
898 3143 907 3196 3
931 3139 1024 3201 quare
1039 3116 1065 3180 si
1087 3116 1218 3181 intuitus
1234 3118 1331 3201 possit

228 3228 339 3294 directe
354 3228 427 3293 ferri
441 3228 474 3293 in
489 3251 583 3292 unam
606 3229 747 3314 speeiem,
763 3229 887 3314 oblique
900 3229 934 3293 in
950 3237 1082 3309 ceteras,
1098 3229 1159 3293 sive
1173 3229 1241 3294 ideo
1259 3231 1331 3315 quia

226 3341 339 3424 species
363 3340 431 3425 ipsa
454 3341 553 3424 magis
575 3341 689 3406 directe
715 3364 747 3404 se
772 3341 905 3421 obiiciat,
926 3341 988 3406 sive
1013 3341 1081 3405 ideo
1103 3343 1175 3426 quia
1196 3341 1329 3406 intuitus

225 3453 409 3517 convertitur
430 3452 470 3517 ad
493 3452 772 3533 illam,habebitu1·
794 3453 932 3517 attentiu
980 3453 1041 3517 Sed
1063 3453 1134 3538 quia
1155 3453 1328 3520 intellectus

224 3572 259 3627 ut
281 3569 376 3648 agens
391 3586 453 3628 uon
470 3565 586 3649 patitur
607 3565 751 3644 converti,
766 3564 836 3629 ideo
855 3574 993 3650 superest
1007 3565 1171 3630 dicendum
1193 3568 1328 3632 converti

224 3675 593 3760 intellectumpassivum,
605 3699 659 3740 seu
674 3676 789 3762 species
800 3676 833 3740 in
849 3698 884 3740 eo
899 3683 1040 3756 servatas,
1051 3685 1087 3740 ut
1102 3677 1201 3762 magis
1216 3677 1328 3743 directe

222 3786 366 3852 obiiciant
381 3811 413 3852 se
427 3772 585 3852 videndas.

267 3899 317 3962 Sic
326 3899 423 3983 igitur
437 3907 502 3962 tota
513 3898 699 3983 possibilitas
714 3899 893 3964 attentionis
902 3899 1057 3984 imperatae
1071 3900 1184 3984 pendet
1199 3924 1216 3966 a
1230 3888 1328 3987 pbssi·

222 4010 340 4076 bilitete
353 4011 561 4096 praesentandi
575 4010 674 4094 magis
689 4010 802 4074 directe
817 4033 910 4074 unam
926 4012 1065 4096 speciem,
1082 4034 1173 4096 quam
1188 4011 1281 4078 alias:
1296 4021 1327 4078 et

222 4121 383 4207 imperium
401 4123 580 4202 voluntatis,
596 4145 657 4208 quo
675 4122 843 4207 imperatur
866 4123 1005 4202 attentio,
1024 4123 1117 4188 habet
1138 4124 1327 4210 adaequatam

199 4261 202 4264 ⁴
222 4236 430 4298 executionem
445 4236 478 4298 in
493 4220 651 4319 intellectu
670 4234 800 4319 passivo,
816 4257 912 4318 quum
929 4245 1015 4299 actus
1030 4235 1219 4316 attendendi,
1236 4245 1327 4321 prout

221 4346 354 4432 procedit
370 4347 407 4411 ab
423 4347 573 4427 intuente,
589 4368 653 4410 non
668 4343 755 4410 cadat
776 4345 833 4409 sub
848 4346 975 4430 imperio
990 4346 1164 4412 voluntatis.
1211 4347 1252 4410 Et
1267 4348 1325 4412 hoc
