3200 4975
218 333 290 375 car.
309 314 362 396 11.]
544 336 586 377 or
604 312 1017 377 suasraurra'srrarruanr.
1279 315 1321 376 67

214 498 338 561 omnino
353 499 522 563 necessaria
537 508 593 579 est,
611 522 707 584 quum
722 508 856 584 nequeat
879 499 1006 583 spiritus
1022 498 1097 563 velle
1111 520 1241 577 movere,
1258 497 1318 560 nisi

215 618 378 693 cognoscat
393 611 521 677 existere
536 613 659 696 aliquod
674 612 797 677 mobile.

257 721 306 785 Ad
329 722 498 788 secundum
520 732 623 789 autem
647 724 725 803 dico,
744 733 847 792 actum
870 724 1113 802 substantialem,
1132 722 1189 786 sub
1212 743 1248 785 eo
1271 743 1316 784 re·

214 842 328 917 spectu,
345 834 514 901 secundum
536 858 628 919 quem
651 836 803 919 significat
823 836 925 921 ipsum
940 840 1034 901 ciuem
1057 834 1235 900 substantia
1255 832 1316 916 spi-

213 944 341 1023 ritualis,
357 944 513 1009 continere
528 945 621 1009 etiam
636 946 780 1011 virtutem
796 948 1010 1012 locomotivam
1024 967 1197 1031 corporum.
1233 944 1316 1007 Nam

212 1056 348 1139 primum
360 1056 467 1135 vivere,
478 1056 556 1120 sicut
567 1066 613 1121 est
624 1057 809 1141 principium
820 1058 947 1122 formale
957 1057 1169 1143 operationum
1178 1054 1316 1120 vitalium

212 1166 459 1246 immanentium,
482 1166 525 1231 ita
547 1176 593 1232 est
623 1168 808 1254 principium
832 1168 960 1233 virtuale
982 1168 1167 1253 operationis
1195 1165 1316 1230 motivae

212 1278 407 1344 transeuntis.
454 1280 533 1343 Nam
557 1279 620 1343 vita
641 1288 671 1345 et
694 1291 798 1344 motus
821 1289 894 1345 sunt
916 1281 1055 1365 analoga,
1077 1290 1109 1343 et
1130 1277 1315 1364 principium

212 1389 280 1453 vitae
304 1390 439 1453 continet
465 1390 634 1454 eminenter
659 1391 844 1476 principium
870 1402 984 1456 motus.
1037 1390 1121 1456 Illud
1144 1412 1227 1473 ergo,
1254 1410 1314 1473 quo

212 1501 310 1584 primo
335 1501 460 1585 spiritus
484 1502 567 1580 vivit,
591 1512 637 1567 est
663 1502 741 1567 illud
763 1525 826 1588 quo
852 1504 978 1588 spiritus
1001 1504 1198 1568 constituitur
1220 1502 1317 1566 virtus

213 1613 335 1690 motiva,
352 1613 428 1697 quin
443 1634 565 1680 necesse
580 1613 619 1677 sit
634 1636 746 1698 ponere
762 1614 879 1699 aliquid
899 1614 993 1694 aliud,
1009 1637 1070 1694 quo
1092 1614 1132 1678 sit
1150 1612 1316 1678 formaliter

213 1744 336 1786 movens
357 1724 491 1807 seipsum
509 1747 564 1808 per
583 1725 695 1788 locum.
741 1723 874 1800 Quando
894 1727 976 1790 enim
997 1726 1127 1789 habetur
1141 1724 1187 1788 vis
1201 1723 1316 1787 altioris

213 1824 328 1898 ordinis
348 1836 507 1899 continens
530 1837 699 1901 eminenter
713 1838 859 1903 virtutem
877 1837 993 1901 ordinis
1010 1836 1171 1915 inferioris,
1186 1858 1249 1899 non
1268 1845 1316 1899 est

213 1968 345 2025 necesse,
361 1946 400 2011 ad
414 1947 493 2011 hane
508 1947 691 2025 habendam,
707 1948 823 2032 aliquid
838 1948 958 2013 addere.

257 2060 309 2121 52.
334 2057 411 2134 Quae
433 2058 565 2123 diximus
582 2059 740 2144 hueusque
756 2059 794 2123 de
809 2060 922 2126 virtute
944 2060 1123 2125 locomotiva
1144 2058 1317 2124 confirmari

213 2176 244 2231 et
262 2168 403 2253 explicari
420 2178 550 2253 possunt
573 2193 609 2233 ex
632 2170 681 2249 iis,
700 2193 768 2255 quae
791 2171 904 2235 scimus
924 2172 962 2237 de
984 2170 1013 2236 vi
1036 2171 1150 2235 motiva
1173 2170 1316 2234 materias.

214 2280 295 2343 Nam
320 2280 351 2343 in
375 2280 525 2345 elemento
546 2280 704 2362 materiali,
720 2281 797 2346 illud
821 2282 933 2366 ipsum,
949 2305 1010 2365 quo
1035 2282 1221 2345 elementum
1245 2302 1316 2345 con-

213 2391 362 2469 stituitur,
378 2400 424 2456 est
447 2392 632 2476 principium
647 2392 774 2457 actionis
796 2393 918 2457 motivae
933 2392 972 2457 ad
994 2402 1097 2471 extra3
1119 2401 1205 2457 actus
1223 2391 1316 2469 enim,

213 2503 275 2587 qui,
291 2511 326 2566 ut
342 2502 418 2568 dans
432 2504 566 2588 primum
582 2527 647 2568 esse
663 2528 725 2569 suae
747 2506 890 2584 materiae,
907 2505 1018 2569 dicitur
1032 2505 1139 2582 forma,
1154 2512 1191 2568 ut
1209 2505 1315 2567 termi-

213 2615 322 2678 nabilis
345 2615 570 2680 accidentaliter
583 2616 623 2682 ad
637 2626 721 2680 extra
744 2617 857 2681 dicitur
871 2617 1056 2700 principium
1079 2615 1260 2680 activitatis:
1284 2625 1315 2678 et

212 2725 372 2803 terminus,
388 2726 451 2810 qui,
467 2733 504 2789 ut
519 2726 652 2811 complet
666 2725 807 2807 formam,
820 2727 932 2791 dicitur
947 2727 1082 2805 materia,
1099 2735 1133 2790 ut
1149 2725 1262 2790 relatus
1277 2724 1317 2788 ad
1407 2796 1409 2799 ¹

212 2844 304 2916 extra,
320 2836 432 2900 dicitur
447 2837 596 2902 terminus
611 2837 773 2902 directivus
788 2839 923 2921 actionis
932 2837 1060 2915 motivae,
1077 2859 1174 2921 quum
1188 2837 1314 2900 directio

212 2947 314 3013 localis
330 2949 369 3011 sit
390 2971 426 3012 ex
441 2949 567 3014 materia
582 2949 620 3013 ad
643 2951 809 3013 materiam.
856 2950 915 3012 Per
928 2949 1010 3012 idem
1032 2970 1105 3031 ergo
1120 2947 1317 3012 constituitur

214 3057 370 3143 adaequate
396 3059 475 3142 (tum
505 3060 606 3142 quoad
630 3058 850 3137 intensitatem‚
875 3067 942 3121 tum
970 3057 1071 3143 quoad
1102 3057 1313 3139 directionem)

212 3169 309 3233 virtus
326 3169 438 3234 motiva
457 3170 631 3249 materialis,
647 3193 701 3254 per
716 3171 799 3256 quod
814 3169 1012 3234 constituitur
1034 3168 1205 3233 substantia
1219 3178 1315 3232 matc-

213 3279 313 3344 rialis:
337 3288 368 3344 et
391 3279 502 3344 diversi
524 3279 638 3364 gradus
660 3280 848 3344 intensitatis
868 3279 908 3344 ad
932 3278 1117 3345 movendum
1137 3279 1170 3342 in
1191 3277 1316 3343 diversis

212 3391 371 3455 elementis
402 3391 588 3475 respondent
613 3391 759 3475 gradibus
788 3389 986 3469 intensitatis,
1016 3388 1128 3475 quibus
1156 3387 1316 3473 aequivalet

212 3502 319 3565 forma.
376 3501 626 3566 Consentaneum
652 3523 724 3585 ergo
754 3509 801 3566 est
824 3501 931 3565 eodem
960 3498 1008 3565 vel
1036 3499 1129 3564 simili
1156 3499 1249 3564 modo
1278 3498 1316 3562 de

214 3611 373 3696 spiritibus
394 3613 527 3678 sentire:
552 3612 689 3678 videlicet
705 3634 756 3676 eos
778 3612 898 3676 realiter
913 3611 1058 3676 constitui
1072 3610 1105 3677 in
1126 3609 1263 3696 potentia
1278 3608 1318 3672 ad

213 3723 364 3787 movenda
378 3745 504 3807 corpora
522 3745 577 3806 per
591 3722 669 3788 illud
689 3722 803 3806 ipsum,
819 3743 880 3806 quo
895 3721 1125 3786 constituuntur
1138 3719 1318 3786 substantiae

213 3833 396 3917 spirituales.
442 3832 523 3909 Quia
537 3855 608 3897 vero
624 3833 750 3918 spiritus
764 3832 1141 3913 constituiturintrinsecc
1158 3854 1213 3916 per
1226 3830 1317 3896 intel·

212 3945 329 4009 lectum
339 3954 374 4030 ¹et
389 3945 589 4023 voluntatem,
604 3967 672 4029 quae
687 3952 761 4008 sunt
775 3967 838 4009 una
851 3967 910 4024 res,
925 3952 956 4007 et
971 3966 1033 4008 una
1046 3945 1143 4009 virtus
1160 3942 1318 4027 adaquata

214 4057 272 4120 sub
295 4054 416 4120 duobus
431 4057 629 4140 conceptibus
651 4055 851 4140 inadaequatis
870 4063 1001 4139 accepta,
1017 4078 1072 4139 per
1092 4053 1230 4118 eamdem
1252 4076 1317 4117 rem

213 4176 245 4232 et
259 4191 314 4253 per
336 4168 473 4232 eamdem
490 4169 635 4233 virtutem
659 4168 891 4240 substantialem
913 4167 1110 4232 constituitur
1132 4166 1317 4250 principium

214 4279 363 4344 motivum
386 4278 425 4344 ad
440 4288 543 4344 extra:
566 4280 637 4346 licet
655 4287 731 4343 tune
746 4279 842 4344 virtus
865 4279 1049 4343 intellectiva
1065 4288 1096 4341 et
1111 4278 1232 4342 volitiva
1254 4299 1317 4340 non

1091 4410 1110 4451 r
1125 4394 1144 4454 2
