3200 4975
285 360 349 423 106
604 382 647 425 ns
663 381 871 425 suasrnsrra
887 381 1089 425 seraranan.
1228 361 1315 447 [cae.
1333 381 1387 425 ιιι.

281 542 418 609 affectiva
443 545 636 631 impressum,
651 566 742 629 quem
765 544 809 609 sic
832 544 930 610 reddit
955 566 1144 628 expressum,
1165 544 1197 609 id
1219 554 1265 613 est
1287 546 1386 630 primo

280 655 420 725 volitum.
463 658 511 723 Ex
525 680 587 742 quo
602 666 736 742 apparet,
749 656 860 722 melius
875 656 935 723 diei
949 657 1034 743 quod
1048 657 1187 723 voluntas
1202 656 1385 725 determinat

280 789 371 833 sunm
386 777 488 835 ectum
503 767 730 846 accidentalem,
746 790 839 853 quam
854 767 938 853 quod
953 767 1137 835 determinat
1152 768 1292 854 seipsam.

323 879 464 945 [sutelis.
487 879 650 959 Voluntas,
665 888 701 943 ut
716 880 813 945 activa
833 888 889 957 est,
915 879 989 943 dum
1014 879 1110 964 eligit,
1135 878 1317 945 determinat
1338 902 1385 945 se·

279 990 378 1075 ipsam
399 991 439 1056 ed
460 992 647 1077 eligendum.
693 992 774 1056 Nam
790 990 887 1075 eligit,
902 990 975 1076 quia
990 990 1066 1069 vult,
1088 1012 1185 1075 quum
1201 1001 1303 1077 posset
1320 1014 1384 1061 non

279 1101 366 1167 velle.
410 1102 496 1187 Ilrgo
509 1102 588 1167 nihil
603 1102 731 1167 dictum.

322 1218 505 1303 Respondes
517 1221 587 1285 diat.
603 1229 666 1284 ent.
681 1218 865 1283 determinat
881 1216 1011 1301 seipsam
1026 1216 1174 1282 obiective
1194 1226 1225 1283 et
1239 1220 1383 1285 termina·

278 1330 349 1409 tive‚
364 1339 517 1415 quatenus
540 1330 723 1397 determinet
744 1330 912 1395 terminum
933 1327 1118 1393 obieetivum
1142 1330 1306 1409 suiectus,
1330 1354 1384 1395 reu

279 1440 345 1505 eius
356 1442 525 1522 materiam,
540 1465 620 1507 conc.
636 1450 718 1519 aet.;
734 1441 915 1507 determinat
925 1440 1054 1525 seipsam
1071 1439 1244 1520 subiective,
1260 1463 1313 1506 seu
1331 1442 1385 1507 det

278 1552 336 1616 sibi
358 1552 419 1637 ipsi
432 1552 567 1639 aliquam
587 1554 783 1617 intrinsecam
806 1552 1025 1629 actualitatem,
1040 1573 1133 1638 quam
1148 1574 1211 1617 uon
1233 1552 1336 1631 hebet,
1351 1577 1382 1617 n.

277 1673 340 1730 eet.
384 1666 557 1751 Diligenter
578 1666 773 1731 retinendum
796 1674 852 1743 eat,
869 1665 1059 1730 voluntatem
1077 1665 1115 1729 de
1138 1688 1170 1729 se
1192 1688 1257 1731 esse
1279 1688 1382 1731 neces·

277 1779 355 1843 sario
369 1789 522 1844 actuatam
544 1781 623 1844 circa
639 1779 753 1843 bonum
767 1779 802 1841 in
823 1778 990 1855 communi,
1006 1799 1103 1861 quum
1117 1779 1285 1843 necessario
1300 1789 1382 1844 amet

277 1911 368 1955 suum
382 1912 449 1955 case
463 1900 499 1954 nt
514 1889 630 1954 bonum
645 1889 714 1968 sibi,
729 1897 761 1954 et
775 1888 848 1953 velit
864 1887 921 1952 sibi
941 1888 1171 1969 omnebonum,
1187 1891 1274 1955 cuius
1289 1913 1383 1976 capax

275 2008 333 2068 est.
376 2002 423 2066 Ex
440 2024 502 2086 quo
523 1997 670 2086 sequitur,
686 2000 720 2064 in
741 1999 983 2083 electioneque
1004 2001 1039 2064 fit
1054 2022 1109 2084 per
1130 2000 1330 2079 voluntatem,
1345 2011 1381 2066 ut

276 2112 373 2177 active
386 2121 451 2191 est,
466 2133 530 2177 non
545 2112 596 2195 agi
618 2111 656 2175 de
674 2109 827 2175 actuando
850 2131 952 2173 amore
974 2109 1057 2188 boni,
1073 2110 1125 2175 sed
1147 2118 1270 2177 tantum
1289 2112 1327 2177 de
1346 2136 1382 2177 eo

276 2224 457 2309 applicando
471 2224 511 2288 ad
526 2224 764 2289 determinatum
780 2221 907 2301 bonurn,
919 2221 951 2285 id
966 2232 1013 2287 est
1028 2221 1066 2285 de
1080 2223 1263 2307 inquirendo
1277 2233 1382 2289 utrum

274 2335 333 2400 hoc
345 2336 392 2401 vel
405 2335 482 2400 illud
497 2335 650 2401 obiectum
665 2334 798 2419 eligibile
813 2334 925 2399 habeat
939 2334 989 2398 hie
1004 2342 1035 2398 et
1049 2356 1133 2398 nunc
1143 2336 1291 2401 rationem
1306 2335 1381 2401 boni

274 2456 414 2533 respectu
428 2446 587 2532 eligentis:
609 2455 641 2512 et
658 2447 717 2512 hoc
732 2447 834 2532 ipsum
857 2446 1010 2530 significat
1025 2446 1173 2513 electionis
1187 2448 1379 2515 vocabulum.

275 2561 348 2624 Non
368 2582 442 2644 ergo
463 2560 567 2644 agitur
588 2561 619 2623 in
643 2559 790 2624 electione
812 2559 849 2622 de
870 2557 1023 2622 actuanda
1042 2559 1206 2624 intrinsece
1223 2561 1380 2628 voluntate

273 2673 379 2751 activa,
399 2693 470 2757 quae
491 2671 659 2736 necessario
679 2678 711 2734 et
732 2668 936 2734 essentialiter
957 2677 1004 2733 est
1026 2679 1121 2748 ectus,
1139 2671 1192 2734 sed
1218 2672 1320 2754 agitur
1341 2672 1378 2737 de

272 2783 413 2867 eligendo
435 2784 566 2850 termino
589 2783 745 2861 obiectivo,
767 2783 808 2847 ed
829 2805 922 2867 quem
945 2781 1127 2846 terminetur
1156 2771 1381 2848 accidentaliter

271 2894 323 2958 ille
349 2905 445 2976 actus,
466 2904 502 2960 ut
523 2896 566 2960 sic
588 2894 793 2960 constituatur
815 2893 929 2959 volitio.
973 2893 1015 2956 Et
1037 2916 1091 2978 per
1112 2894 1170 2958 hoc
1195 2895 1378 2980 intelligitur

273 3007 350 3070 ratio
364 3007 568 3072 distinctionis
582 3006 679 3070 sactae.

316 3117 367 3181 Ad
380 3117 459 3182 illud
472 3117 556 3202 quod
571 3115 704 3195 additur,
719 3116 788 3180 dist.
805 3114 891 3200 eligit
912 3115 984 3201 quia
998 3115 1075 3193 vult,
1089 3114 1121 3178 id
1136 3123 1183 3180 est
1198 3126 1245 3182 est
1258 3118 1291 3182 in
1305 3127 1377 3182 actu

273 3229 345 3313 quia
367 3229 442 3308 vult,
469 3251 563 3312 nepo:
594 3227 681 3312 eligit
707 3228 779 3311 quia
802 3226 879 3305 vult,
906 3225 938 3290 id
964 3234 1010 3290 est
1035 3225 1179 3290 terminat
1205 3237 1307 3292 aetum
1337 3229 1378 3292 ad

175 3338 179 3345 ’
272 3339 333 3403 tale
361 3339 515 3403 obiectum
541 3337 614 3423 quia
642 3339 721 3418 vult,
742 3360 824 3402 conc.
849 3346 879 3401 ει
908 3360 972 3421 nep.
1000 3360 1078 3401 cotes.
1124 3337 1196 3402 Non
1219 3339 1299 3402 enim
1329 3350 1377 3404 εει

272 3451 305 3512 ιιι
334 3458 484 3532 potestate
512 3449 679 3514 voluntatis
701 3449 842 3528 electivae,
879 3471 947 3533 quae
976 3448 1175 3512 essentialiter
1204 3459 1251 3513 est
1280 3459 1375 3530 aetus,

271 3576 387 3626 cessare
401 3561 439 3625 ab
461 3561 520 3625 hoc
534 3560 618 3645 quod
640 3572 687 3625 est
701 3583 767 3624 esse
781 3561 814 3624 in
830 3568 919 3624 actu:
942 3568 973 3623 et
988 3581 1085 3642 quum
1100 3559 1149 3622 hie
1165 3569 1251 3624 actus
1272 3584 1375 3626 neees-

271 3673 349 3741 sario
370 3673 528 3736 ordinetur
550 3672 590 3736 ad
612 3672 739 3750 bonum,
755 3673 835 3735 sicut
861 3679 949 3734 actus
971 3669 1175 3734 intellectivus
1197 3672 1237 3736 ad
1259 3695 1374 3752 verum,

271 3783 410 3848 voluntas
432 3791 479 3848 est
494 3806 614 3868 semper
636 3793 706 3847 actu
721 3782 760 3846 ad
779 3782 895 3846 bonum
919 3783 1046 3859 intenta,
1062 3803 1119 3844 neo
1139 3781 1251 3846 dicitur
1271 3784 1376 3868 stipere

270 3897 340 3979 quie
355 3896 426 3974 vult,
438 3896 498 3959 nisi
512 3895 585 3979 quia
598 3895 744 3958 terminat
759 3903 860 3957 actum
878 3893 1035 3956 electionis
1050 3891 1088 3956 ad
1105 3893 1233 3977 speciale
1247 3893 1373 3974 bonum,

270 4007 352 4091 quod
367 4029 430 4072 non
444 4017 491 4071 est
506 4006 550 4070 illi
565 4006 778 4083 necessarium,
791 4027 855 4068 non
866 4026 936 4068 vero
951 4005 1023 4088 quia
1039 4004 1078 4066 sit
1093 4003 1138 4067 illi
1152 4003 1282 4068 liberum
1297 4006 1374 4069 nihil

270 4141 394 4203 prorsus
413 4128 484 4182 actu
499 4117 585 4196 velle,
600 4124 655 4181 aut
670 4115 866 4201 supersedere
886 4137 904 4179 a
926 4115 999 4178 boni
1015 4115 1235 4199 prosecutione.
1282 4115 1375 4192 Quod

271 4231 344 4294 siin
359 4229 544 4307 hominibus,
560 4236 684 4313 propter
698 4226 822 4311 aliquod
844 4225 1098 4310 impedimentum
1114 4249 1150 4290 ex
1164 4247 1288 4310 corpore
1303 4249 1373 4312 pro·

269 4342 403 4418 veniens,
430 4340 551 4403 admitti
581 4339 678 4423 possit
703 4337 893 4402 voluntatem
923 4337 1097 4421 aliquando,
1128 4346 1163 4401 ιιι
1193 4337 1225 4400 iu
1256 4360 1372 4417 murno,

1588 387 1594 537 l
