<?xml version="1.0" encoding="UTF-8"?>
<!DOCTYPE html PUBLIC "-//W3C//DTD XHTML 1.0 Transitional//EN"
    "http://www.w3.org/TR/xhtml1/DTD/xhtml1-transitional.dtd">
<html xmlns="http://www.w3.org/1999/xhtml" xml:lang="en" lang="en">
 <head>
  <title>
</title>
<meta http-equiv="Content-Type" content="text/html;charset=utf-8" />
  <meta name='ocr-system' content='tesseract 3.04.00' />
  <meta name='ocr-capabilities' content='ocr_page ocr_carea ocr_par ocr_line ocrx_word'/>
</head>
<body>
  <div class='ocr_page' id='page_1' title='image "./realisphilosoph02baymgoog_0400.png"; bbox 0 0 3200 4975; ppageno 0'>
   <div class='ocr_carea' id='block_1_1' title="bbox 293 318 1403 397">
    <p class='ocr_par' dir='ltr' id='par_1_1' title="bbox 293 318 1403 397">
     <span class='ocr_line' id='line_1_1' title="bbox 293 318 1403 397; baseline -0.005 -12"><span class='ocrx_word' id='word_1_1' title='bbox 293 320 359 385; x_wconf 77' lang='lat'>386</span> <span class='ocrx_word' id='word_1_2' title='bbox 688 338 728 381; x_wconf 81' lang='lat' dir='ltr'>oa</span> <span class='ocrx_word' id='word_1_3' title='bbox 744 336 998 382; x_wconf 78' lang='lat' dir='ltr'>accrnnrrrrana.</span> <span class='ocrx_word' id='word_1_4' title='bbox 1238 318 1324 397; x_wconf 78' lang='lat' dir='ltr'>lcar.</span> <span class='ocrx_word' id='word_1_5' title='bbox 1344 338 1403 379; x_wconf 86' lang='lat'>111.</span> 
     </span>
    </p>
   </div>
   <div class='ocr_carea' id='block_1_2' title="bbox 198 497 1400 585">
    <p class='ocr_par' dir='ltr' id='par_1_2' title="bbox 198 497 1400 585">
     <span class='ocr_line' id='line_1_2' title="bbox 198 497 1400 585; baseline -0.005 -17"><span class='ocrx_word' id='word_1_6' title='bbox 198 514 202 523; x_wconf 84' lang='lat'>‘</span> <span class='ocrx_word' id='word_1_7' title='bbox 293 510 351 569; x_wconf 89' lang='lat' dir='ltr'>etc.</span> <span class='ocrx_word' id='word_1_8' title='bbox 398 501 597 580; x_wconf 73' lang='lat' dir='ltr'>Consequens</span> <span class='ocrx_word' id='word_1_9' title='bbox 611 520 680 564; x_wconf 84' lang='lat' dir='ltr'>vero</span> <span class='ocrx_word' id='word_1_10' title='bbox 698 498 865 585; x_wconf 83' lang='lat' dir='ltr'>probatur:</span> <span class='ocrx_word' id='word_1_11' title='bbox 890 497 915 563; x_wconf 91' lang='lat' dir='ltr'>si</span> <span class='ocrx_word' id='word_1_12' title='bbox 937 498 1017 563; x_wconf 91' lang='lat' dir='ltr'>enim</span> <span class='ocrx_word' id='word_1_13' title='bbox 1039 520 1101 563; x_wconf 91' lang='lat' dir='ltr'>non</span> <span class='ocrx_word' id='word_1_14' title='bbox 1117 507 1277 563; x_wconf 87' lang='lat' dir='ltr'>manerent</span> <span class='ocrx_word' id='word_1_15' title='bbox 1292 498 1400 564; x_wconf 89' lang='lat' dir='ltr'>eadem</span> 
     </span>
    </p>
   </div>
   <div class='ocr_carea' id='block_1_3' title="bbox 290 608 1403 2474">
    <p class='ocr_par' dir='ltr' id='par_1_3' title="bbox 290 608 1403 2474">
     <span class='ocr_line' id='line_1_3' title="bbox 291 608 1402 698; baseline -0.005 -20"><span class='ocrx_word' id='word_1_16' title='bbox 291 612 450 698; x_wconf 91' lang='lat' dir='ltr'>principia,</span> <span class='ocrx_word' id='word_1_17' title='bbox 466 609 629 677; x_wconf 88' lang='lat' dir='ltr'>dicendum</span> <span class='ocrx_word' id='word_1_18' title='bbox 644 618 733 689; x_wconf 84' lang='lat' dir='ltr'>esset,</span> <span class='ocrx_word' id='word_1_19' title='bbox 748 610 806 673; x_wconf 88' lang='lat' dir='ltr'>hoa</span> <span class='ocrx_word' id='word_1_20' title='bbox 821 608 947 674; x_wconf 83' lang='lat' dir='ltr'>effectus</span> <span class='ocrx_word' id='word_1_21' title='bbox 960 608 1089 694; x_wconf 82' lang='lat' dir='ltr'><strong>produci</strong></span> <span class='ocrx_word' id='word_1_22' title='bbox 1103 631 1122 674; x_wconf 91' lang='lat' dir='ltr'>a</span> <span class='ocrx_word' id='word_1_23' title='bbox 1136 631 1215 673; x_wconf 90' lang='lat' dir='ltr'>nova</span> <span class='ocrx_word' id='word_1_24' title='bbox 1232 631 1342 675; x_wconf 88' lang='lat' dir='ltr'>causa:</span> <span class='ocrx_word' id='word_1_25' title='bbox 1369 620 1402 674; x_wconf 90' lang='lat' dir='ltr'>et</span> 
     </span>
     <span class='ocr_line' id='line_1_4' title="bbox 292 719 1402 806; baseline -0.003 -18"><span class='ocrx_word' id='word_1_26' title='bbox 292 724 335 789; x_wconf 92' lang='lat' dir='ltr'>sic</span> <span class='ocrx_word' id='word_1_27' title='bbox 355 746 420 788; x_wconf 91' lang='lat' dir='ltr'>non</span> <span class='ocrx_word' id='word_1_28' title='bbox 437 732 539 787; x_wconf 84' lang='lat' dir='ltr'>essent</span> <span class='ocrx_word' id='word_1_29' title='bbox 558 722 664 787; x_wconf 88' lang='lat' dir='ltr'>eadem</span> <span class='ocrx_word' id='word_1_30' title='bbox 685 720 863 801; x_wconf 85' lang='lat' dir='ltr'>accidentia,</span> <span class='ocrx_word' id='word_1_31' title='bbox 879 742 947 806; x_wconf 85' lang='lat' dir='ltr'>quae</span> <span class='ocrx_word' id='word_1_32' title='bbox 964 729 1037 785; x_wconf 84' lang='lat' dir='ltr'>ante</span> <span class='ocrx_word' id='word_1_33' title='bbox 1058 721 1192 801; x_wconf 83' lang='lat' dir='ltr'>luerunt,</span> <span class='ocrx_word' id='word_1_34' title='bbox 1209 719 1263 784; x_wconf 89' lang='lat' dir='ltr'>scd</span> <span class='ocrx_word' id='word_1_35' title='bbox 1278 721 1402 785; x_wconf 85' lang='lat' dir='ltr'>similia.</span> 
     </span>
     <span class='ocr_line' id='line_1_5' title="bbox 292 831 1400 918; baseline -0.003 -19"><span class='ocrx_word' id='word_1_36' title='bbox 292 834 373 899; x_wconf 80' lang='lat' dir='ltr'>Sunt</span> <span class='ocrx_word' id='word_1_37' title='bbox 387 841 491 899; x_wconf 88' lang='lat' dir='ltr'>antem</span> <span class='ocrx_word' id='word_1_38' title='bbox 504 832 621 911; x_wconf 88' lang='lat' dir='ltr'>eadam,</span> <span class='ocrx_word' id='word_1_39' title='bbox 629 840 667 898; x_wconf 91' lang='lat' dir='ltr'>ut</span> <span class='ocrx_word' id='word_1_40' title='bbox 680 852 786 897; x_wconf 87' lang='lat' dir='ltr'>omncs</span> <span class='ocrx_word' id='word_1_41' title='bbox 800 831 955 911; x_wconf 61' lang='lat' dir='ltr'>fatentem</span> <span class='ocrx_word' id='word_1_42' title='bbox 977 831 1129 918; x_wconf 78' lang='lat' dir='ltr'>siquidem</span> <span class='ocrx_word' id='word_1_43' title='bbox 1145 854 1206 897; x_wconf 91' lang='lat' dir='ltr'>non</span> <span class='ocrx_word' id='word_1_44' title='bbox 1221 832 1400 897; x_wconf 83' lang='lat' dir='ltr'>dicerentur</span> 
     </span>
     <span class='ocr_line' id='line_1_6' title="bbox 290 942 1402 1027; baseline -0.004 -16"><span class='ocrx_word' id='word_1_45' title='bbox 290 942 458 1023; x_wconf 61' lang='lat' dir='ltr'>moereri</span> <span class='ocrx_word' id='word_1_46' title='bbox 479 964 543 1007; x_wconf 90' lang='lat' dir='ltr'>non</span> <span class='ocrx_word' id='word_1_47' title='bbox 564 951 666 1007; x_wconf 66' lang='lat' dir='ltr'>meent</span> <span class='ocrx_word' id='word_1_48' title='bbox 687 942 805 1008; x_wconf 90' lang='lat' dir='ltr'>eadem.</span> <span class='ocrx_word' id='word_1_49' title='bbox 849 942 933 1027; x_wconf 79' lang='lat' dir='ltr'>Ergo</span> <span class='ocrx_word' id='word_1_50' title='bbox 955 952 1080 1007; x_wconf 88' lang='lat' dir='ltr'>manent</span> <span class='ocrx_word' id='word_1_51' title='bbox 1103 942 1229 1008; x_wconf 89' lang='lat' dir='ltr'>materia</span> <span class='ocrx_word' id='word_1_52' title='bbox 1246 952 1277 1007; x_wconf 90' lang='lat' dir='ltr'>et</span> <span class='ocrx_word' id='word_1_53' title='bbox 1299 943 1402 1008; x_wconf 83' lang='lat' dir='ltr'>forma</span> 
     </span>
     <span class='ocr_line' id='line_1_7' title="bbox 290 1052 1398 1137; baseline -0.004 -17"><span class='ocrx_word' id='word_1_54' title='bbox 290 1056 520 1133; x_wconf 89' lang='lat' dir='ltr'>clementorum,</span> <span class='ocrx_word' id='word_1_55' title='bbox 537 1052 609 1117; x_wconf 91' lang='lat' dir='ltr'>licet</span> <span class='ocrx_word' id='word_1_56' title='bbox 628 1052 763 1118; x_wconf 86' lang='lat' dir='ltr'>habeant</span> <span class='ocrx_word' id='word_1_57' title='bbox 784 1052 935 1117; x_wconf 88' lang='lat' dir='ltr'>rationem</span> <span class='ocrx_word' id='word_1_58' title='bbox 957 1053 1198 1137; x_wconf 83' lang='lat' dir='ltr'>supernaturalis</span> <span class='ocrx_word' id='word_1_59' title='bbox 1220 1053 1398 1119; x_wconf 87' lang='lat' dir='ltr'>accidentis.</span> 
     </span>
     <span class='ocr_line' id='line_1_8' title="bbox 290 1163 1402 1249; baseline -0.005 -16"><span class='ocrx_word' id='word_1_60' title='bbox 290 1170 336 1233; x_wconf 83' lang='lat'>3⁰.</span> <span class='ocrx_word' id='word_1_61' title='bbox 358 1163 537 1232; x_wconf 88' lang='lat' dir='ltr'>Accidentia</span> <span class='ocrx_word' id='word_1_62' title='bbox 554 1164 782 1229; x_wconf 70' lang='lat' dir='ltr'>sacramentalia</span> <span class='ocrx_word' id='word_1_63' title='bbox 803 1164 946 1229; x_wconf 89' lang='lat' dir='ltr'>nutriunt</span> <span class='ocrx_word' id='word_1_64' title='bbox 968 1164 1124 1229; x_wconf 90' lang='lat' dir='ltr'>hominem</span> <span class='ocrx_word' id='word_1_65' title='bbox 1134 1191 1144 1244; x_wconf 82' lang='lat'>3</span> <span class='ocrx_word' id='word_1_66' title='bbox 1175 1186 1249 1249; x_wconf 86' lang='lat' dir='ltr'>ergo</span> <span class='ocrx_word' id='word_1_67' title='bbox 1270 1174 1402 1229; x_wconf 88' lang='lat' dir='ltr'>manent</span> 
     </span>
     <span class='ocr_line' id='line_1_9' title="bbox 293 1273 1403 1360; baseline -0.003 -20"><span class='ocrx_word' id='word_1_68' title='bbox 293 1275 420 1340; x_wconf 87' lang='lat' dir='ltr'>materia</span> <span class='ocrx_word' id='word_1_69' title='bbox 440 1284 473 1339; x_wconf 90' lang='lat' dir='ltr'>et</span> <span class='ocrx_word' id='word_1_70' title='bbox 493 1274 603 1341; x_wconf 79' lang='lat' dir='ltr'>forma.</span> <span class='ocrx_word' id='word_1_71' title='bbox 646 1273 840 1339; x_wconf 84' lang='lat' dir='ltr'>Antecedens</span> <span class='ocrx_word' id='word_1_72' title='bbox 862 1274 1019 1360; x_wconf 87' lang='lat' dir='ltr'>probatur.</span> <span class='ocrx_word' id='word_1_73' title='bbox 1065 1275 1147 1340; x_wconf 91' lang='lat' dir='ltr'>Nam</span> <span class='ocrx_word' id='word_1_74' title='bbox 1167 1275 1239 1340; x_wconf 90' lang='lat' dir='ltr'>licet</span> <span class='ocrx_word' id='word_1_75' title='bbox 1261 1284 1403 1341; x_wconf 85' lang='lat' dir='ltr'>auctores</span> 
     </span>
     <span class='ocr_line' id='line_1_10' title="bbox 293 1385 1401 1474; baseline -0.001 -23"><span class='ocrx_word' id='word_1_76' title='bbox 293 1386 416 1474; x_wconf 87' lang='lat' dir='ltr'>qnidam</span> <span class='ocrx_word' id='word_1_77' title='bbox 439 1385 577 1464; x_wconf 84' lang='lat' dir='ltr'>doceant,</span> <span class='ocrx_word' id='word_1_78' title='bbox 600 1385 752 1470; x_wconf 85' lang='lat' dir='ltr'>corruptis</span> <span class='ocrx_word' id='word_1_79' title='bbox 774 1385 941 1471; x_wconf 85' lang='lat' dir='ltr'>speciebus,</span> <span class='ocrx_word' id='word_1_80' title='bbox 965 1388 1060 1449; x_wconf 71' lang='lat' dir='ltr'>eremi</span> <span class='ocrx_word' id='word_1_81' title='bbox 1088 1386 1120 1449; x_wconf 90' lang='lat' dir='ltr'>in</span> <span class='ocrx_word' id='word_1_82' title='bbox 1148 1387 1304 1451; x_wconf 82' lang='lat' dir='ltr'>stomacho</span> <span class='ocrx_word' id='word_1_83' title='bbox 1326 1386 1401 1450; x_wconf 88' lang='lat' dir='ltr'>aub-</span> 
     </span>
     <span class='ocr_line' id='line_1_11' title="bbox 292 1496 1402 1583; baseline 0.001 -20"><span class='ocrx_word' id='word_1_84' title='bbox 292 1498 439 1565; x_wconf 87' lang='lat' dir='ltr'>stantiam</span> <span class='ocrx_word' id='word_1_85' title='bbox 468 1498 558 1582; x_wconf 87' lang='lat' dir='ltr'>panis</span> <span class='ocrx_word' id='word_1_86' title='bbox 581 1497 728 1582; x_wconf 85' lang='lat' dir='ltr'>corrupti,</span> <span class='ocrx_word' id='word_1_87' title='bbox 754 1505 787 1562; x_wconf 86' lang='lat' dir='ltr'>et</span> <span class='ocrx_word' id='word_1_88' title='bbox 816 1519 871 1583; x_wconf 88' lang='lat' dir='ltr'>per</span> <span class='ocrx_word' id='word_1_89' title='bbox 893 1497 973 1561; x_wconf 90' lang='lat' dir='ltr'>hanc</span> <span class='ocrx_word' id='word_1_90' title='bbox 995 1496 1151 1561; x_wconf 90' lang='lat' dir='ltr'>bominem</span> <span class='ocrx_word' id='word_1_91' title='bbox 1175 1498 1297 1577; x_wconf 89' lang='lat' dir='ltr'>nutriri,</span> <span class='ocrx_word' id='word_1_92' title='bbox 1320 1498 1402 1564; x_wconf 88' lang='lat' dir='ltr'>banc</span> 
     </span>
     <span class='ocr_line' id='line_1_12' title="bbox 292 1606 1401 1693; baseline -0.004 -19"><span class='ocrx_word' id='word_1_93' title='bbox 292 1619 395 1674; x_wconf 87' lang='lat' dir='ltr'>tamen</span> <span class='ocrx_word' id='word_1_94' title='bbox 418 1608 602 1673; x_wconf 88' lang='lat' dir='ltr'>sententiam</span> <span class='ocrx_word' id='word_1_95' title='bbox 625 1607 768 1693; x_wconf 91' lang='lat' dir='ltr'>reprobat</span> <span class='ocrx_word' id='word_1_96' title='bbox 790 1607 857 1672; x_wconf 90' lang='lat' dir='ltr'>iure</span> <span class='ocrx_word' id='word_1_97' title='bbox 881 1608 913 1672; x_wconf 86' lang='lat' dir='ltr'>S.</span> <span class='ocrx_word' id='word_1_98' title='bbox 928 1606 1061 1671; x_wconf 80' lang='lat' dir='ltr'>&#39;l&#39;homas</span> <span class='ocrx_word' id='word_1_99' title='bbox 1086 1609 1129 1692; x_wconf 81' lang='lat' dir='ltr'>(p.</span> <span class='ocrx_word' id='word_1_100' title='bbox 1145 1610 1176 1672; x_wconf 86' lang='lat'>3.</span> <span class='ocrx_word' id='word_1_101' title='bbox 1193 1631 1223 1693; x_wconf 89' lang='lat' dir='ltr'>q.</span> <span class='ocrx_word' id='word_1_102' title='bbox 1241 1613 1258 1674; x_wconf 79' lang='grc'>7</span> <span class='ocrx_word' id='word_1_103' title='bbox 1264 1612 1294 1675; x_wconf 88' lang='grc'>7.</span> <span class='ocrx_word' id='word_1_104' title='bbox 1310 1631 1337 1672; x_wconf 89' lang='lat' dir='ltr'>a.</span> <span class='ocrx_word' id='word_1_105' title='bbox 1354 1611 1401 1691; x_wconf 83' lang='lat'>5),</span> 
     </span>
     <span class='ocr_line' id='line_1_13' title="bbox 290 1719 1400 1807; baseline -0.002 -21"><span class='ocrx_word' id='word_1_106' title='bbox 290 1730 322 1787; x_wconf 93' lang='lat' dir='ltr'>et</span> <span class='ocrx_word' id='word_1_107' title='bbox 337 1730 483 1807; x_wconf 75' lang='lat' dir='ltr'>praterea</span> <span class='ocrx_word' id='word_1_108' title='bbox 497 1742 560 1785; x_wconf 92' lang='lat' dir='ltr'>non</span> <span class='ocrx_word' id='word_1_109' title='bbox 574 1729 677 1805; x_wconf 90' lang='lat' dir='ltr'>potest</span> <span class='ocrx_word' id='word_1_110' title='bbox 692 1719 825 1804; x_wconf 81' lang='lat' dir='ltr'>intelligi</span> <span class='ocrx_word' id='word_1_111' title='bbox 840 1720 994 1805; x_wconf 92' lang='lat' dir='ltr'>quomodo</span> <span class='ocrx_word' id='word_1_112' title='bbox 1009 1720 1042 1784; x_wconf 93' lang='lat' dir='ltr'>id</span> <span class='ocrx_word' id='word_1_113' title='bbox 1057 1720 1140 1805; x_wconf 93' lang='lat' dir='ltr'>quod</span> <span class='ocrx_word' id='word_1_114' title='bbox 1155 1743 1325 1805; x_wconf 87' lang='lat' dir='ltr'>numquam</span> <span class='ocrx_word' id='word_1_115' title='bbox 1336 1720 1400 1797; x_wconf 83' lang='lat' dir='ltr'>fuit</span> 
     </span>
     <span class='ocr_line' id='line_1_14' title="bbox 291 1830 1399 1915; baseline -0.003 -17"><span class='ocrx_word' id='word_1_116' title='bbox 291 1832 496 1898; x_wconf 90' lang='lat' dir='ltr'>annihilatum</span> <span class='ocrx_word' id='word_1_117' title='bbox 514 1833 598 1915; x_wconf 86' lang='lat' dir='ltr'>(nam</span> <span class='ocrx_word' id='word_1_118' title='bbox 613 1830 912 1895; x_wconf 86' lang='lat' dir='ltr'>transsubstantiatio</span> <span class='ocrx_word' id='word_1_119' title='bbox 927 1853 990 1895; x_wconf 93' lang='lat' dir='ltr'>non</span> <span class='ocrx_word' id='word_1_120' title='bbox 1006 1841 1053 1896; x_wconf 87' lang='lat' dir='ltr'>eat</span> <span class='ocrx_word' id='word_1_121' title='bbox 1074 1831 1267 1915; x_wconf 86' lang='lat' dir='ltr'>annihilatio)</span> <span class='ocrx_word' id='word_1_122' title='bbox 1289 1831 1399 1896; x_wconf 87' lang='lat' dir='ltr'>debeat</span> 
     </span>
     <span class='ocr_line' id='line_1_15' title="bbox 291 1943 1399 2025; baseline 0 -17"><span class='ocrx_word' id='word_1_123' title='bbox 291 1945 403 2009; x_wconf 91' lang='lat' dir='ltr'>iterum</span> <span class='ocrx_word' id='word_1_124' title='bbox 432 1944 535 2008; x_wconf 87' lang='lat' dir='ltr'>creari.</span> <span class='ocrx_word' id='word_1_125' title='bbox 582 1943 644 2009; x_wconf 86' lang='lat' dir='ltr'>Sed</span> <span class='ocrx_word' id='word_1_126' title='bbox 673 1944 709 2021; x_wconf 92' lang='lat' dir='ltr'>si,</span> <span class='ocrx_word' id='word_1_127' title='bbox 739 1952 883 2009; x_wconf 89' lang='lat' dir='ltr'>manente</span> <span class='ocrx_word' id='word_1_128' title='bbox 911 1951 1023 2009; x_wconf 88' lang='lat' dir='ltr'>natura</span> <span class='ocrx_word' id='word_1_129' title='bbox 1051 1944 1210 2025; x_wconf 88' lang='lat' dir='ltr'>materiali,</span> <span class='ocrx_word' id='word_1_130' title='bbox 1241 1945 1399 2009; x_wconf 74' lang='lat' dir='ltr'>auferatur</span> 
     </span>
     <span class='ocr_line' id='line_1_16' title="bbox 291 2054 1402 2141; baseline 0.003 -24"><span class='ocrx_word' id='word_1_131' title='bbox 291 2063 413 2118; x_wconf 90' lang='lat' dir='ltr'>tantum</span> <span class='ocrx_word' id='word_1_132' title='bbox 440 2054 516 2118; x_wconf 89' lang='lat' dir='ltr'>ratio</span> <span class='ocrx_word' id='word_1_133' title='bbox 541 2054 662 2118; x_wconf 90' lang='lat' dir='ltr'>essendi</span> <span class='ocrx_word' id='word_1_134' title='bbox 683 2056 716 2117; x_wconf 92' lang='lat' dir='ltr'>in</span> <span class='ocrx_word' id='word_1_135' title='bbox 739 2076 782 2133; x_wconf 90' lang='lat' dir='ltr'>ae,</span> <span class='ocrx_word' id='word_1_136' title='bbox 802 2063 838 2118; x_wconf 93' lang='lat' dir='ltr'>ut</span> <span class='ocrx_word' id='word_1_137' title='bbox 858 2076 951 2140; x_wconf 88' lang='lat' dir='ltr'>supra</span> <span class='ocrx_word' id='word_1_138' title='bbox 971 2055 1113 2134; x_wconf 84' lang='lat' dir='ltr'>diximus,</span> <span class='ocrx_word' id='word_1_139' title='bbox 1134 2056 1220 2120; x_wconf 87' lang='lat' dir='ltr'>nulla</span> <span class='ocrx_word' id='word_1_140' title='bbox 1244 2078 1321 2141; x_wconf 90' lang='lat' dir='ltr'>opus</span> <span class='ocrx_word' id='word_1_141' title='bbox 1341 2056 1402 2120; x_wconf 88' lang='lat' dir='ltr'>erit</span> 
     </span>
     <span class='ocr_line' id='line_1_17' title="bbox 292 2164 1399 2249; baseline 0 -20"><span class='ocrx_word' id='word_1_142' title='bbox 292 2165 451 2244; x_wconf 87' lang='lat' dir='ltr'>creatione,</span> <span class='ocrx_word' id='word_1_143' title='bbox 468 2176 504 2229; x_wconf 90' lang='lat' dir='ltr'>ut</span> <span class='ocrx_word' id='word_1_144' title='bbox 518 2166 632 2248; x_wconf 88' lang='lat' dir='ltr'>speeies</span> <span class='ocrx_word' id='word_1_145' title='bbox 646 2175 795 2249; x_wconf 87' lang='lat' dir='ltr'>corruptae</span> <span class='ocrx_word' id='word_1_146' title='bbox 810 2164 886 2228; x_wconf 88' lang='lat' dir='ltr'>fiant</span> <span class='ocrx_word' id='word_1_147' title='bbox 907 2164 1123 2230; x_wconf 87' lang='lat' dir='ltr'>substantiales</span> <span class='ocrx_word' id='word_1_148' title='bbox 1136 2188 1144 2231; x_wconf 79' lang='lat' dir='ltr'>c</span> <span class='ocrx_word' id='word_1_149' title='bbox 1167 2167 1296 2230; x_wconf 86' lang='lat' dir='ltr'>sufficiet</span> <span class='ocrx_word' id='word_1_150' title='bbox 1315 2166 1399 2229; x_wconf 92' lang='lat' dir='ltr'>enim</span> 
     </span>
     <span class='ocr_line' id='line_1_18' title="bbox 295 2275 1402 2361; baseline 0 -22"><span class='ocrx_word' id='word_1_151' title='bbox 295 2284 331 2341; x_wconf 86' lang='lat' dir='ltr'>ut</span> <span class='ocrx_word' id='word_1_152' title='bbox 350 2275 471 2340; x_wconf 85' lang='lat' dir='ltr'>recedat</span> <span class='ocrx_word' id='word_1_153' title='bbox 490 2298 602 2360; x_wconf 86' lang='lat' dir='ltr'>eorpus</span> <span class='ocrx_word' id='word_1_154' title='bbox 617 2275 733 2340; x_wconf 81' lang='lat' dir='ltr'>Christi</span> <span class='ocrx_word' id='word_1_155' title='bbox 758 2296 811 2339; x_wconf 87' lang='lat' dir='ltr'>eas</span> <span class='ocrx_word' id='word_1_156' title='bbox 829 2277 1100 2361; x_wconf 86' lang='lat' dir='ltr'>supernaturaliter</span> <span class='ocrx_word' id='word_1_157' title='bbox 1119 2285 1316 2342; x_wconf 86' lang='lat' dir='ltr'>sustentans:</span> <span class='ocrx_word' id='word_1_158' title='bbox 1339 2300 1402 2360; x_wconf 89' lang='lat' dir='ltr'>quo</span> 
     </span>
     <span class='ocr_line' id='line_1_19' title="bbox 293 2385 1402 2474; baseline 0.001 -24"><span class='ocrx_word' id='word_1_159' title='bbox 293 2387 384 2466; x_wconf 84' lang='lat' dir='ltr'>facto,</span> <span class='ocrx_word' id='word_1_160' title='bbox 399 2395 510 2451; x_wconf 86' lang='lat' dir='ltr'>natura</span> <span class='ocrx_word' id='word_1_161' title='bbox 531 2386 584 2450; x_wconf 88' lang='lat' dir='ltr'>illa</span> <span class='ocrx_word' id='word_1_162' title='bbox 606 2385 663 2450; x_wconf 88' lang='lat' dir='ltr'>sibi</span> <span class='ocrx_word' id='word_1_163' title='bbox 684 2386 789 2451; x_wconf 86' lang='lat' dir='ltr'>relicta</span> <span class='ocrx_word' id='word_1_164' title='bbox 812 2390 869 2451; x_wconf 81' lang='lat' dir='ltr'>erit</span> <span class='ocrx_word' id='word_1_165' title='bbox 890 2389 923 2451; x_wconf 84' lang='lat' dir='ltr'>c&#39;n</span> <span class='ocrx_word' id='word_1_166' title='bbox 944 2410 976 2452; x_wconf 84' lang='lat' dir='ltr'>ae</span> <span class='ocrx_word' id='word_1_167' title='bbox 997 2390 1111 2467; x_wconf 70' lang='lat' dir='ltr'>iterum,</span> <span class='ocrx_word' id='word_1_168' title='bbox 1127 2396 1158 2451; x_wconf 87' lang='lat' dir='ltr'>et</span> <span class='ocrx_word' id='word_1_169' title='bbox 1179 2396 1402 2474; x_wconf 86' lang='lat' dir='ltr'>consequenter</span> 
     </span>
    </p>
   </div>
   <div class='ocr_carea' id='block_1_4' title="bbox 292 2498 1400 3117">
    <p class='ocr_par' dir='ltr' id='par_1_4' title="bbox 292 2498 1400 3117">
     <span class='ocr_line' id='line_1_20' title="bbox 294 2498 1400 2586; baseline -0.002 -22"><span class='ocrx_word' id='word_1_170' title='bbox 294 2499 352 2564; x_wconf 91' lang='lat' dir='ltr'>erit</span> <span class='ocrx_word' id='word_1_171' title='bbox 371 2498 552 2564; x_wconf 89' lang='lat' dir='ltr'>substantia.</span> <span class='ocrx_word' id='word_1_172' title='bbox 597 2499 745 2563; x_wconf 82' lang='lat' dir='ltr'>Attamen</span> <span class='ocrx_word' id='word_1_173' title='bbox 766 2499 854 2577; x_wconf 90' lang='lat' dir='ltr'>ratio,</span> <span class='ocrx_word' id='word_1_174' title='bbox 869 2507 995 2584; x_wconf 87' lang='lat' dir='ltr'>propter</span> <span class='ocrx_word' id='word_1_175' title='bbox 1013 2522 1107 2585; x_wconf 92' lang='lat' dir='ltr'>quam</span> <span class='ocrx_word' id='word_1_176' title='bbox 1127 2507 1238 2564; x_wconf 92' lang='lat' dir='ltr'>natura</span> <span class='ocrx_word' id='word_1_177' title='bbox 1260 2500 1400 2586; x_wconf 83' lang='lat' dir='ltr'>quaedam</span> 
     </span>
     <span class='ocr_line' id='line_1_21' title="bbox 294 2609 1399 2689; baseline 0 -15"><span class='ocrx_word' id='word_1_178' title='bbox 294 2610 457 2675; x_wconf 88' lang='lat' dir='ltr'>materialis</span> <span class='ocrx_word' id='word_1_179' title='bbox 474 2610 583 2689; x_wconf 87' lang='lat' dir='ltr'>nutrit,</span> <span class='ocrx_word' id='word_1_180' title='bbox 599 2632 663 2674; x_wconf 91' lang='lat' dir='ltr'>non</span> <span class='ocrx_word' id='word_1_181' title='bbox 681 2618 728 2675; x_wconf 91' lang='lat' dir='ltr'>est</span> <span class='ocrx_word' id='word_1_182' title='bbox 745 2610 823 2673; x_wconf 87' lang='lat' dir='ltr'>ratio</span> <span class='ocrx_word' id='word_1_183' title='bbox 838 2609 958 2674; x_wconf 85' lang='lat' dir='ltr'>essendi</span> <span class='ocrx_word' id='word_1_184' title='bbox 973 2609 1006 2674; x_wconf 90' lang='lat' dir='ltr'>in</span> <span class='ocrx_word' id='word_1_185' title='bbox 1024 2632 1065 2688; x_wconf 88' lang='lat' dir='ltr'>ae,</span> <span class='ocrx_word' id='word_1_186' title='bbox 1082 2609 1135 2673; x_wconf 93' lang='lat' dir='ltr'>sed</span> <span class='ocrx_word' id='word_1_187' title='bbox 1150 2619 1260 2675; x_wconf 89' lang='lat' dir='ltr'>natura</span> <span class='ocrx_word' id='word_1_188' title='bbox 1274 2610 1340 2675; x_wconf 90' lang='lat' dir='ltr'>eius</span> <span class='ocrx_word' id='word_1_189' title='bbox 1354 2612 1399 2675; x_wconf 89' lang='lat' dir='ltr'>rei</span> 
     </span>
     <span class='ocr_line' id='line_1_22' title="bbox 292 2719 1400 2806; baseline 0.001 -22"><span class='ocrx_word' id='word_1_190' title='bbox 292 2743 361 2804; x_wconf 82' lang='lat' dir='ltr'>quae</span> <span class='ocrx_word' id='word_1_191' title='bbox 375 2719 554 2784; x_wconf 85' lang='lat' dir='ltr'>naturaliter</span> <span class='ocrx_word' id='word_1_192' title='bbox 567 2720 601 2783; x_wconf 93' lang='lat' dir='ltr'>in</span> <span class='ocrx_word' id='word_1_193' title='bbox 616 2742 649 2784; x_wconf 92' lang='lat' dir='ltr'>se</span> <span class='ocrx_word' id='word_1_194' title='bbox 662 2720 812 2799; x_wconf 86' lang='lat' dir='ltr'>existeret,</span> <span class='ocrx_word' id='word_1_195' title='bbox 828 2719 855 2783; x_wconf 89' lang='lat' dir='ltr'>ai</span> <span class='ocrx_word' id='word_1_196' title='bbox 869 2720 902 2784; x_wconf 92' lang='lat' dir='ltr'>in</span> <span class='ocrx_word' id='word_1_197' title='bbox 917 2720 977 2784; x_wconf 90' lang='lat' dir='ltr'>alio</span> <span class='ocrx_word' id='word_1_198' title='bbox 998 2741 1061 2784; x_wconf 91' lang='lat' dir='ltr'>nou</span> <span class='ocrx_word' id='word_1_199' title='bbox 1084 2728 1164 2784; x_wconf 88' lang='lat' dir='ltr'>essct</span> <span class='ocrx_word' id='word_1_200' title='bbox 1184 2730 1400 2806; x_wconf 86' lang='lat' dir='ltr'>supernatura-</span> 
     </span>
     <span class='ocr_line' id='line_1_23' title="bbox 292 2828 1398 2916; baseline 0.004 -24"><span class='ocrx_word' id='word_1_201' title='bbox 292 2829 372 2894; x_wconf 88' lang='lat' dir='ltr'>liter.</span> <span class='ocrx_word' id='word_1_202' title='bbox 418 2831 510 2894; x_wconf 90' lang='lat' dir='ltr'>Unde</span> <span class='ocrx_word' id='word_1_203' title='bbox 524 2830 652 2908; x_wconf 88' lang='lat' dir='ltr'>etiamsi,</span> <span class='ocrx_word' id='word_1_204' title='bbox 666 2830 828 2895; x_wconf 86' lang='lat' dir='ltr'>recedente</span> <span class='ocrx_word' id='word_1_205' title='bbox 837 2828 971 2909; x_wconf 82' lang='lat' dir='ltr'>Christo,</span> <span class='ocrx_word' id='word_1_206' title='bbox 987 2830 1132 2895; x_wconf 87' lang='lat' dir='ltr'>reddatur</span> <span class='ocrx_word' id='word_1_207' title='bbox 1147 2831 1305 2916; x_wconf 89' lang='lat' dir='ltr'>speciebus</span> <span class='ocrx_word' id='word_1_208' title='bbox 1320 2833 1398 2896; x_wconf 89' lang='lat' dir='ltr'>ratio</span> 
     </span>
     <span class='ocr_line' id='line_1_24' title="bbox 293 2940 1398 3027; baseline 0 -21"><span class='ocrx_word' id='word_1_209' title='bbox 293 2941 414 3006; x_wconf 86' lang='lat' dir='ltr'>essendi</span> <span class='ocrx_word' id='word_1_210' title='bbox 435 2942 467 3004; x_wconf 89' lang='lat' dir='ltr'>in</span> <span class='ocrx_word' id='word_1_211' title='bbox 491 2964 532 3019; x_wconf 90' lang='lat' dir='ltr'>se,</span> <span class='ocrx_word' id='word_1_212' title='bbox 548 2963 610 3006; x_wconf 91' lang='lat' dir='ltr'>non</span> <span class='ocrx_word' id='word_1_213' title='bbox 632 2940 691 3005; x_wconf 88' lang='lat' dir='ltr'>sub</span> <span class='ocrx_word' id='word_1_214' title='bbox 713 2942 771 3005; x_wconf 88' lang='lat' dir='ltr'>hac</span> <span class='ocrx_word' id='word_1_215' title='bbox 791 2942 910 3005; x_wconf 88' lang='lat' dir='ltr'>ratione</span> <span class='ocrx_word' id='word_1_216' title='bbox 931 2941 1085 3021; x_wconf 89' lang='lat' dir='ltr'>nutriunt,</span> <span class='ocrx_word' id='word_1_217' title='bbox 1102 2942 1156 3007; x_wconf 90' lang='lat' dir='ltr'>sed</span> <span class='ocrx_word' id='word_1_218' title='bbox 1172 2942 1348 3027; x_wconf 78' lang='lat' dir='ltr'>simpliciter</span> <span class='ocrx_word' id='word_1_219' title='bbox 1362 2952 1398 3006; x_wconf 89' lang='lat' dir='ltr'>ut</span> 
     </span>
     <span class='ocr_line' id='line_1_25' title="bbox 295 3051 1398 3117; baseline 0 -1"><span class='ocrx_word' id='word_1_220' title='bbox 295 3059 369 3116; x_wconf 88' lang='lat' dir='ltr'>sunt</span> <span class='ocrx_word' id='word_1_221' title='bbox 382 3051 453 3115; x_wconf 87' lang='lat' dir='ltr'>talia</span> <span class='ocrx_word' id='word_1_222' title='bbox 470 3060 596 3117; x_wconf 86' lang='lat' dir='ltr'>naturae.</span> <span class='ocrx_word' id='word_1_223' title='bbox 641 3052 761 3117; x_wconf 87' lang='lat' dir='ltr'>Natura</span> <span class='ocrx_word' id='word_1_224' title='bbox 782 3061 885 3116; x_wconf 91' lang='lat' dir='ltr'>autem</span> <span class='ocrx_word' id='word_1_225' title='bbox 907 3073 944 3116; x_wconf 89' lang='lat' dir='ltr'>ex</span> <span class='ocrx_word' id='word_1_226' title='bbox 965 3052 1092 3116; x_wconf 89' lang='lat' dir='ltr'>materia</span> <span class='ocrx_word' id='word_1_227' title='bbox 1113 3061 1144 3117; x_wconf 90' lang='lat' dir='ltr'>ct</span> <span class='ocrx_word' id='word_1_228' title='bbox 1165 3053 1264 3117; x_wconf 82' lang='lat' dir='ltr'>forma</span> <span class='ocrx_word' id='word_1_229' title='bbox 1285 3054 1398 3117; x_wconf 87' lang='lat' dir='ltr'>consti-</span> 
     </span>
    </p>
   </div>
   <div class='ocr_carea' id='block_1_5' title="bbox 294 3164 1400 4359">
    <p class='ocr_par' dir='ltr' id='par_1_5' title="bbox 294 3164 1400 3451">
     <span class='ocr_line' id='line_1_26' title="bbox 294 3164 1400 3249; baseline 0 -21"><span class='ocrx_word' id='word_1_230' title='bbox 294 3165 413 3230; x_wconf 84' lang='lat' dir='ltr'>tuitur:</span> <span class='ocrx_word' id='word_1_231' title='bbox 439 3174 471 3228; x_wconf 89' lang='lat' dir='ltr'>et</span> <span class='ocrx_word' id='word_1_232' title='bbox 500 3164 569 3229; x_wconf 90' lang='lat' dir='ltr'>ideo</span> <span class='ocrx_word' id='word_1_233' title='bbox 598 3173 724 3229; x_wconf 89' lang='lat' dir='ltr'>manent</span> <span class='ocrx_word' id='word_1_234' title='bbox 753 3165 818 3229; x_wconf 80' lang='lat' dir='ltr'>haec</span> <span class='ocrx_word' id='word_1_235' title='bbox 847 3164 908 3229; x_wconf 89' lang='lat' dir='ltr'>duo</span> <span class='ocrx_word' id='word_1_236' title='bbox 937 3173 1007 3249; x_wconf 88' lang='lat' dir='ltr'>post</span> <span class='ocrx_word' id='word_1_237' title='bbox 1038 3165 1304 3245; x_wconf 84' lang='lat' dir='ltr'>consecrationem,</span> <span class='ocrx_word' id='word_1_238' title='bbox 1328 3164 1400 3229; x_wconf 88' lang='lat' dir='ltr'>licet</span> 
     </span>
     <span class='ocr_line' id='line_1_27' title="bbox 295 3274 1399 3362; baseline 0.002 -23"><span class='ocrx_word' id='word_1_239' title='bbox 295 3276 407 3340; x_wconf 89' lang='lat' dir='ltr'>amissa</span> <span class='ocrx_word' id='word_1_240' title='bbox 425 3275 543 3340; x_wconf 88' lang='lat' dir='ltr'>ratione</span> <span class='ocrx_word' id='word_1_241' title='bbox 563 3275 750 3354; x_wconf 75' lang='lat' dir='ltr'>substantiae,</span> <span class='ocrx_word' id='word_1_242' title='bbox 766 3296 836 3360; x_wconf 83' lang='lat' dir='ltr'>quae</span> <span class='ocrx_word' id='word_1_243' title='bbox 857 3283 923 3340; x_wconf 81' lang='lat' dir='ltr'>tota</span> <span class='ocrx_word' id='word_1_244' title='bbox 936 3274 1069 3359; x_wconf 86' lang='lat' dir='ltr'>pertinet</span> <span class='ocrx_word' id='word_1_245' title='bbox 1084 3275 1123 3340; x_wconf 91' lang='lat' dir='ltr'>ad</span> <span class='ocrx_word' id='word_1_246' title='bbox 1138 3277 1399 3362; x_wconf 88' lang='lat' dir='ltr'>supernaturalem</span> 
     </span>
     <span class='ocr_line' id='line_1_28' title="bbox 298 3395 544 3451; baseline 0.004 -1"><span class='ocrx_word' id='word_1_247' title='bbox 298 3395 544 3451; x_wconf 88' lang='lat' dir='ltr'>sustentatorem.</span> 
     </span>
    </p>

    <p class='ocr_par' dir='ltr' id='par_1_6' title="bbox 296 3497 1399 4359">
     <span class='ocr_line' id='line_1_29' title="bbox 339 3497 1397 3584; baseline 0 -22"><span class='ocrx_word' id='word_1_248' title='bbox 339 3497 491 3562; x_wconf 90' lang='lat' dir='ltr'>Probatur</span> <span class='ocrx_word' id='word_1_249' title='bbox 504 3499 593 3562; x_wconf 86' lang='lat' dir='ltr'>tertio</span> <span class='ocrx_word' id='word_1_250' title='bbox 608 3520 644 3562; x_wconf 84' lang='lat' dir='ltr'>ex</span> <span class='ocrx_word' id='word_1_251' title='bbox 658 3497 774 3577; x_wconf 91' lang='lat' dir='ltr'>multis,</span> <span class='ocrx_word' id='word_1_252' title='bbox 786 3520 855 3583; x_wconf 84' lang='lat' dir='ltr'>quoe</span> <span class='ocrx_word' id='word_1_253' title='bbox 870 3497 908 3562; x_wconf 92' lang='lat' dir='ltr'>de</span> <span class='ocrx_word' id='word_1_254' title='bbox 922 3497 981 3562; x_wconf 93' lang='lat' dir='ltr'>hoc</span> <span class='ocrx_word' id='word_1_255' title='bbox 996 3499 1139 3584; x_wconf 85' lang='lat' dir='ltr'>mysterio</span> <span class='ocrx_word' id='word_1_256' title='bbox 1152 3498 1295 3563; x_wconf 87' lang='lat' dir='ltr'>dixerunt</span> <span class='ocrx_word' id='word_1_257' title='bbox 1309 3499 1397 3562; x_wconf 89' lang='lat' dir='ltr'>theo-</span> 
     </span>
     <span class='ocr_line' id='line_1_30' title="bbox 296 3606 1395 3695; baseline -0.003 -22"><span class='ocrx_word' id='word_1_258' title='bbox 296 3610 367 3695; x_wconf 81' lang='lat' dir='ltr'>logi</span> <span class='ocrx_word' id='word_1_259' title='bbox 414 3610 495 3673; x_wconf 92' lang='lat' dir='ltr'>Nam</span> <span class='ocrx_word' id='word_1_260' title='bbox 515 3613 557 3673; x_wconf 86' lang='lat'>1⁰.</span> <span class='ocrx_word' id='word_1_261' title='bbox 581 3609 729 3692; x_wconf 78' lang='lat' dir='ltr'>Theologi</span> <span class='ocrx_word' id='word_1_262' title='bbox 748 3629 854 3674; x_wconf 89' lang='lat' dir='ltr'>omnes</span> <span class='ocrx_word' id='word_1_263' title='bbox 874 3606 990 3692; x_wconf 89' lang='lat' dir='ltr'>(paucis</span> <span class='ocrx_word' id='word_1_264' title='bbox 1011 3607 1229 3672; x_wconf 87' lang='lat' dir='ltr'>recentioribus</span> <span class='ocrx_word' id='word_1_265' title='bbox 1251 3609 1395 3692; x_wconf 83' lang='lat' dir='ltr'>exceptis)</span> 
     </span>
     <span class='ocr_line' id='line_1_31' title="bbox 296 3719 1399 3807; baseline -0.003 -21"><span class='ocrx_word' id='word_1_266' title='bbox 296 3731 465 3807; x_wconf 82' lang='lat' dir='ltr'>posuerrmt</span> <span class='ocrx_word' id='word_1_267' title='bbox 486 3722 648 3786; x_wconf 66' lang='lat' dir='ltr'>accidentia</span> <span class='ocrx_word' id='word_1_268' title='bbox 671 3721 813 3800; x_wconf 67' lang='lat' dir='ltr'>washun,</span> <span class='ocrx_word' id='word_1_269' title='bbox 836 3741 965 3806; x_wconf 90' lang='lat' dir='ltr'>quorum</span> <span class='ocrx_word' id='word_1_270' title='bbox 988 3719 1202 3804; x_wconf 86' lang='lat' dir='ltr'>explicationes</span> <span class='ocrx_word' id='word_1_271' title='bbox 1225 3719 1338 3783; x_wconf 89' lang='lat' dir='ltr'>multas</span> <span class='ocrx_word' id='word_1_272' title='bbox 1366 3729 1399 3783; x_wconf 88' lang='lat' dir='ltr'>et</span> 
     </span>
     <span class='ocr_line' id='line_1_32' title="bbox 298 3830 1399 3915; baseline -0.005 -17"><span class='ocrx_word' id='word_1_273' title='bbox 298 3833 461 3899; x_wconf 86' lang='lat' dir='ltr'>laboriosas</span> <span class='ocrx_word' id='word_1_274' title='bbox 490 3840 685 3897; x_wconf 85' lang='lat' dir='ltr'>tentaverunt</span> <span class='ocrx_word' id='word_1_275' title='bbox 713 3853 784 3895; x_wconf 91' lang='lat' dir='ltr'>cum</span> <span class='ocrx_word' id='word_1_276' title='bbox 813 3851 906 3915; x_wconf 85' lang='lat' dir='ltr'>parvo</span> <span class='ocrx_word' id='word_1_277' title='bbox 934 3830 1062 3895; x_wconf 88' lang='lat' dir='ltr'>fortasse</span> <span class='ocrx_word' id='word_1_278' title='bbox 1085 3830 1197 3895; x_wconf 81' lang='lat' dir='ltr'>fructu.</span> <span class='ocrx_word' id='word_1_279' title='bbox 1242 3830 1339 3915; x_wconf 92' lang='lat' dir='ltr'>Atqui</span> <span class='ocrx_word' id='word_1_280' title='bbox 1365 3830 1399 3892; x_wconf 92' lang='lat' dir='ltr'>in</span> 
     </span>
     <span class='ocr_line' id='line_1_33' title="bbox 297 3940 1399 4026; baseline -0.005 -16"><span class='ocrx_word' id='word_1_281' title='bbox 297 3953 403 4010; x_wconf 88' lang='lat' dir='ltr'>nostra</span> <span class='ocrx_word' id='word_1_282' title='bbox 428 3944 579 4009; x_wconf 87' lang='lat' dir='ltr'>sententia</span> <span class='ocrx_word' id='word_1_283' title='bbox 603 3953 634 4006; x_wconf 88' lang='lat' dir='ltr'>et</span> <span class='ocrx_word' id='word_1_284' title='bbox 660 3942 812 4007; x_wconf 88' lang='lat' dir='ltr'>habentur</span> <span class='ocrx_word' id='word_1_285' title='bbox 835 3941 1002 4007; x_wconf 86' lang='lat' dir='ltr'>accidentia</span> <span class='ocrx_word' id='word_1_286' title='bbox 1026 3941 1165 4026; x_wconf 72' lang='lat' dir='ltr'>quaedam</span> <span class='ocrx_word' id='word_1_287' title='bbox 1191 3940 1340 4020; x_wconf 87' lang='lat' dir='ltr'>absoluta,</span> <span class='ocrx_word' id='word_1_288' title='bbox 1366 3950 1399 4004; x_wconf 90' lang='lat' dir='ltr'>et</span> 
     </span>
     <span class='ocr_line' id='line_1_34' title="bbox 296 4051 1399 4139; baseline -0.005 -19"><span class='ocrx_word' id='word_1_289' title='bbox 296 4056 375 4120; x_wconf 90' lang='lat' dir='ltr'>ratio</span> <span class='ocrx_word' id='word_1_290' title='bbox 403 4055 523 4120; x_wconf 88' lang='lat' dir='ltr'>essendi</span> <span class='ocrx_word' id='word_1_291' title='bbox 551 4055 687 4139; x_wconf 88' lang='lat' dir='ltr'>ipsorum</span> <span class='ocrx_word' id='word_1_292' title='bbox 716 4053 802 4117; x_wconf 82' lang='lat' dir='ltr'>facile</span> <span class='ocrx_word' id='word_1_293' title='bbox 831 4052 962 4136; x_wconf 79' lang='lat' dir='ltr'>intelligi</span> <span class='ocrx_word' id='word_1_294' title='bbox 984 4060 1096 4137; x_wconf 89' lang='lat' dir='ltr'>potest.</span> <span class='ocrx_word' id='word_1_295' title='bbox 1141 4052 1222 4116; x_wconf 88' lang='lat' dir='ltr'>Nam</span> <span class='ocrx_word' id='word_1_296' title='bbox 1248 4051 1399 4115; x_wconf 87' lang='lat' dir='ltr'>elementa</span> 
     </span>
     <span class='ocr_line' id='line_1_35' title="bbox 297 4163 1399 4250; baseline -0.004 -20"><span class='ocrx_word' id='word_1_297' title='bbox 297 4167 439 4246; x_wconf 86' lang='lat' dir='ltr'>materiae,</span> <span class='ocrx_word' id='word_1_298' title='bbox 455 4187 523 4250; x_wconf 80' lang='lat' dir='ltr'>quae</span> <span class='ocrx_word' id='word_1_299' title='bbox 538 4173 612 4229; x_wconf 89' lang='lat' dir='ltr'>sunt</span> <span class='ocrx_word' id='word_1_300' title='bbox 626 4166 659 4228; x_wconf 91' lang='lat' dir='ltr'>in</span> <span class='ocrx_word' id='word_1_301' title='bbox 673 4187 762 4249; x_wconf 90' lang='lat' dir='ltr'>pane,</span> <span class='ocrx_word' id='word_1_302' title='bbox 772 4186 809 4228; x_wconf 92' lang='lat' dir='ltr'>eo</span> <span class='ocrx_word' id='word_1_303' title='bbox 823 4164 890 4249; x_wconf 86' lang='lat' dir='ltr'>ipso</span> <span class='ocrx_word' id='word_1_304' title='bbox 904 4163 987 4249; x_wconf 92' lang='lat' dir='ltr'>quod</span> <span class='ocrx_word' id='word_1_305' title='bbox 1001 4163 1150 4228; x_wconf 90' lang='lat' dir='ltr'>rationem</span> <span class='ocrx_word' id='word_1_306' title='bbox 1164 4163 1264 4247; x_wconf 90' lang='lat' dir='ltr'>primo</span> <span class='ocrx_word' id='word_1_307' title='bbox 1278 4163 1399 4226; x_wconf 86' lang='lat' dir='ltr'>essendi</span> 
     </span>
     <span class='ocr_line' id='line_1_36' title="bbox 297 4273 1396 4359; baseline -0.002 -20"><span class='ocrx_word' id='word_1_308' title='bbox 297 4276 331 4340; x_wconf 89' lang='lat' dir='ltr'>in</span> <span class='ocrx_word' id='word_1_309' title='bbox 351 4298 384 4339; x_wconf 90' lang='lat' dir='ltr'>se</span> <span class='ocrx_word' id='word_1_310' title='bbox 403 4276 561 4355; x_wconf 85' lang='lat' dir='ltr'>amittunt,</span> <span class='ocrx_word' id='word_1_311' title='bbox 576 4275 691 4340; x_wconf 89' lang='lat' dir='ltr'>babent</span> <span class='ocrx_word' id='word_1_312' title='bbox 711 4275 860 4340; x_wconf 88' lang='lat' dir='ltr'>rationem</span> <span class='ocrx_word' id='word_1_313' title='bbox 881 4274 1083 4340; x_wconf 89' lang='lat' dir='ltr'>accidentium</span> <span class='ocrx_word' id='word_1_314' title='bbox 1102 4273 1396 4359; x_wconf 89' lang='lat' dir='ltr'>supernaturalium:</span> 
     </span>
    </p>
   </div>
   <div class='ocr_carea' id='block_1_6' title="bbox 0 0 1608 4975">
    <p class='ocr_par' dir='ltr' id='par_1_7' title="bbox 0 0 1608 4975">
     <span class='ocr_line' id='line_1_37' title="bbox 0 0 1608 4975; baseline 0 0"><span class='ocrx_word' id='word_1_315' title='bbox 0 0 1608 4975; x_wconf 95' lang='lat' dir='ltr'> </span> 
     </span>
    </p>
   </div>
  </div>
 </body>
</html>
