3200 4975
239 341 313 384 car.
331 322 369 405 1.]
691 341 733 383 nn
751 339 897 384 nonius.
1056 299 1061 308 ⁴
1280 323 1342 384 159

237 503 312 582 fleri,
334 502 360 566 si
381 504 508 568 fortuito
530 512 659 588 uterque
681 503 845 568 decadem
869 525 901 568 re
923 511 976 566 aut
999 500 1091 568 simili
1113 504 1245 589 cogitet;
1268 512 1343 567 tunc

237 615 319 678 enim
334 624 494 679 occurrent
509 616 567 679 sibi
581 617 614 678 in
629 618 679 679 ubi
690 614 868 679 accidentali
883 624 914 680 et
928 624 1083 700 tamquam
1099 616 1132 679 in
1147 614 1251 679 eadem
1263 615 1345 678 linea

237 735 340 790 motus
362 729 545 792 communis.
591 728 674 792 Hinc
696 727 798 812 angeli
821 726 912 808 beati,
934 728 988 812 qui
1006 727 1108 791 Deum
1123 728 1294 805 intuentur,
1309 727 1342 790 in

236 837 304 923 ipso
319 839 388 902 Deo
403 863 436 903 se
450 849 559 904 mutuo
573 838 687 922 vident,
707 849 743 903 ut
764 841 798 904 in
822 839 927 904 eadem
950 838 1124 904 ubicatione
1145 837 1344 904 intellectuali

237 950 410 1015 existentes.

279 1062 335 1126 Vis
347 1063 442 1146 igitur
455 1062 667 1142 illuminativa,
682 1071 719 1128 ut
733 1063 860 1127 tandem
874 1062 1066 1143 concludam,
1078 1062 1199 1128 videtur
1214 1062 1345 1127 exerceri

236 1197 292 1258 per
306 1175 494 1240 voluntatem
511 1176 652 1260 sequenti
666 1175 774 1240 modo:

282 1289 325 1348 1⁰.
348 1285 439 1350 Unus
454 1287 580 1370 spiritus
595 1286 690 1350 libere
700 1287 805 1351 volens
820 1285 936 1371 aliquid
950 1285 1038 1350 alteri
1053 1285 1258 1364 manifestare,
1270 1307 1343 1350 con·

236 1396 326 1460 vertit
336 1397 553 1482 cogitationem
565 1420 652 1461 suam
663 1397 703 1461 ad
712 1397 801 1461 illum
810 1397 858 1460 vel
869 1397 908 1461 ad
918 1419 968 1461 res
978 1397 1018 1461 ad
1028 1398 1130 1480 ipsum
1142 1397 1342 1482 pertinentes.

236 1508 294 1572 Per
308 1509 366 1573 hoc
381 1516 483 1573 autem
504 1509 575 1574 facit
597 1533 630 1574 se
651 1508 738 1574 alteri
761 1516 940 1593 praesentem
964 1518 995 1572 et
1009 1508 1159 1573 visibilem
1181 1509 1214 1572 in
1236 1509 1342 1572 eodem

235 1621 296 1700 abi,
311 1628 342 1684 et
357 1630 459 1685 movet
473 1621 561 1685 illum
577 1644 632 1706 per
646 1620 928 1706 intelligibilitatem
944 1621 993 1684 sui
1007 1643 1084 1686 esse.

280 1734 324 1795 2⁰.
347 1731 462 1796 Aetuat
485 1731 576 1796 simul
599 1731 801 1795 attentionem
821 1731 861 1795 ad
881 1731 1119 1796 determinatum
1134 1732 1296 1811 obiectum,
1312 1741 1344 1796 et

237 1842 405 1907 voluntarie
427 1851 529 1906 actum
552 1844 635 1908 hunc
658 1866 749 1907 suum
772 1843 964 1908 adulterum
988 1842 1112 1927 dirigit;
1135 1851 1226 1929 atque
1245 1843 1288 1907 ita
1303 1843 1343 1907 ad

236 1977 307 2019 eum
326 1977 490 2019 conversus
511 1963 613 2020 movet
635 1955 724 2020 illum
745 1977 802 2040 per
822 1955 1105 2039 intelligibilitatem
1127 1956 1238 2020 obiecti
1260 1955 1344 2041 quod

235 2074 307 2131 actu
330 2068 463 2151 cogitat3
485 2067 621 2131 ostendit
643 2067 727 2131 enim
751 2065 786 2130 in
808 2065 908 2151 seipso
934 2066 1035 2131 lucem
1060 2066 1143 2130 illius
1167 2066 1287 2146 obiecti,
1312 2076 1343 2131 et

236 2177 360 2262 quidem
390 2180 447 2242 sub
478 2179 605 2244 diversis
640 2178 819 2256 rationibus,
851 2178 877 2241 si
906 2177 1033 2242 actualis
1065 2177 1210 2262 cogitatio
1240 2177 1277 2242 de
1306 2199 1342 2242 eo

238 2288 371 2353 diversas
385 2289 521 2354 rationes
536 2289 703 2354 successive
717 2289 861 2373 attingat.

281 2403 326 2464 3⁰.
351 2401 494 2487 Spiritus,
506 2400 560 2488 qui
574 2400 777 2479 illuminatur,
789 2400 865 2464 dum
876 2399 958 2464 videt
972 2399 1198 2464 illuminantem
1213 2399 1270 2464 sub
1285 2400 1343 2464 hac

236 2514 313 2593 luae,
337 2514 484 2599 intelligit
508 2514 662 2579 obiectum
686 2524 779 2599 prout
802 2523 874 2578 actu
895 2523 943 2578 est
965 2514 999 2578 in
1024 2514 1227 2593 illuminante,
1252 2522 1344 2578 etex

236 2626 365 2707 actione,
389 2649 450 2712 qua
475 2626 679 2704 illuminatur,
709 2625 848 2709 agnoscit
876 2624 976 2689 lucem
1004 2625 1084 2690 hanc
1114 2624 1224 2689 obiecti
1247 2624 1287 2688 ad
1310 2647 1342 2687 se

237 2738 328 2821 dirigi
342 2760 397 2822 per
410 2738 612 2803 voluntariam
628 2738 753 2803 alterius
767 2735 1004 2801 conversionem.

280 2850 333 2911 36.
357 2848 397 2911 In
426 2849 593 2933 composito
618 2871 655 2913 ex
677 2848 789 2933 spiritu
815 2856 846 2911 et
871 2847 997 2911 materia
1020 2846 1065 2910 vis
1089 2845 1342 2911 communicativa

238 2958 387 3037 idearum,
411 2966 503 3045 atque
527 2960 655 3024 aliarum
685 2960 879 3024 affectionum
910 2958 1114 3043 spiritualium
1139 2967 1171 3022 et
1196 2957 1342 3042 intelligi-

237 3068 357 3147 bilium,
380 3070 433 3133 fiet
454 3069 547 3135 etiam
568 3070 614 3135 vis
636 3070 890 3135 communicativa
911 3070 1107 3134 affectionum
1133 3070 1342 3135 sensibilium:

237 3181 291 3245 scd
312 3181 468 3265 pendebit,
485 3181 586 3266 quoad
607 3182 794 3261 exercitium,
811 3180 849 3245 ab
871 3182 995 3265 organis
1015 3180 1175 3265 corporeis,
1192 3181 1299 3245 saltem
1315 3183 1343 3246 si

236 3292 441 3357 manifestatio
457 3292 608 3377 dirigatur
622 3293 660 3356 ad
675 3292 760 3357 aliud
774 3293 979 3377 compositum
992 3316 1029 3356 ex
1043 3293 1144 3357 anima
1155 3300 1186 3357 et
1198 3314 1341 3378 corpore3

236 3404 309 3489 quia
331 3404 392 3468 tale
418 3404 632 3489 compositum,
648 3426 685 3484 ex
708 3427 800 3489 snpra
830 3404 928 3483 dictis,
958 3427 1020 3468 non
1046 3404 1137 3468 habet
1156 3404 1217 3469 vim
1241 3404 1342 3490 primo

236 3515 485 3599 apprehensivam
507 3514 748 3599 intelligibilium
768 3516 829 3579 nisi
847 3524 883 3579 ut
897 3516 929 3579 in
945 3514 1070 3581 obiectis
1093 3515 1287 3582 sensibilibus
1310 3540 1342 3583 se

236 3625 413 3689 ostendunt.
460 3626 543 3690 Hinc
566 3648 676 3711 corpus
696 3626 728 3689 in
748 3628 887 3711 potentia
901 3627 994 3691 vitam
1016 3627 1132 3693 habens
1154 3628 1244 3693 debet
1266 3652 1342 3693 com-

236 3738 362 3801 muniter
376 3744 407 3801 et
416 3760 473 3821 per
486 3760 518 3801 sc
532 3737 576 3801 ita
594 3760 660 3801 esse
682 3725 875 3821 dispositum,
898 3747 934 3802 ut
956 3738 1095 3823 quaedam
1118 3762 1232 3823 organa
1254 3740 1349 3815 facile,

237 3848 355 3932 possint
370 3848 480 3913 servire
495 3848 568 3913 huic
588 3848 757 3913 ministerio
771 3858 803 3913 et
818 3849 968 3934 complere
983 3850 1045 3915 vim
1060 3850 1291 3915 illuminativam
1308 3851 1340 3915 in

237 3981 302 4023 esse
315 3960 466 4025 naturali:
489 3959 603 4023 debent
625 3968 728 4024 autern
750 3960 862 4025 habere
888 3960 1052 4025 maximam
1081 3961 1282 4026 mobilitatem
1306 3985 1341 4028 ac

237 4070 474 4150 versatilitatem,
497 4079 528 4135 et
550 4093 639 4156 posse
660 4070 825 4135 maximam
848 4072 1023 4137 varietatem
1050 4080 1190 4137 motuum
1214 4072 1340 4138 sensibi-

236 4180 314 4246 lium
328 4206 461 4262 causare,
477 4192 513 4246 ut
526 4182 646 4267 possint
660 4190 726 4247 tam
746 4182 860 4247 multas
882 4206 984 4247 rerum
1006 4184 1138 4249 rationes
1159 4184 1342 4250 universales

236 4301 268 4357 et
279 4295 484 4379 particulares,
501 4317 569 4381 quae
584 4317 677 4361 sensu
691 4301 783 4381 atque
797 4294 956 4361 intellectu
971 4295 1143 4381 capiuntur,
1159 4296 1225 4362 aliis
1240 4298 1339 4380 manif
