3200 4975
239 361 308 403 oar.
326 340 381 424 11.]
629 363 672 407 ns
686 363 942 409 accusaremus.
1277 348 1342 411 317

238 529 297 593 θιὼ
318 551 355 592 eo
374 538 526 613 respectu,
542 527 600 593 sub
609 551 671 614 quo
684 529 757 594 dicit
766 533 868 595 esseio
877 553 909 595 se
918 529 1105 616 simpliciter,
1118 531 1272 597 sedetiam
1284 532 1342 598 sub

238 643 296 707 hoc
311 642 370 707 alio
384 651 535 727 respectu,
551 642 609 706 θιὼ
624 663 686 727 quo
712 642 786 706 dicit
813 644 901 707 tutem
924 666 985 707 esse
1009 644 1159 729 specifice:
1181 646 1341 710 actualitas

238 754 272 818 in
286 755 386 839 primo
401 776 494 818 sensu
509 752 644 838 pertinet
658 753 698 817 ad
712 752 917 818 substantiam
933 764 968 818 ut
983 754 1036 833 sie,
1051 754 1085 819 in
1101 757 1234 821 secundo
1249 780 1339 822 sensu

238 868 371 951 pertinet
386 865 426 929 ad
441 864 645 930 substantiam
659 873 696 928 ut
710 864 953 949 distinguibilem
969 865 1007 931 ab
1022 866 1090 931 aliis
1104 878 1228 954 propter
1242 869 1340 935 diver·

239 1002 288 1043 sas
309 978 510 1063 proprietates
532 975 728 1041 essentiales:
755 977 839 1041 unde
856 977 970 1042 dicitur
987 978 1071 1064 quod
1088 978 1185 1043 forma
1206 980 1259 1045 dat
1277 1003 1340 1045 non

238 1090 339 1154 solum
353 1112 419 1154 esse
434 1088 534 1153 sedet
549 1087 709 1173 distingui.

281 1202 332 1265 Ad
351 1200 562 1285 probationem
583 1199 797 1285 consequentis
817 1199 894 1280 dico,
913 1200 998 1286 quod
1014 1201 1113 1265 forma
1132 1199 1341 1266 substantialis

238 1311 362 1396 respicit
375 1310 583 1395 operationem
596 1320 633 1374 ut
644 1319 746 1374 actum
758 1333 849 1374 suum
860 1310 1072 1376 immediatum
1084 1320 1224 1395 quactum
1232 1314 1342 1395 pendet

238 1431 374 1507 reperte
388 1421 582 1506 opertiqsed
595 1422 787 1505 hypothetice,
804 1421 897 1487 idest
916 1422 1024 1507 positis
1044 1421 1270 1487 conditionibus
1291 1446 1342 1487 ex·

239 1537 390 1615 trinsecis,
405 1544 540 1620 exparte
553 1535 720 1620 patientis;
743 1545 774 1599 et
782 1535 851 1600 ideo
866 1536 944 1600 illud
958 1535 1151 1615 accidentale,
1164 1536 1248 1622 quod
1265 1559 1341 1622 prae·

240 1649 405 1734 requiritur
427 1648 467 1713 ad
492 1647 561 1727 hoc,
587 1657 622 1711 ut
647 1648 745 1712 vinus
769 1648 875 1712 forma
899 1648 936 1712 de
959 1647 1097 1733 potentia
1122 1648 1284 1713 reducatur
1308 1650 1342 1713 in

240 1768 353 1836 actum,
369 1783 431 1824 non
446 1768 493 1824 est
511 1759 635 1845 aliquod
657 1760 797 1824 accidens
819 1760 976 1843 complens
997 1759 1201 1824 substantiam
1222 1761 1256 1824 in
1277 1783 1342 1825 esse

240 1871 354 1949 acfivae,
369 1871 423 1935 sed
443 1871 559 1956 aliquid
576 1871 778 1935 extrinsecum
800 1870 856 1950 illi,
870 1880 908 1935 ut
925 1894 1017 1955 supra
1038 1871 1154 1934 dictum
1169 1881 1237 1949 est;
1260 1871 1343 1935 unde

240 1984 276 2047 fit
291 1992 336 2062 ut,
349 2005 411 2045 non
426 1982 535 2067 positis
549 1982 776 2047 conditionibus
786 1981 858 2061 illis,
870 1992 1027 2046 actusnon
1038 1993 1213 2068 poneretur,
1223 1983 1343 2046 etiamsi

240 2095 339 2158 forma
358 2093 567 2157 substantialis
584 2102 664 2158 esset
684 2093 886 2157 determinata
906 2094 943 2158 de
964 2116 997 2157 se
1011 2093 1054 2180 ‘ad
1070 2094 1163 2158 talem
1178 2103 1290 2173 actum,
1306 2104 1342 2157 ut

241 2205 351 2270 accidit
365 2205 397 2269 in
413 2205 556 2269 omnibus
570 2206 670 2270 causis
684 2206 869 2284 necessariis,
880 2227 942 2269 non
959 2206 1078 2270 exclusa
1092 2204 1228 2269 humana
1237 2205 1343 2269 volun-

241 2326 305 2381 tate
326 2326 362 2381 ut
383 2327 508 2380 actuum
531 2325 767 2400 spontaneorum
789 2339 845 2379 seu
867 2316 1062 2381 materialiter
1082 2325 1275 2401 sumptorum
1289 2314 1346 2379 eli·

242 2427 352 2508 citiva;
375 2451 447 2493 nam
462 2427 564 2514 quoad
578 2437 666 2493 actus
679 2427 848 2492 formaliter
861 2426 984 2505 liberos,
999 2436 1035 2492 ut
1050 2426 1182 2491 vidimus
1197 2449 1253 2492 suo
1267 2426 1344 2506 loco,

241 2565 304 2607 non
318 2551 366 2606 est
380 2564 458 2626 opus
473 2564 551 2606 nova
566 2542 685 2605 actione
699 2541 838 2625 positiva,
854 2563 951 2625 quum
965 2540 1102 2605 formalis
1116 2540 1241 2605 libertas
1258 2549 1346 2604 actus

240 2653 388 2716 consistat
402 2652 436 2714 in
449 2675 508 2715 corr
522 2652 692 2715 ceceserate
705 2651 881 2736 quiescendi
896 2651 929 2715 in
944 2659 1014 2715 actu
1028 2651 1171 2716 naturali.

284 2763 415 2826 lactabis
434 2784 505 2825 cum
520 2761 683 2826 Goudinio.
728 2762 857 2846 Operari
874 2772 920 2826 est
940 2763 1079 2848 quaedam
1099 2763 1235 2827 extensio
1248 2762 1355 2849 ipsius,

242 2896 328 2951 esse,
358 2895 432 2956 ergo
454 2883 489 2937 ut
511 2873 695 2958 principium
718 2873 849 2953 essendi,
872 2874 985 2939 sedicet
1007 2874 1105 2939 forma
1126 2874 1345 2953 substantialis,

243 2985 384 3069 respiciat
404 2986 621 3068 operationem,
636 2984 755 3069 indiget
777 2985 901 3049 extendi
923 2995 954 3050 et
976 2986 1121 3071 compleri
1144 2987 1344 3072 per'aliquam

243 3095 441 3160 adventitiam
456 3095 682 3179 perfectionem,
698 3118 767 3181 quar
777 3105 901 3161 vocatur
915 3097 1045 3162 facultas
1059 3097 1222 3183 operativa.

288 3206 469 3290 Respondeo
483 3229 562 3271 coac.
572 3215 634 3271 urst.
647 3216 678 3271 et
688 3231 761 3292 cepo
776 3231 854 3271 cona.
871 3208 942 3293 quia
957 3209 991 3271 fit
1003 3209 1151 3273 transitus
1166 3209 1204 3272 ab
1219 3210 1346 3290 operari,

243 3318 326 3403 quod
340 3327 387 3382 est
402 3317 518 3402 aliquid
538 3330 618 3396 actu,
639 3318 678 3382 ad
694 3321 836 3402 respicere
853 3321 1057 3402 operatiorem,
1074 3319 1157 3405 quod
1170 3328 1218 3383 est
1233 3341 1346 3383 conno-

243 3429 319 3494 tatio
342 3428 526 3514 potentialis.
572 3429 629 3493 Vel
651 3452 725 3513 ergo
747 3430 870 3494 deberet
892 3431 965 3514 poni
988 3431 1020 3494 in
1043 3431 1242 3496 antecedente
1264 3431 1347 3517 quod

242 3545 384 3626 respicere
406 3544 601 3626 operatiorem
623 3550 668 3606 eat
689 3543 820 3624 quaedm
841 3544 970 3606 cetensio
996 3545 1089 3626 ipsias
1112 3566 1193 3623 esae3
1216 3554 1247 3608 et
1274 3554 1348 3607 tunc

242 3664 406 3736 negaretur
428 3653 631 3718 antecedens:
669 3652 715 3717 vel
739 3652 863 3717 deberet
885 3654 959 3737 poni
980 3654 1013 3717 in
1034 3666 1240 3740 consequente
1262 3654 1348 3740 quod

239 3767 418 3849 principium
439 3767 560 3844 mardi,
582 3774 616 3829 ot
639 3774 783 3849 operetur,
806 3766 916 3849 indicet
938 3767 1092 3850 compleri3
1114 3777 1145 3831 et
1168 3777 1244 3830 tunc
1266 3776 1346 3830 esset

245 3899 359 3955 verum,
374 3878 446 3961 quia
465 3899 531 3941 esse
553 3885 584 3939 et
601 3885 674 3940 actu
694 3877 812 3961 operari
830 3898 893 3940 non
914 3888 987 3943 sunt
1008 3878 1100 3958 idem,
1116 3889 1147 3943 et
1170 3879 1286 3963 operari
1301 3887 1348 3942 est

243 3988 354 4052 addere
375 3986 491 4072 aliquid
509 4009 697 4073 consequens
712 4011 787 4052 esse.
833 3989 906 4052 Non
921 3999 1025 4054 tamen
1039 3992 1165 4075 ponitur
1179 4013 1234 4075 per
1248 3991 1346 4075 ipsam

244 4099 392 4164 actualem
415 4099 622 4183 operationem
644 4098 769 4184 aliquod
790 4099 930 4164 accidens
952 4102 984 4165 in
1011 4102 1078 4186 ipso
1107 4113 1227 4186 agente,
1250 4124 1347 4186 quum

244 4212 323 4275 actio
352 4233 415 4275 non
444 4210 607 4295 recipiatur
634 4210 668 4273 in
697 4221 808 4295 agente
837 4221 872 4275 ut
903 4213 955 4291 sic,
982 4214 1237 4298 quemadmodum
1269 4236 1348 4299 saepe

246 4324 385 4403 diximus,
401 4333 432 4388 et
447 4325 547 4387 adhuc
562 4323 788 4407 explicabimus.
