3200 4975
262 362 300 423 12
575 380 617 422 nn
636 379 836 423 sunsraurm
853 380 1053 423 seraranan.
1235 359 1320 443 [cur.
1337 379 1362 423 1.

258 540 311 625 qui
339 540 397 605 sibi
420 541 563 625 cognitus
589 551 645 620 cst,
671 551 752 605 amat
779 553 1024 627 cognoscentem,
1051 543 1125 607 dum
1151 543 1224 608 lacit
1250 566 1361 627 cogno-

259 660 394 715 scentem
409 674 474 717 esse
489 652 520 717 iu
536 652 602 737 ipso
612 652 736 737 cognito
745 653 914 737 cognitum.
959 654 1000 717 Et
1013 654 1055 719 sic
1065 654 1193 739 quiescit
1203 655 1361 739 cognitum

258 761 292 824 in
321 770 533 845 cognoscente,
558 773 588 826 ct
618 785 805 847 cognoscens
832 764 864 828 in
888 765 1022 849 cognito,
1048 775 1206 849 tamquam
1231 764 1362 829 alterum

259 874 346 937 alteri
365 896 539 959 congruens
558 875 775 960 perfectissime
795 887 827 940 et
847 877 1016 941 necessario
1031 877 1163 961 placens.
1210 876 1312 952 Quare
1327 899 1364 940 ex

259 994 339 1061 actu,
355 1006 417 1068 quo
432 1007 486 1047 ens
501 984 721 1050 intellectivam
737 996 772 1049 ut
787 1009 975 1070 cognosceus
990 996 1072 1051 amat
1090 1010 1122 1051 se
1139 987 1310 1071 cognitum,
1330 996 1362 1051 et

259 1103 294 1159 ut
309 1096 467 1180 cognitum
484 1105 565 1160 amat
580 1119 612 1160 se
634 1108 879 1181 cognoscentem,
895 1097 1023 1162 resultat
1041 1098 1208 1161 necessaria
1229 1097 1361 1182 compla-

259 1208 358 1272 centia
381 1208 418 1271 de
441 1231 472 1271 se
495 1208 562 1293 ipso
585 1207 708 1292 cognito
731 1216 761 1271 ct
783 1217 1008 1293 cognoscente:
1042 1231 1111 1293 qnae
1133 1207 1363 1292 complacentia,

259 1342 356 1404 quum
382 1321 524 1405 procedat
548 1340 584 1383 ex
609 1328 679 1383 actu
706 1320 908 1404 conspirativo
935 1320 1056 1398 amoris,
1077 1330 1158 1384 recte
1178 1319 1238 1383 dici
1261 1326 1363 1403 potest

259 1454 344 1496 amor
359 1430 502 1515 spiratus.

305 1546 357 1608 12.
381 1542 536 1619 Quaritur
562 1565 653 1622 nono,
669 1553 768 1609 utrum
791 1565 874 1607 amor
899 1545 947 1607 eui
965 1546 1085 1627 proprii
1106 1566 1167 1608 cccc
1185 1546 1226 1607 cit
1246 1545 1278 1605 in
1293 1565 1362 1606 cou-

260 1657 403 1720 atitntr'via
417 1655 586 1719 substantiae
600 1656 775 1737 spiritualia.

305 1767 486 1851 Respondeo
508 1764 697 1829 affirmative.
741 1765 781 1828 Et
808 1775 912 1849 patet;
935 1766 1093 1851 quianon
1118 1773 1221 1851 potest
1246 1763 1365 1848 concipi

262 1876 434 1940 substantia
455 1874 639 1939 intellectiva
661 1876 694 1939 in
714 1898 746 1939 se
766 1874 876 1939 ultimo
896 1875 1056 1959 completa,
1077 1876 1154 1960 quin
1176 1875 1365 1959 concipiatur

262 2008 331 2051 cum
348 1987 491 2051 omnibus
505 1986 553 2066 iis,
566 2010 633 2071 quae
648 1986 849 2051 essentialiter
863 1998 893 2050 et
908 1987 1070 2051 intrinsece
1085 1986 1234 2051 resultant
1249 2010 1286 2051 ex
1299 1987 1364 2050 eius

262 2096 512 2162 intellectivitate.
558 2097 655 2181 Atqui
677 2119 712 2159 ex
734 2097 800 2160 eius
823 2096 1063 2162 intellectivitate
1077 2097 1278 2161 essentialiter
1292 2118 1364 2161 con-

265 2208 402 2293 sequitur
417 2216 452 2270 ut
473 2206 547 2270 sciat
566 2229 598 2270 sc
619 2229 694 2285 esse,
710 2215 741 2270 et
759 2206 791 2269 in
815 2230 870 2270 suo
892 2230 957 2271 esse
974 2208 1098 2291 cognito
1117 2208 1311 2292 conquiescat
1331 2229 1366 2270 eo

262 2317 353 2381 modo
374 2340 434 2403 quo
457 2317 600 2380 diximus.
645 2316 728 2403 Ilrgo
751 2339 836 2381 amor
858 2318 973 2402 proprii
989 2340 1055 2381 esse
1070 2326 1116 2381 est
1131 2317 1364 2381 constitutivum

262 2428 462 2494 intrinsecum
479 2427 657 2493 substantiae
674 2429 852 2513 spiritualis.
889 2428 1055 2493 Evidenter
1069 2438 1172 2494 autem
1189 2438 1235 2493 est
1253 2428 1365 2493 consti-

263 2540 395 2604 tutivum
411 2563 466 2624 per
480 2540 606 2603 modum
622 2539 745 2604 termini
761 2539 871 2602 ultimo
885 2562 952 2602 eam
967 2538 1158 2623 complentis.

307 2655 358 2716 13.
383 2651 539 2727 Quaeritur
561 2651 688 2730 decimo,
704 2659 803 2714 utrum
817 2673 899 2715 orror
914 2651 964 2714 ille
979 2651 1191 2733 complacentia
1205 2651 1246 2715 ait
1261 2673 1366 2734 oppre-

263 2766 393 2844 tiatiuus,
409 2786 449 2828 aa
463 2765 624 2847 effectivus.

306 2876 498 2962 Responde0,
514 2876 594 2939 hauc
614 2874 864 2959 complacentiam
892 2874 924 2936 in
951 2895 1030 2958 puro
1053 2873 1164 2957 spiritu
1189 2896 1255 2938 esse
1274 2873 1367 2937 simul

264 2987 491 3073 appretiativam
519 2994 550 3049 et
577 2985 755 3048 affectivam.
800 2983 1052 3069 Appretiativam,
1069 2983 1102 3046 in
1125 2994 1275 3067 qnantum
1297 3006 1368 3068 pro·

263 3100 343 3163 cedit
366 3123 384 3162 a
406 3104 607 3182 cognoscente
630 3096 773 3179 seipsum,
790 3117 888 3180 quum
910 3117 942 3157 se
963 3116 1143 3178 cognoscere
1158 3095 1198 3158 sit
1213 3118 1246 3158 se
1260 3117 1367 3179 appre-

263 3210 358 3274 tiare:
383 3209 560 3286 affectivam,
588 3208 795 3292 inquantum
822 3204 960 3289 procedit
985 3227 1003 3267 a
1027 3205 1126 3290 seipso
1152 3205 1211 3268 sibi
1234 3206 1370 3289 cognito,

264 3343 359 3407 quum
376 3320 534 3404 cognitum
549 3318 659 3382 habeat
676 3325 777 3380 totum
799 3304 890 3379 suum
909 3338 974 3378 esse
995 3315 1028 3378 in
1048 3325 1260 3399 cognoscente,
1276 3339 1367 3401 quem

264 3456 327 3497 non
349 3431 509 3516 appretiat,
527 3429 580 3494 sed
602 3429 689 3492 cuins
711 3436 757 3490 est
780 3425 970 3510 appretiatio.
1016 3426 1144 3505 Iterum,
1160 3427 1193 3489 in
1216 3437 1367 3512 quantum

263 3544 400 3630 procedit
418 3566 436 3606 a
452 3549 654 3626 cognoscente
672 3538 818 3621 seipsum,
834 3546 880 3600 est
898 3537 989 3599 etiam
1013 3558 1098 3601 amor
1113 3537 1279 3617 effectivus,
1295 3539 1367 3622 qnia

263 3678 449 3741 cognoscens
464 3653 545 3718 videt
566 3652 724 3736 cognitum
744 3649 803 3713 sibi
824 3671 1010 3732 congruere:
1034 3656 1065 3710 et
1083 3649 1115 3712 in
1131 3660 1282 3733 quantum
1296 3672 1367 3733 pro-

264 3769 343 3834 cedit
366 3790 383 3830 a
406 3766 504 3850 seipso
520 3765 653 3848 cognite,
670 3771 716 3826 est
732 3761 822 3825 etiam
840 3759 1069 3844 appretiativus,
1085 3781 1121 3822 eo
1136 3759 1204 3843 ipso
1220 3760 1302 3843 quod
1318 3783 1368 3824 co·

264 3880 387 3964 gnitum
410 3889 456 3942 est
472 3899 540 3941 vera
562 3874 743 3961 appretiatio
765 3872 988 3956 cognoscibilis,
1004 3881 1034 3935 et
1057 3871 1122 3934 eius
1141 3881 1244 3935 exacta
1258 3894 1368 3957 reprae·

264 3991 405 4056 sentatio.
451 3988 680 4073 Consequenter
700 3982 919 4068 complacentia
936 3982 1147 4045 substantialis
1165 3984 1317 4048 resultans
1331 4007 1369 4049 ex

264 4100 495 4168 coinexistentia
518 4099 633 4181 cogniti
657 4097 690 4160 in
716 4102 918 4179 cognoscente
938 4101 985 4156 est
1003 4115 1088 4157 amor
1108 4093 1199 4157 simul
1218 4096 1368 4179 appretia-

264 4215 345 4279 tivus
360 4222 390 4277 et
406 4211 571 4288 effectivus,
584 4209 609 4272 si
625 4230 709 4272 amor
724 4213 864 4269 sumatur
879 4203 1006 4288 passive,
1017 4203 1063 4266 vel
1078 4204 1206 4268 resultat
1220 4227 1370 4269 examore

264 4322 462 4407 appretiativo
475 4320 566 4384 simul
582 4328 612 4382 et
627 4316 773 4393 affective,
787 4315 813 4378 si
828 4336 912 4377 amor
926 4314 1021 4378 active
1037 4321 1184 4380 sumatur.
1231 4314 1272 4378 Et
1287 4315 1369 4379 idem
