3200 4975
257 342 323 405 264
693 366 746 412 ,na
765 366 908 410 nonina.
1200 345 1290 430 [cir.
1306 366 1363 407 111.

255 538 386 614 utroque
419 532 540 597 factam.
602 531 704 609 Quare
738 534 770 596 in
801 532 899 617 prima
934 532 1174 617 apprehensione
1203 530 1364 596 existentia

257 643 365 726 speciei
388 655 491 709 monet
515 644 553 708 de
573 644 733 709 existentia
751 644 870 723 obiecti,
888 666 942 707 sen
962 644 1064 729 potius
1080 643 1240 708 existentia
1253 642 1364 707 obiecti

256 751 288 822 in
304 755 403 837 specie
418 756 469 820 dat
484 757 726 841 apprehendenti
741 757 917 823 immediate
934 756 1035 821 videre
1051 757 1130 841 qaod
1142 764 1195 821 est.

298 865 463 932 Evidenter
476 879 578 932 autem
594 869 657 933 haec
672 869 772 953 prima
787 869 896 933 notitia
910 878 957 932 est
972 870 1052 933 entis
1067 868 1272 932 determinati.
1305 867 1360 931 Vis

256 977 339 1040 enim
359 979 563 1063 cognoscitiva
582 980 753 1044 intantum
775 980 932 1063 cognoscit
952 980 985 1043 in
1000 980 1099 1065 prima
1114 978 1363 1063 apprehensione,

257 1087 290 1152 in
312 1098 461 1172 quantum
484 1101 623 1156 movetur
644 1091 683 1155 ab
705 1093 773 1177 ipso
795 1092 934 1157 obiecto:
958 1092 1044 1177 atqui
1065 1092 1218 1156 obiectum
1237 1091 1361 1177 physice

259 1221 383 1265 movens
404 1212 451 1265 est
474 1203 722 1283 determinatum,
738 1214 770 1269 et
792 1205 858 1269 eius
881 1206 959 1269 actio
982 1213 1028 1268 est
1046 1203 1247 1270 determinata
1265 1203 1341 1267 actio
1350 1230 1360 1281 3

258 1333 351 1394 quare
366 1323 396 1376 et
412 1314 569 1398 impressio
584 1315 664 1379 lacta
678 1316 710 1379 in
732 1315 907 1401 passivitate
928 1316 1134 1400 cognoscitiva
1153 1325 1199 1379 est
1220 1315 1360 1382 determi-

257 1430 329 1485 nata
354 1423 512 1508 impressio
523 1450 532 1503 ;
566 1435 597 1489 et
623 1437 847 1510 consequenter
872 1426 1025 1491 obiectum
1055 1425 1192 1503 formale,
1219 1425 1276 1489 sub
1299 1447 1360 1509 quo

257 1533 421 1617 attingitur
435 1559 493 1617 res,
509 1546 556 1601 est
570 1535 809 1601 determinatum
824 1538 909 1601 iuxta
924 1538 1005 1622 ipsas
1020 1539 1064 1602 rei
1082 1537 1360 1602 determinationes.

257 1644 360 1711 Prima
379 1648 475 1733 igitur
494 1649 559 1713 haec
578 1648 690 1713 obiecti
709 1649 910 1735 apprehensio
931 1650 1018 1713 affert
1038 1650 1180 1713 notitiam
1197 1648 1362 1713 existentia

257 1759 337 1821 entis
355 1759 559 1825 determinati.
606 1760 687 1837 Quia
705 1784 774 1825 vero
794 1760 1073 1838 determinationes,
1095 1760 1153 1825 sub
1173 1760 1286 1845 quibus
1307 1782 1361 1823 ens

256 1870 431 1955 attingitur,
444 1874 637 1937 constituunt
650 1873 784 1937 diversas
795 1873 928 1937 rationes
938 1872 1167 1957 cognoscibiles,
1178 1872 1234 1936 sub
1250 1872 1361 1957 quibus

257 2004 312 2045 ens
341 1984 484 2066 cognosci
509 1993 620 2068 potest,
644 1995 674 2048 et
701 2007 883 2069 cognoscere
908 1984 1040 2049 rationes
1067 1984 1216 2048 eiusmodi
1239 1994 1285 2047 est
1311 2006 1361 2047 co·

258 2116 402 2175 gnoscere
417 2097 490 2178 quid
501 2098 541 2160 sit
554 2118 613 2175 res,
630 2120 684 2160 seu
699 2097 821 2181 proprie
836 2098 910 2175 iden,
927 2095 1039 2161 idcirco
1048 2096 1146 2181 prima
1161 2096 1360 2180 apprehensio

172 2234 176 2239 ·
258 2204 301 2268 rei
316 2206 484 2269 secundum
500 2208 578 2290 quod
590 2216 634 2271 est
649 2207 850 2275 determinate
864 2217 910 2272 est
926 2207 1019 2271 etiam
1044 2208 1196 2271 sufficiens
1217 2229 1254 2272 cx
1276 2216 1361 2292 parte

258 2318 366 2401 speciei
388 2318 541 2403 impressae
563 2319 603 2383 ad
624 2320 870 2403 cognoscendum
893 2322 966 2403 quid
985 2322 1026 2385 sit
1048 2342 1114 2383 res:
1138 2342 1174 2383 ex
1191 2329 1276 2404 parte
1291 2342 1360 2383 vero

257 2429 386 2495 subiecti
407 2430 580 2514 recipientis
601 2430 685 2495 illam
709 2432 840 2517 speciem
862 2430 984 2496 nullum
1007 2440 1053 2495 est
1075 2430 1267 2496 obstaculum
1290 2452 1359 2516 pro·

257 2542 367 2606 hibens
386 2542 532 2606 directam
549 2543 702 2608 rationum
725 2542 978 2627 cognoscibilium
1001 2544 1238 2628 perceptionem,
1253 2543 1307 2608 sed
1325 2544 1359 2607 in

256 2653 416 2718 infantulis
438 2653 477 2718 ob
499 2654 735 2719 teneritudinem
758 2665 789 2718 et
813 2654 1001 2719 debilitatem
1028 2677 1214 2738 organorum
1245 2655 1360 2740 speeies

255 2769 410 2852 impressae
425 2767 512 2832 facile
527 2767 668 2832 delentur.
682 2778 713 2832 et
727 2776 922 2845 evanescunt,
938 2776 969 2831 et
993 2767 1035 2831 sic
1057 2767 1144 2831 nulla
1163 2776 1210 2831 est
1232 2765 1265 2838 in
1285 2767 1359 2852 ipsis

256 2879 442 2964 possibilitas
460 2881 598 2964 proxima
617 2879 769 2943 recolendi
792 2902 843 2943 eas
861 2880 993 2943 rationes
1016 2879 1116 2963 primo
1134 2879 1282 2962 cognitas,
1305 2888 1359 2943 aut

256 3013 307 3054 eas
318 2991 496 3054 revocandi:
520 3012 613 3074 quare
624 2990 715 3054 etiam
727 3012 791 3053 non
801 2990 965 3074 proficiunt
976 2989 1091 3074 aliquid
1102 2991 1135 3054 in
1148 2989 1359 3073 cognoscendo

256 3103 317 3166 nisi
331 3102 452 3187 quando
468 3102 619 3186 incipiunt
635 3101 749 3186 species
764 3103 922 3167 sensibiles
936 3102 1039 3187 paullo
1055 3103 1171 3168 firmius
1186 3103 1327 3168 retinere.

301 3218 373 3296 103.
398 3213 553 3291 Quaeritur
568 3214 756 3293 duodecimo,
772 3216 912 3298 quornodo
928 3216 1063 3298 acquirat
1078 3214 1160 3278 homo
1176 3215 1269 3278 ι’ἅεανη
1284 3217 1360 3278 eutis

255 3329 449 3391 determinati.

298 3437 491 3523 Respondeo,
505 3461 560 3522 per
575 3438 786 3502 attentionem.
833 3438 915 3502 Nam
936 3446 1054 3522 recepta
1075 3437 1174 3522 specie
1193 3458 1358 3523 perquam

254 3549 408 3614 obiectum
423 3548 658 3612 determinatum
672 3550 708 3611 fit
724 3570 855 3632 praescns
864 3547 1032 3613 intellectui
1044 3548 1212 3613 secundum
1224 3547 1358 3613 diversas

253 3660 386 3728 rationes
416 3659 653 3724 determinantes
677 3659 766 3737 illud,
792 3660 884 3724 homo
908 3660 1032 3723 intuens
1057 3659 1125 3724 illas
1148 3661 1281 3724 rationes
1307 3682 1356 3724 co·

255 3771 438 3858 gnoscibiles
455 3773 488 3834 in
509 3794 572 3835 uno
592 3771 710 3835 obiecto
725 3771 912 3836 consociatas
927 3781 958 3835 et
974 3771 1214 3850 coinexistentes,
1229 3771 1358 3857 percipit

255 3885 347 3950 simul
369 3907 466 3949 unum
489 3894 520 3947 et
542 3882 649 3961 multa,
665 3905 720 3946 seu
742 3905 838 3946 unum
863 3881 1043 3950 distinctum
1061 3882 1094 3946 in
1113 3882 1203 3967 plura
1220 3905 1275 3966 per
1290 3905 1358 3968 quae

255 3998 397 4083 cognosci
410 4005 519 4083 potest.
565 3995 607 4058 Et
618 3994 676 4058 hoc
690 4004 737 4058 est
746 3993 846 4059 videre
861 3995 934 4078 quid
945 3997 985 4059 ait
1000 4017 1058 4073 res,
1071 4017 1125 4058 seu
1135 3994 1248 4058 habere
1257 3995 1357 4059 ideam

254 4111 384 4195 proprie.
800 4185 803 4190 ι

300 4224 372 4284 104.
397 4219 551 4296 Quaeritur
581 4218 798 4298 decimotertio,
822 4221 961 4304 quomodo
992 4221 1127 4302 acquirat
1157 4221 1240 4284 bomo
1264 4220 1357 4283 ideam

255 4335 391 4397 attributi
405 4335 437 4394 ia
451 4341 582 4402 connato
598 4335 791 4397 convenientis
806 4335 915 4400 obiecto
930 4333 1116 4416 apprehenso.
