3200 4975
283 344 326 405 88
587 367 628 409 oa
645 366 847 411 aunarium
863 366 1068 411 aerumnam.
1229 344 1314 429 [cle.
1332 362 1386 408 ιιι.

281 528 388 608 activo,
404 551 524 595 neonae
538 541 628 611 eaaet,
645 542 680 597 ut
695 533 969 617 supernaturaliter
985 532 1196 597 intenderetur
1208 532 1275 596 eiua
1290 531 1386 595 virtue

280 638 482 717 intellectum
512 649 587 706 tuno
621 644 704 707 enim
740 652 863 707 tantum
898 643 983 707 lieret
1016 641 1132 706 habena
1166 648 1237 705 actu
1270 638 1387 725 aliquid

279 752 401 815 virtutis
423 752 538 829 activae,
558 752 643 837 quod
660 754 748 838 priua
762 776 826 817 non
841 752 973 817 habebat
988 752 1048 817 nisi
1062 754 1095 816 in
1110 752 1258 837 potentia,
1272 760 1303 815 et
1317 751 1386 836 qui-

280 861 350 926 dem
362 862 544 947 inpotentia
557 884 620 927 non
635 864 768 928 naturali
779 864 833 929 aed
844 863 1050 929 obedientiali.
1096 864 1136 929 In
1147 862 1271 927 homine
1283 872 1386 927 autem

278 972 362 1036 aliud
376 972 504 1052 accidit3
527 995 624 1058 quum
640 975 766 1039 enimin
778 997 814 1039 eo
825 982 911 1039 actua
926 974 1119 1059 intelligendi
1133 975 1188 1038 liat
1199 996 1269 1037 aum
1284 973 1387 1057 aliquo

279 1083 416 1149 subsidio
439 1084 667 1168 imaginationis
685 1095 806 1151 etcum
826 1087 1041 1151 immutatione
1065 1085 1219 1170 organica,
1239 1108 1294 1170 per
1308 1086 1388 1149 aoei-

278 1195 356 1260 ‹lena
370 1196 416 1260 ria
430 1196 614 1261 intellectiva
636 1207 737 1282 puteat
751 1206 838 1262 tanto
854 1198 963 1264 melina
978 1197 1131 1283 applicari,
1148 1205 1264 1282 quanto
1281 1197 1386 1260 minue

279 1308 448 1392 impeditur
462 1308 500 1373 ab
515 1310 638 1392 organis
652 1310 815 1394 corporeis.

322 1421 376 1483 68.
399 1418 554 1496 Queritur
568 1420 689 1505 quinto,
703 1430 803 1486 utrum
819 1445 915 1506 purior
928 1424 1050 1507 epiritm
1065 1424 1162 1505 poerit
1183 1421 1276 1485 multu
1296 1420 1387 1484 annul

279 1532 450 1614 intelliqere.

263 1722 268 1729 Ι
288 1697 292 1703 .
323 1641 506 1726 Reapondeo
516 1665 588 1707 aum
599 1644 632 1708 S.
640 1643 759 1709 Thema
772 1647 816 1730 (p.
829 1650 858 1710 l.
869 1668 899 1730 q.
912 1648 965 1710 58.
975 1667 1002 1708 a.
1012 1646 1044 1727 2)
1058 1670 1065 1708 r
1089 1644 1176 1708 Siout
1189 1644 1230 1707 od
1241 1645 1383 1707 unitatem

278 1761 374 1817 motui
386 1756 548 1837 requiritur
561 1758 660 1819 unitae
675 1759 799 1834 termini,
815 1760 858 1820 ito
873 1757 914 1820 od
928 1759 1069 1820 muntem
1089 1757 1266 1839 montionis
1287 1756 1386 1837 requi-

278 1865 356 1926 ritur
369 1866 468 1927 unitae
488 1865 602 1929 obiecti.
650 1866 801 1949 Contirpit
817 1876 915 1931 eutem
934 1868 1034 1950 ulique
1054 1868 1147 1950 aon'pi'
1160 1874 1194 1929 ut
1203 1866 1294 1949 pluro
1309 1875 1338 1928 et
1352 1872 1386 1928 ut

278 1997 376 2051 numu,
399 1976 476 2038 aieut
494 1983 599 2059 parter
621 1977 746 2039 alieuius
768 1980 917 2041 continui:
941 1981 968 2042 ai
990 1980 1065 2042 mim
1086 1998 1264 2061 unaqueque
1279 1997 1337 2059 per
1354 1998 1387 2039 ae

278 2086 449 2167 nupiutur,
465 2064 568 2170 plnres
588 2096 676 2161 eunt;
698 2088 774 2152 unde
794 2112 853 2152 non
874 2111 934 2152 une
955 2090 1121 2172 operatione
1139 2110 1192 2150 neo
1208 2084 1296 2149 simul
1308 2088 1385 2150 uoci·

272 2199 398 2280 pientur
407 2220 465 2281 per
477 2221 592 2262 aenmrn
604 2208 634 2263 et
653 2200 841 2264 intellectum.
887 2202 959 2264 Alio
979 2200 1061 2264 modo
1083 2201 1265 2282 accipiuntur
1285 2220 1390 2261 aierun-¹

278 2310 345 2372 dum
367 2311 446 2390 quod
464 2319 533 2374 runt
554 2334 644 2374 unum
664 2314 696 2374 in
715 2322 797 2376 toto:
821 2316 906 2377 eteio
919 2313 1049 2376 simulet
1070 2333 1129 2373 unu
1151 2312 1317 2394 operatione
1338 2332 1387 2373 eo·
1438 2376 1440 2379 ,

274 2422 463 2502 queruntur,
480 2429 541 2486 tum
549 2444 606 2506 per
620 2444 734 2487 oeumrn
751 2446 839 2507 quarn
844 2446 901 2509 per
916 2424 1100 2501 intellectum,
1112 2424 1179 2487 don
1191 2430 1283 2487 toturn
1293 2424 1387 2486 eonti-

277 2555 366 2595 nuum
385 2533 593 2612 manderetur,
610 2543 644 2598 ut
659 2535 766 2599 dicitu
780 2539 812 2598 in
826 2539 861 2600 3⁰
876 2537 911 2600 de
925 2539 1032 2599 auimo.
1077 2535 1123 2599 Et
1137 2535 1282 2598 nicetium
1300 2534 1386 2597 intei

278 2644 369 2725 leotue
390 2653 488 2708 noster
509 2646 597 2708 umul
618 2646 756 2730 intellipit
777 2648 937 2710 uihieoturn
957 2655 987 2710 et
1000 2647 1201 2729 predicatum,
1210 2653 1304 2728 proed
1317 2653 1387 2708 aunt

273 2764 376 2838 parter
396 2758 491 2819 unius
514 2759 736 2840 propositionis,
767 2767 796 2820 et
826 2759 882 2821 duo
911 2764 1089 2841 comparata,
1121 2757 1276 2821 seeundum
1309 2757 1388 2839 quod

278 2867 449 2929 mnueniunt
478 2869 517 2946 in,
537 2890 596 2930 unu
630 2870 853 2950 conparatione.
898 2869 953 2932 Er
980 2891 1037 2952 quo
1060 2876 1147 2952 putet
1179 2868 1258 2951 quod
1283 2868 1385 2946 mnia,

278 2977 432 3040 somnium
461 2979 540 3062 quod
566 2988 636 3042 eunt
663 2980 801 3043 distinctu
829 3003 888 3043 non
910 2990 1035 3064 porrum
1060 2981 1148 3044 simul
1170 2979 1313 3063 intelliqi:
1336 2980 1389 3042 aed

277 3090 434 3170 secundum
446 3091 525 3173 quod
537 3093 679 3154 uniuntur
693 3093 724 3153 in
737 3114 794 3154 uno
815 3092 999 3175 intelligibili,
1014 3094 1057 3155 aio
1070 3092 1158 3155 timul
1172 3091 1385 3175 intelliguntur.

283 3200 509 3282 Unumquodque
532 3198 630 3264 autern
651 3210 695 3265 est
718 3202 898 3284 iutellipibile
919 3205 950 3264 in
972 3210 1039 3265 netu
1060 3191 1214 3265 seeundum
1233 3203 1312 3285 quod
1324 3205 1386 3264 eiua

277 3311 435 3374 umilitate
455 3311 508 3374 eat'
524 3313 566 3372 in.
578 3311 747 3375 intellectu:
772 3335 955 3396 quecumque
980 3315 1071 3396 iqitur
1087 3334 1145 3395 per
1163 3334 1251 3375 unum
1264 3315 1386 3395 epeeiern

278 3420 486 3502 intelquilrileru
508 3421 640 3503 oopnoeei
656 3430 792 3504 possunt,
816 3431 1025 3505 coprorrnntw
1044 3430 1077 3485 ut
1091 3443 1179 3484 unum
1195 3422 1384 3506 intelliqibile,

277 3540 308 3594 et
321 3532 384 3612 ideo
399 3531 730 3614 eimuleoqnoaeuntur:
756 3555 820 3615 qun
834 3554 900 3596 uero
909 3555 966 3615 per
981 3533 1109 3595 diversae
1123 3534 1230 3615 operies
1248 3532 1385 3617 intelliqi-

278 3642 349 3705 bilee
363 3652 584 3726 eoqnoeeuntun
600 3652 633 3706 ut
649 3643 762 3706 diuerso
778 3643 972 3726 intelliqibiliu
987 3634 1150 3730 capiuntur.

303 3754 373 3818 3'69.
399 3752 554 3829 Quaeritur
567 3763 663 3831 sexto,
675 3761 775 3816 utrurn
783 3747 878 3836 purun
889 3754 1010 3836 spiritua
1025 3761 1178 3835 coquerent
1192 3753 1384 3816 incurrendo.

295 3916 298 3921 >
322 3867 499 3952 Respondet
522 3867 553 3930 S.
582 3866 715 3929 Thomas
737 3867 878 3950 negative
908 3867 1030 3929 innixus
1053 3865 1175 3950 paritati
1199 3888 1235 3929 ex
1261 3865 1385 3951 physica

279 3978 405 4062 antiqua
434 3973 611 4062 desumptaess
669 3977 753 4040 Dicit
783 3971 865 4041 enim
890 3979 933 4061 (p.
959 3981 986 4040 l.
1012 3999 1046 4060 q«
1066 3979 1118 4040 58.
1142 4000 1167 4040 a.
1192 3979 1248 4058 3)‚·
1277 3977 1386 4059 Anqeli

278 4090 360 4164 illum
385 4089 510 4177 praelum
533 4095 632 4151 tenent
656 4091 688 4150 in
711 4090 883 4152 mutuatio
911 4089 1120 4172 spiritualibus,
1152 4111 1234 4171 quem
1263 4111 1385 4172 corporo

279 4201 404 4264 cubitia
419 4196 453 4262 in'
463 4202 635 4264 substantiis
650 4202 813 4282 euperem
837 4223 903 4262 rrum
914 4208 943 4263 et
953 4199 1078 4263 ooeketea
1091 4207 1199 4263 mentes
1210 4223 1228 4262 a
1240 4201 1385 4282 Dionysio

279 4296 423 4374 dicuntur.
445 4308 449 4314 ’
468 4311 529 4374 Eu
543 4319 639 4373 eutem
651 4311 710 4373 lure
729 4310 893 4392 differentia
913 4313 988 4372 inter
1008 4310 1132 4372 coelestiu
1147 4319 1176 4373 et
1192 4318 1305 4372 terreno
1321 4333 1398 4372 cor·-
