3200 4975
244 372 317 415 cnr.
335 352 391 436 ιι]
663 375 704 416 nn
720 364 974 419 acornnrvmnbs.
1289 354 1352 416 327

240 555 287 609 cst
302 568 357 611 ens
371 546 551 630 perfectum.
596 546 680 630 Ergo
695 547 806 631 passio,
822 569 890 632 quae
910 546 1036 631 ponitur
1056 548 1088 609 in
1103 547 1348 630 praedicamento,

241 658 349 742 nequit
363 678 428 723 esse
443 658 545 741 passio
558 658 592 721 in
607 657 684 723 fieri.

285 769 476 853 Respondeo‚
501 776 622 833 motum
645 790 708 833 non
729 768 804 853 poni
824 767 883 833 snb
897 769 1018 853 speciali
1032 768 1278 853 predicamento,
1294 769 1349 833 sed

239 879 389 945 contineri
415 878 473 944 sub
499 879 742 963 praedicamentis
766 878 896 943 actionis
921 888 953 943 et
979 878 1129 963 passionis
1155 868 1346 960 coniunctis}

239 1014 336 1077 quum
363 992 446 1056 enim
476 991 556 1055 nihil
587 1000 706 1057 moveat
734 991 871 1077 seipsum
901 992 1070 1057 secundum
1092 992 1184 1073 idem,
1207 993 1347 1057 inomni

238 1113 326 1168 motu
340 1104 505 1189 requiritur
519 1124 614 1188 agens
628 1112 659 1168 et
673 1102 804 1189 patiens,
819 1104 948 1189 ideoque
963 1106 1043 1169 actio
1057 1113 1088 1169 et
1101 1104 1212 1188 passio.
1253 1104 1346 1169 Unde

236 1216 355 1280 eruitur
375 1237 455 1279 nova
476 1215 553 1279 ratio
575 1215 757 1279 ostendendi
779 1214 864 1300 quod
885 1216 965 1280 actio
984 1224 1016 1280 et
1036 1216 1137 1301 passio
1151 1216 1183 1281 in
1199 1216 1343 1301 praedica-

237 1325 349 1391 mentis
370 1325 467 1411 accipi
489 1325 601 1390 debent
621 1334 657 1389 ut
678 1333 752 1389 sunt
771 1325 894 1403 infieri,
913 1346 977 1389 non
991 1348 1062 1390 vcro
1075 1334 1113 1390 ut
1128 1326 1248 1391 suntin
1263 1326 1344 1391 facto

237 1460 321 1502 esset
344 1460 442 1523 quum
460 1438 544 1503 enim
566 1437 629 1501 sint
651 1435 777 1522 quidam
798 1445 902 1501 motus
922 1436 1013 1501 datus
1028 1446 1060 1501 et
1074 1444 1224 1521 receptus,
1240 1445 1343 1503 motus

236 1558 341 1613 autem
352 1549 393 1612 sit
402 1549 562 1633 semperin
571 1548 648 1627 fieri,
660 1568 782 1612 necesse
796 1558 844 1613 est
859 1548 952 1613 etiam
966 1547 1116 1613 actionem
1129 1558 1160 1611 et
1171 1550 1342 1633 passionem

236 1682 302 1725 esse
316 1660 432 1746 aliquid
446 1660 481 1725 in
496 1659 572 1723 fieri.

279 1773 332 1837 36.
356 1771 510 1848 Quaeritur
542 1769 687 1849 secundo,
722 1777 822 1834 atram
850 1770 987 1853 potentia
1009 1771 1131 1853 pueeica
1163 1770 1264 1834 debeat
1287 1792 1344 1853 per

235 1885 350 1969 aliquid
363 1884 541 1949 accidentale
556 1883 695 1947 comtitui
702 1884 841 1967 macinae
848 1883 981 1965 passiva.
1167 1954 1169 1960 ,

277 1995 461 2082 Respondeo
482 1995 642 2079 negativec
664 2004 696 2059 et
717 1995 843 2059 evidens
864 2004 922 2073 est,
945 1993 1018 2080 quia
1039 1992 1127 2074 illud,
1148 2014 1210 2079 quo
1229 1993 1343 2058 consti·
1442 2021 1446 2025 ·

232 2117 370 2172 tueretur
398 2107 534 2192 proxime
561 2106 690 2191 passiva,
721 2105 845 2171 deberet
873 2106 967 2190 recipi
991 2106 1026 2171 in
1048 2107 1115 2170 eius
1144 2104 1339 2190 passivitate3

234 2218 367 2303 recipere
381 2226 484 2282 autem
498 2227 545 2281 est
560 2225 632 2281 actu
646 2216 720 2301 pati,
736 2237 789 2280 seu
812 2217 924 2301 passio.
968 2216 1051 2302 llrgo
1072 2238 1127 2301 per
1149 2214 1237 2295 illud,
1260 2216 1343 2301 qaod

234 2330 389 2414 reciperet,
414 2351 476 2393 non
500 2328 738 2394 constitueretur
763 2327 901 2413 proxime
923 2328 1053 2413 passiva,
1078 2327 1132 2391 sed
1155 2328 1286 2412 patiens,
1309 2336 1342 2392 et

202 2423 205 2429 ,
232 2450 376 2526 praterea
390 2440 457 2506 sine
471 2439 609 2526 proxima
628 2438 806 2525 passivitate
824 2438 904 2504 nihil
923 2447 1027 2524 posset
1047 2438 1189 2524 recipere.
1237 2438 1340 2506 Habet

232 2575 306 2636 ergo
331 2553 453 2637 patiens
477 2551 648 2636 proximam
671 2550 879 2636 passivitatem
902 2571 939 2614 eo
964 2550 1032 2635 ipso
1057 2550 1141 2635 quod
1165 2559 1252 2615 actus
1276 2552 1342 2616 eins

231 2663 439 2728 substantialis
454 2663 507 2727 dat
521 2685 588 2726 esse
603 2684 660 2726 suo
680 2662 814 2726 termino
834 2661 1047 2727 substantiali:
1070 2663 1124 2747 qui
1139 2663 1289 2728 terminus
1304 2675 1340 2728 ut

230 2799 285 2860 per
299 2775 393 2838 talem
407 2783 510 2838 actum
523 2774 658 2838 existens
677 2782 724 2838 est
743 2773 881 2858 proxima
900 2773 1060 2858 passivitas
1080 2774 1170 2839 entis.
1215 2775 1264 2840 De
1278 2797 1339 2860 qua

232 2909 264 2950 re
285 2886 363 2950 nihil
384 2886 493 2950 fuisset
515 2886 691 2966 dicendum,
713 2885 788 2971 quia
810 2885 848 2950 de
870 2908 902 2950 se
923 2894 1026 2971 patet:
1051 2886 1105 2950 sed
1128 2886 1222 2952 malui
1243 2909 1340 2972 pauca

232 2998 296 3062 hac
317 2997 455 3076 innuere,
477 2996 550 3083 quia
571 2996 699 3062 fortasse
717 2996 874 3062 iuvabitur
888 2997 999 3082 aliquis
1013 3007 1076 3062 tarn
1092 2998 1173 3063 clara
1187 2999 1281 3064 huius
1296 3001 1339 3064 rei

231 3109 357 3174 veritate
370 3109 410 3175 ad
425 3108 534 3173 melius
554 3108 791 3193 intelligendum
812 3108 895 3194 quod
913 3109 1092 3174 dictumest
1112 3132 1204 3194 supra
1221 3111 1265 3194 (n.
1280 3113 1336 3196 26)

232 3222 271 3287 de
284 3221 397 3286 virtute
411 3220 510 3285 activa
523 3222 558 3285 in
572 3219 665 3284 simili
679 3220 858 3305 quastione.

275 3334 327 3398 37.
352 3331 832 3416 Quaeriturtertio,utrumpasaio
840 3333 1340 3416 eitmctaticintriasacapaticatia.

273 3445 456 3531 Respondeo
479 3443 667 3524 affirmative,
689 3459 786 3529 quum
806 3443 871 3529 pati
891 3443 931 3508 sit
950 3445 1083 3528 recipere
1103 3445 1136 3508 in
1151 3467 1184 3508 se
1198 3455 1269 3508 actu
1283 3445 1338 3509 ali·

229 3557 315 3643 quid,
341 3555 425 3641 quod
447 3555 533 3640 prius
557 3576 621 3618 non
644 3552 832 3620 habebatur:
856 3553 914 3619 hoo
938 3562 1042 3619 autem
1065 3554 1168 3640 ipsum
1188 3565 1235 3620 est
1255 3555 1338 3641 quod

227 3669 358 3732 dicimus
371 3666 486 3731 mutari
499 3665 674 3730 intrinsece.
718 3664 760 3728 Et
773 3674 822 3728 est
836 3664 970 3730 evidens.
1117 3741 1118 3744 Ἴ

277 3780 412 3844 Obiicics.
444 3777 539 3841 Nulla
557 3776 660 3862 passio
679 3784 781 3861 potest
800 3776 868 3840 lieri
887 3799 957 3841 cum
984 3777 1153 3842 mutatione
1173 3777 1337 3842 intrinseca

229 3891 382 3976 patientis.
428 3891 510 3954 Nam
525 3911 617 3953 omne
636 3888 821 3974 principium
845 3888 1000 3973 passivum
1019 3888 1113 3953 habet
1135 3911 1200 3953 esse
1220 3889 1336 3973 aprin-

228 4003 308 4088 cipio
323 4000 431 4080 activo,
445 4008 482 4064 ut
497 4008 617 4065 constat
631 4022 668 4064 ex
683 3999 773 4064 dictis
793 3998 865 4065 alibi
880 3999 919 4064 dc
939 3998 1111 4064 substantia
1130 4000 1289 4080 materiali,
1305 4011 1336 4065 et

229 4116 267 4180 de
282 4113 433 4200 spirituali
453 4111 556 4176 etiam.
601 4112 705 4196 Atque
725 4112 785 4176 hoc
809 4119 855 4175 est
868 4111 950 4176 idem
966 4133 1001 4175 ac
1018 4111 1126 4191 dicere,
1147 4113 1231 4198 quod
1250 4114 1336 4198 prin-

228 4226 344 4310 cipium
365 4223 519 4309 passivum
534 4244 597 4286 non
617 4221 710 4286 habet
729 4221 855 4308 aliquod
873 4243 939 4288 esse
960 4243 1051 4286 suum
1073 4225 1231 4308 proprium
1246 4236 1277 4288 et
1289 4226 1336 4288 in·

229 4337 406 4414 trinsecum,
422 4333 476 4399 sed
491 4343 537 4398 est
552 4351 649 4418 purus
665 4335 815 4398 terminus
831 4343 916 4398 actus
933 4332 1153 4400 substantialis.
1191 4335 1336 4420 Sequitur
