3200 4975
288 363 353 426 204
381 385 385 394 ·
729 383 771 428 os
789 385 936 430 aonias.
1249 363 1332 448 [ear.
1351 382 1392 426 11.

289 546 444 612 distribuit
459 547 634 626 successive,
644 556 680 612 ιιι
696 548 732 611 de
744 558 810 611 toto
821 547 939 612 obiecto
949 548 1045 611 ideam
1058 547 1232 611 distinctam
1245 547 1389 631 acquirat.

288 659 327 723 In
341 659 465 724 homine
481 659 559 724 sicut
574 659 747 722 intellectus
761 659 883 723 iuvatur
900 658 1128 743 imaginatione,
1144 659 1188 721 ita
1210 657 1389 742 imaginatio

287 770 405 854 regitur
426 792 461 834 ac
483 770 639 854 perficitur
660 769 829 849 intellectu,
851 779 975 857 excepto
997 779 1132 854 tempore
1154 769 1264 849 somni,
1280 770 1390 850 delirii,

288 891 342 946 aut
365 883 552 946 vehementis
576 892 679 946 motus
702 882 736 946 in
757 891 844 967 parte
864 883 1024 947 sensitiva:
1046 883 1120 946 hinc
1140 892 1221 947 artes
1239 882 1389 961 liberales,

288 1016 356 1080 quae
371 1002 444 1058 sunt
458 1016 535 1078 opus
548 993 775 1076 imaginationis
789 993 949 1058 intellectu
964 994 1095 1058 directae.

330 1103 450 1168 Tertius
472 1127 547 1168 usus
569 1104 737 1189 specierum
760 1104 872 1169 dicitur
894 1107 1072 1189 compositio,
1095 1104 1217 1190 quando
1246 1105 1389 1170 instituta

285 1215 510 1301 comparatione
524 1215 700 1279 immediata
714 1215 795 1279 inter
809 1216 886 1280 duas
900 1238 948 1280 res
964 1216 1177 1300 apprehensas,
1194 1215 1389 1299 cognoscitur

286 1352 391 1394 earum
403 1328 629 1393 convenientia:
652 1337 683 1392 et
693 1328 805 1392 dicitur
820 1330 932 1408 divisio,
944 1328 1066 1413 quando
1082 1329 1276 1413 cognoscitur
1284 1351 1388 1392 earum

287 1440 500 1527 repugnantia.
545 1439 683 1504 Intuitus
702 1439 919 1530 convenientiae
946 1439 1026 1503 inter
1050 1439 1111 1504 duo
1134 1439 1257 1524 cognita
1276 1447 1322 1503 est
1342 1439 1388 1522 os-

280 1555 415 1641 flrmctio
444 1553 584 1638 quaedam
614 1552 652 1618 ab
674 1552 833 1616 intellectu
855 1560 966 1636 agente
987 1552 1163 1636 procedens,
1187 1575 1241 1616 seu
1262 1552 1389 1615 verbum

285 1666 460 1743 internum3
482 1665 656 1730 intellectus
677 1664 759 1729 enim
777 1687 872 1749 agens
894 1664 1002 1750 nequit
1023 1664 1111 1729 aliter
1125 1665 1273 1728 affirmare
1288 1686 1387 1728 unum

286 1777 325 1843 de
339 1777 443 1857 altero,
459 1778 520 1840 nisi
532 1776 691 1856 intuendo,
707 1799 803 1861 quum
827 1777 892 1840 eius
907 1776 1004 1840 virtus
1024 1777 1063 1840 sit
1083 1776 1207 1840 intueri.
1251 1776 1388 1841 Intuitus

285 1911 355 1955 vero
377 1889 586 1973 repugnantiae
608 1891 793 1972 estrepaeio
815 1887 994 1952 inclusionis
1016 1889 1108 1952 unius
1131 1887 1175 1952 rei
1193 1888 1225 1951 in
1241 1889 1336 1952 altera
1350 1888 1388 1952 ab

284 2001 442 2066 intellectu
471 2000 598 2084 prolata.
643 1999 782 2063 Intuitus
811 2008 880 2063 tum
909 2000 1105 2064 affirmativus
1135 2009 1203 2063 tum
1228 2001 1388 2084 negativus

285 2110 501 2176 convenientiae
519 2110 600 2174 inter
620 2109 681 2173 duo
704 2109 822 2174 obiecta
843 2110 955 2174 dicitur
973 2111 1120 2174 iodicium.
1168 2109 1305 2189 Obiecta,
1321 2133 1389 2195 quae

285 2220 431 2286 dicuntur
444 2220 604 2284 convenire
617 2220 665 2283 vel
680 2219 898 2299 disconvenire,
914 2229 988 2285 sunt
1002 2221 1108 2285 iudicii
1121 2221 1269 2287 materia:
1292 2221 1388 2285 forma

285 2357 355 2399 vero
384 2342 430 2398 est
459 2334 507 2399 vel
535 2333 695 2398 affirmatio
720 2334 767 2398 vel
796 2335 930 2419 negatio,
961 2357 979 2398 a
1008 2357 1069 2420 qua
1097 2335 1245 2399 iudicium
1276 2334 1388 2400 dicitur

285 2446 499 2512 affirmativum
514 2445 562 2511 vel
576 2445 754 2530 negativum

329 2558 482 2624 Iudicium
497 2566 598 2643 potest
613 2580 680 2621 esse
693 2559 827 2637 virtuale,
839 2558 865 2621 si
880 2558 1019 2623 videlicet
1035 2557 1104 2622 duae
1119 2580 1167 2622 res
1183 2581 1252 2643 quae
1266 2581 1297 2623 se
1312 2582 1387 2643 prae·

285 2664 408 2735 sentent
422 2670 619 2754 cognoscenti
633 2678 669 2733 ut
683 2670 897 2733 convenientes
912 2669 1179 2754 apprehendantur
1193 2692 1249 2755 per
1262 2670 1388 2735 modum

283 2781 377 2847 unius
401 2782 466 2846 sine
490 2781 610 2845 formali
632 2780 828 2846 distinctione
847 2781 975 2845 subiecti
992 2780 1032 2845 ab
1052 2780 1222 2847 attributo:
1245 2783 1297 2862 sic,
1314 2782 1390 2846 dum

283 2893 354 2978 quis
376 2892 458 2957 videt
483 2894 572 2956 solem
596 2893 753 2976 spleradere,
768 2892 851 2979 videt
874 2914 909 2956 eo
934 2892 1000 2977 ipso
1025 2894 1113 2957 solem
1134 2916 1203 2972 esre,
1224 2914 1280 2957 nec
1302 2894 1389 2978 prius

284 3027 382 3071 unum
401 3026 495 3088 quam
514 3003 597 3067 aliud
606 3030 616 3082 ς
639 3003 752 3070 etideo
770 3003 809 3068 ad
832 3003 997 3067 dicendum
1008 3004 1097 3089 ,quod
1116 3004 1163 3067 sol
1175 3012 1218 3067 est
1239 3004 1390 3088 splendens

283 3138 347 3181 non
364 3115 483 3199 indiget
498 3114 665 3179 formaliter
686 3114 872 3199 coniungere
887 3116 976 3179 solem
990 3124 1128 3179 essentem
1142 3138 1206 3180 cem
1220 3117 1280 3179 sole
1293 3116 1389 3200 splen-

284 3230 377 3307 dente,
402 3228 474 3313 quia
499 3227 564 3291 haec
588 3226 790 3311 apprehendit
814 3234 850 3290 ut
873 3226 935 3289 iam
958 3226 1130 3290 coniuncta.
1176 3227 1252 3291 Haec
1277 3226 1390 3293 iudicia

283 3339 606 3428 virtualia,dicuntur
631 3339 723 3402 etiam
749 3337 912 3422 primitiva,
938 3345 970 3402 et
995 3337 1176 3422 aequivalent
1199 3338 1388 3424 simplicibus

283 3450 595 3537 apprehensionibus:
627 3449 695 3515 vide
726 3450 837 3514 Suarez
868 3450 1008 3535 Meteph.
1040 3448 1118 3533 disp.
1146 3450 1208 3514 viii.
1239 3458 1312 3515 sect.
1343 3450 1388 3515 iii.

284 3586 317 3628 n.
333 3568 364 3642 5,
381 3566 411 3627 6.

293 3739 296 3745 ,
329 3674 409 3737 Sunt
425 3672 479 3758 qui
495 3681 617 3758 putant,
633 3672 865 3737 affirmationem
887 3680 917 3735 et
932 3672 1128 3755 negationem
1143 3672 1255 3758 quibus
1277 3672 1389 3737 iudicia

284 3785 483 3873 proferuntur
509 3784 722 3869 dependeres
747 3783 903 3848 voluntate
927 3782 1089 3847 iudicantis
1114 3791 1181 3846 tum
1211 3784 1387 3864 necessaria,

283 3904 352 3960 tum
374 3895 489 3959 libera:
513 3894 567 3959 sed
588 3895 656 3973 hoc,
672 3894 849 3958 etsiverum
873 3894 913 3957 sit
928 3893 1121 3979 quandoque,
1137 3894 1245 3978 nequit
1267 3895 1389 3959 admitti

283 4007 527 4086 universaliter*,
543 4013 575 4069 et
588 4004 687 4069 multo
702 4005 805 4070 minus
820 4004 945 4069 concedi
966 4013 1067 4090 potest
1083 4005 1167 4091 quod
1182 4006 1341 4070 affirmatio
1356 4014 1388 4070 et

319 4186 336 4217 ι
354 4184 483 4253 Iourom,
494 4181 586 4255 inquit
598 4181 629 4235 P.
642 4180 665 4234 L
678 4180 803 4235 Romano
818 4181 917 4253 (Elem.
930 4181 997 4254 phil.
1005 4181 1058 4236 vol„
1068 4182 1086 4235 i.
1099 4199 1125 4236 n.
1136 4180 1211 4253 332),
1225 4196 1300 4235 sona
1314 4196 1387 4235 snar-

283 4286 344 4325 asn
355 4284 548 4325 vosurvrssra
565 4283 604 4322 ur
622 4282 703 4321 amas
722 4282 814 4321 maora
833 4282 967 4322 nmmsvu
986 4283 1105 4321 amasa,
1143 4268 1276 4321 Iudicium
1289 4274 1327 4321 ert
1338 4268 1388 4321 ed-

283 4359 360 4413 uario
372 4359 412 4411 cel
422 4374 537 4411 casanova
549 4356 688 4409 inmdectus
700 4355 805 4409 ceritati
814 4355 965 4425 simpliciter
971 4360 1136 4427 praeamata
1152 4362 1198 4409 aet
1214 4356 1388 4427 apprehense.
