3200 4975
228 390 297 433 cir.
314 367 384 453 rra]
626 384 670 427 nr
684 382 937 427 acclamamus.
1262 362 1326 425 395

226 577 305 619 nova
326 554 391 618 haec
411 552 570 637 explicatio
590 549 852 616 videturdicenda
865 558 895 615 et
910 572 980 615 vere
994 546 1169 626 scientifice,
1184 556 1215 611 et
1230 547 1329 630 magis

225 665 363 745 fimdata,
378 674 409 729 et
424 663 522 748 magis
535 661 772 747 intelligibilis*.

269 780 322 841 86.
351 778 400 841 Ex
428 776 518 840 dictis
546 784 682 859 apparet,
710 774 828 839 nullam
857 795 923 838 esse
951 772 1163 837 necessitatem
1197 770 1328 850 dicendi,

226 890 429 973 quantitatem
450 910 557 953 massae
581 888 661 971 (quae
682 896 730 951 est
747 908 817 950 vera
838 894 869 949 et
890 886 1055 949 intrinseca
1076 883 1210 969 corporis
1232 905 1328 968 quan-

225 999 310 1084 titas)
334 999 455 1064 realiter
476 998 625 1083 distingui
646 997 684 1061 ab
706 1020 742 1061 ea
763 1008 884 1076 natura,
906 1018 975 1082 quae
996 997 1053 1059 eibi
1070 996 1174 1059 relicta
1193 1003 1240 1059 est
1255 992 1328 1058 sub·

226 1110 348 1174 stantia.
392 1111 434 1174 Et
457 1110 529 1195 quia
552 1109 653 1173 omnis
676 1116 786 1173 natura
808 1131 826 1172 a
847 1106 1036 1192 philosophis
1061 1106 1271 1171 consideratur
1292 1112 1328 1169 ut

225 1220 284 1285 sibi
311 1220 425 1300 relicta,
454 1220 523 1285 ideo
553 1219 730 1304 simpliciter
762 1218 939 1304 philosophi
973 1218 1089 1298 dicunt,
1124 1218 1327 1301 quantitatem

224 1355 331 1397 massae
352 1356 416 1397 non
435 1332 585 1415 distingui
598 1332 720 1395 realiter
739 1354 757 1395 a
776 1330 957 1408 substantia,
980 1328 1064 1414 quod
1085 1327 1175 1392 debet
1196 1326 1328 1411 intelligi

225 1443 263 1506 de
278 1443 450 1509 substantia
468 1442 662 1507 materialiter
682 1449 815 1525 sumpta,
836 1463 934 1525 quum
952 1439 1120 1505 formalitas
1140 1437 1327 1517 substantia,

226 1561 262 1616 ut
277 1552 419 1631 diximus,
440 1552 481 1615 sit
501 1550 678 1635 separabilis
692 1572 711 1613 a
724 1550 907 1634 quantitate,
927 1558 958 1613 et
978 1550 1016 1613 ab
1036 1549 1103 1632 ipsa
1125 1555 1236 1611 natura
1257 1546 1329 1610 reali

226 1671 349 1746 quanta
394 1662 528 1747 Accepta
552 1669 656 1727 autem
682 1660 726 1725 sic
751 1660 934 1741 substantia,
959 1667 1043 1744 patet
1066 1658 1151 1743 quod
1173 1656 1329 1742 quantitas

226 1796 332 1837 massae
346 1781 377 1837 et
392 1781 438 1836 est
453 1771 572 1837 realitas
591 1781 623 1837 et
642 1794 706 1837 non
727 1771 848 1837 realiter
871 1770 1072 1855 distinguitur
1091 1794 1109 1835 a
1129 1789 1262 1853 corpore,
1278 1766 1328 1831 cui

226 1884 304 1948 nihil
318 1882 399 1948 reale
412 1883 517 1949 addit:
540 1884 663 1949 sienim
678 1884 799 1948 realiter
815 1884 1064 1967 distingueretur,
1079 1879 1234 1945 distinctio
1249 1888 1328 1943 esset

225 1993 274 2058 vel
296 1993 386 2058 realis
407 1993 513 2073 maior,
536 1992 585 2057 vel
613 1993 723 2074 minor,
745 1993 793 2058 vel
821 1992 959 2059 modalis.
1004 1990 1078 2057 Non
1103 1992 1207 2069 maiar,
1233 2011 1329 2073 quum

226 2114 357 2188 nequeat
379 2105 511 2187 separari
532 2103 700 2168 multitudo
721 2105 810 2169 realis
832 2104 1051 2169 elementorum
1071 2092 1230 2187 acorpbre
1246 2102 1328 2187 quod
1388 2143 1391 2148 ·

225 2238 261 2280 ex
290 2214 352 2278 illis
380 2214 590 2299 componitur:
619 2237 682 2278 non
710 2218 814 2293 mina,
845 2216 917 2300 quia
944 2216 1100 2300 quantitas
1128 2236 1235 2279 massae
1263 2235 1326 2277 non

225 2327 354 2390 refertur
375 2326 415 2390 ad
436 2348 546 2411 eorpus
568 2326 649 2391 sicut
670 2349 741 2411 para
762 2327 852 2393 realis
874 2328 913 2391 ad
935 2335 1034 2392 totum
1061 2326 1149 2407 reale,
1172 2325 1225 2391 sed
1249 2325 1327 2391 sicut

224 2448 324 2503 totum
346 2437 535 2524 praecisivum
558 2439 598 2504 ad
619 2449 721 2505 totum
743 2440 901 2527 adaequate
924 2448 1102 2526 sumptum3
1126 2460 1222 2524 quum
1245 2437 1326 2502 enim

225 2551 357 2614 dicimus
371 2574 514 2630 massam,
530 2574 594 2615 non
613 2552 842 2616 consideramus
861 2575 971 2637 corpus
986 2562 1021 2615 ut
1036 2552 1153 2618 habens
1168 2550 1243 2615 ahos
1257 2572 1328 2635 pro-

223 2661 377 2755 prietates,
393 2661 448 2724 sed
462 2660 641 2744 simpliciter
654 2669 690 2724 ut
704 2669 849 2726 constans
863 2669 910 2724 tot
928 2661 1077 2745 partibus,
1097 2658 1327 2745 praescindendo

223 2792 289 2834 non
302 2769 341 2833 ab
356 2769 458 2853 aliqua
471 2769 604 2848 illarum,
622 2770 677 2834 sed
691 2793 709 2834 a
723 2779 840 2836 naturae
860 2771 1101 2836 diversitatibus:
1125 2792 1181 2837 nec
1202 2771 1328 2838 tandem

224 2883 355 2961 madalis,
378 2882 451 2966 quia
473 2881 640 2949 multitudo
663 2884 783 2950 eutium
805 2883 932 2950 realium
953 2907 1016 2950 non
1033 2893 1080 2950 est
1095 2884 1204 2969 aliquis
1219 2884 1328 2950 modus

225 2993 396 3077 suiipsius.

267 3106 367 3167 Dices.
391 3102 426 3166 Si
439 3102 497 3168 hoc
512 3125 618 3168 verum
637 3112 694 3184 est,
715 3106 871 3190 quantitas
891 3128 997 3172 massa:
1019 3106 1077 3171 erit
1097 3105 1178 3170 idem
1202 3106 1327 3171 omnino

224 3236 258 3278 ac
283 3214 455 3278 substantia
479 3215 613 3300 corporis
638 3216 835 3281 materialiter
859 3225 999 3302 sumpta:
1029 3225 1060 3282 et
1083 3225 1159 3281 tunc
1182 3238 1246 3282 non
1270 3219 1327 3282 erit

225 3325 376 3403 accidens,
391 3347 448 3389 nec
462 3324 585 3390 deberet
599 3327 673 3411 poni
687 3327 720 3391 in
734 3328 979 3412 praedicamento

267 3436 457 3521 Respondeo,
481 3437 683 3522 quantitatem
704 3462 813 3506 massae
834 3463 899 3504 esse
919 3463 1020 3506 revera
1038 3440 1120 3506 idem
1135 3441 1327 3527 inadaequate

223 3571 258 3612 ac
277 3547 481 3612 substantiam
503 3551 633 3631 corporis
655 3551 817 3634 aiayalaria
839 3551 1035 3616 materialiter
1057 3562 1222 3636 sumptam,
1247 3552 1326 3618 sicut

224 3660 355 3722 diximus
377 3680 500 3723 omnem
525 3660 705 3744 qualitatem
726 3684 793 3726 esse
814 3661 896 3726 idem
919 3663 1110 3747 inadaequate
1133 3686 1167 3728 ac
1190 3673 1327 3729 naturam

224 3771 411 3852 amalasar.
456 3767 518 3833 Sed
533 3769 623 3833 sicuti
638 3771 799 3855 qualitates
819 3781 891 3836 sunt
910 3773 1076 3838 accidentia
1097 3797 1152 3858 per
1173 3797 1328 3858 compara-

256 3918 275 3955 *
292 3913 356 3968 Scio
368 3931 450 3984 qaam
464 3920 544 3969 cauta
559 3915 589 3969 in
606 3916 658 3972 hac
674 3917 789 3972 materia
805 3919 1004 3990 procedendum
1020 3919 1065 3990 sit,
1083 3927 1217 3976 reservata
1231 3921 1274 3993 iis,
1293 3923 1328 3978 sd

223 4021 290 4074 quos
306 4001 424 4074 pertinet
444 4002 574 4056 derebus
594 4003 660 4058 fidei
678 4004 841 4060 sententiam
861 4006 937 4076 ferre,
958 4007 1057 4064 ultima
1077 4008 1267 4081 approbatione
1283 4011 1328 4066 vel

223 4086 416 4162 reprobatione.
455 4086 510 4140 Sed
520 4088 630 4142 interim
640 4089 730 4145 visum
741 4098 782 4146 est
793 4093 861 4147 utile
872 4111 1019 4166 proponere
1034 4095 1104 4150 hanc
1122 4096 1329 4169 explicationem

223 4175 364 4246 theologis,
377 4178 410 4227 ut
422 4191 483 4227 eam
495 4175 662 4244 expendant:
680 4175 792 4232 fortasse
806 4177 878 4232 enim
890 4179 1030 4235 invenient
1042 4199 1102 4236 eam
1120 4200 1176 4237 esse
1188 4183 1328 4253 eiusmodi,

225 4263 361 4402 ‹pralfqlrlqse
345 4260 509 4332 antiquiores
518 4261 639 4333 theologi
648 4263 791 4332 dedissent,
800 4264 824 4318 si
833 4265 987 4322 notionibus
994 4267 1114 4338 physicis
1125 4269 1328 4342 perfectioribus

224 4366 267 4402 usa
311 4348 317 4360 '
361 4353 400 4403 nt.
