3200 4975
281 345 347 415 230
663 387 669 398 ·
738 367 781 413 oa
799 367 947 416 acrarum.
1240 347 1327 436 [aar.
1348 365 1389 410 11.

278 531 406 599 omnino
438 554 561 600 necesse
590 542 637 603 cst
666 555 733 602 eam
763 534 955 613 consentire3
987 542 1018 604 at
1048 534 1091 602 sic
1120 532 1340 604 determinatur
1369 557 1388 602 a

279 641 393 710 iudicio
407 643 552 728 practico.

323 753 505 838 Respondeo
519 763 558 820 tr.
574 763 637 821 mr.
652 762 684 820 et
698 756 765 823 dist.
779 778 859 822 coos.
879 777 1001 824 necesse
1016 763 1062 826 est
1077 777 1144 822 eam
1159 755 1341 833 consentire,
1355 753 1388 822 id

280 873 326 933 cat
349 865 461 932 habere
481 875 585 936 actum
610 867 744 953 primum
769 867 1000 953 complacentia
1025 866 1175 948 naturalis
1195 889 1276 936 eane.
1299 888 1388 944 cossa,

281 977 463 1058 vonsentire,
489 978 595 1045 idest
619 988 796 1046 contentam
827 1002 893 1048 esse
918 981 953 1048 iu
978 980 1033 1047 tali
1062 986 1134 1048 actu
1162 978 1389 1070 complacentia

280 1086 430 1152 naturalis
451 1095 483 1154 et
504 1088 538 1156 in
560 1111 596 1153 ea
621 1089 834 1174 conquiescere
862 1113 928 1176 nep.
959 1113 1038 1159 ema.
1068 1101 1099 1158 et
1129 1089 1386 1176 consequentiam.

280 1196 470 1264 'l'ransmitto
493 1199 685 1280 antecedens,
705 1201 779 1287 quia
797 1201 900 1288 posito
922 1201 1037 1269 indicio
1059 1201 1193 1286 practico
1214 1200 1300 1269 nulla
1319 1203 1388 1285 qui·

282 1307 353 1379 dem
377 1319 425 1376 est
449 1312 527 1380 ratio
555 1313 710 1378 sufficiens
735 1313 776 1381 ad
800 1311 979 1398 negandum
1009 1321 1114 1382 actum
1141 1313 1277 1398 primum
1305 1333 1388 1380 com·

275 1421 459 1507 placentiae:
482 1423 536 1492 sed
561 1433 724 1510 postquam
751 1424 802 1489 hic
828 1425 948 1510 positus
971 1433 1029 1504 est,
1052 1425 1177 1493 omnino
1203 1425 1289 1492 adest
1310 1424 1387 1494 ratio

282 1534 435 1598 sufficiens
454 1534 494 1599 ad
515 1557 579 1600 non
602 1536 822 1622 quiescendum
845 1537 877 1600 in
901 1559 947 1615 eo,
963 1535 1103 1602 videlicet
1124 1536 1258 1602 finitudo
1278 1543 1308 1604 et
1329 1536 1387 1604 im·

280 1645 427 1731 perfectio
448 1647 521 1712 boni
543 1648 726 1733 complaciti.
773 1648 808 1714 Si
828 1671 901 1732 ergo
918 1648 1058 1714 voluntas
1078 1671 1141 1712 non
1156 1647 1223 1712 vult
1245 1655 1387 1716 contenta

281 1780 348 1826 esse
370 1781 441 1826 cum
463 1759 518 1825 tali
539 1759 630 1839 bono,
653 1760 740 1828 adest
762 1761 915 1826 sufficiens
941 1761 1037 1840 rati03
1061 1759 1244 1826 sicutenim
1266 1759 1387 1829 bonitas

281 1880 328 1938 est
351 1871 430 1942 ratic
453 1872 606 1940 sufficiens
628 1871 668 1938 ad
691 1873 937 1939 contentanduna
960 1872 1159 1952 voluntatem,
1189 1872 1233 1940 ita
1261 1871 1387 1940 ulterior

280 1982 414 2048 carentia
432 1981 505 2046 boni
527 1992 575 2047 est
595 1983 674 2048 ratio
696 1983 849 2048 sufficiens
871 1983 911 2051 ad
934 1983 1123 2048 voluntatem
1144 1981 1385 2067 inquietandam,

281 2093 449 2176 praesertim
464 2093 490 2158 si
504 2093 628 2178 adeptio
644 2093 728 2160 illius
747 2094 822 2161 boni
841 2094 989 2179 impediat
1008 2093 1133 2160 alterius
1152 2093 1227 2158 boni
1241 2114 1385 2160 consecu-

280 2204 407 2282 tionem,
424 2212 459 2268 ut
473 2205 625 2271 ordinarie
639 2205 759 2272 accidit.
804 2205 897 2283 Quod
917 2215 1021 2275 autem
1040 2206 1188 2270 habeatur
1202 2204 1294 2274 simul
1308 2204 1387 2271 ratio

281 2315 434 2380 sufficiens
449 2316 488 2381 ad
503 2317 644 2402 opposita
657 2339 721 2381 non
736 2317 865 2384 involvit
884 2317 979 2384 ullam
1000 2317 1272 2386 contradictionem
1280 2343 1291 2395 3
1314 2314 1386 2401 quis

279 2426 357 2492 ratio
379 2426 557 2513 simpliciter
584 2430 731 2513 sufficiam
751 2451 816 2495 non
837 2428 984 2517 importat
1013 2429 1198 2497 rationatum
1220 2427 1280 2493 nisi
1300 2429 1386 2511 saffi·

279 2540 406 2606 ciente:
429 2548 460 2608 et
481 2564 559 2626 pura
581 2542 762 2607 sufficientia
785 2564 850 2611 non
871 2542 1005 2609 excludit
1026 2542 1213 2627 oppositum.
1248 2541 1310 2635 'sie
1332 2540 1386 2625 qui

279 2650 373 2718 habet
393 2652 478 2717 mille
499 2675 607 2719 aureos
628 2653 722 2719 habet
745 2653 957 2723 sufficientiam
982 2653 1021 2723 ad
1045 2653 1225 2722 solvendam
1247 2652 1386 2719 debitum

279 2762 384 2831 (lacem
398 2786 570 2845 aureorum,
584 2788 648 2832 non
663 2773 767 2830 tamen
782 2765 852 2830 ideo
866 2766 1006 2851 sequitur
1021 2766 1104 2851 quod
1119 2765 1216 2835 solvat
1231 2764 1269 2833 de
1283 2764 1373 2832 iacto.

324 2878 377 2945 71.
404 2878 531 2943 Ohiicies
544 2880 590 2943 3⁰.
621 2878 788 2963 Repugnat
810 2900 924 2962 ponere
946 2878 1095 2943 rationem
1117 2877 1275 2949 formalem
1295 2876 1387 2947 liber·

278 2987 352 3053 tatis
366 2986 398 3051 in
417 2988 591 3072 negatione.
636 2989 719 3053 Nam
737 2988 862 3057 libertas
877 2997 923 3057 est
938 2988 1075 3068 facultas,
1091 2997 1123 3053 et
1137 2988 1237 3053 omnis
1257 2986 1386 3056 facultas

279 3110 326 3169 est
340 3099 458 3185 aliquid
470 3110 551 3169 actu.
595 3102 680 3185 Ergo
694 3101 859 3171 dicendum
873 3102 1019 3187 estquod
1038 3101 1116 3168 ratio
1135 3100 1272 3169 formalis
1293 3100 1386 3167 liber·

279 3212 352 3277 tatis
367 3213 488 3278 advenit
503 3214 585 3278 actui
598 3214 722 3279 volitivo
733 3236 788 3299 per
802 3213 860 3279 hoo
882 3214 969 3299 qnod
983 3213 1125 3279 voluntas
1139 3213 1288 3299 approbat
1303 3213 1386 3297 posi·

279 3326 341 3392 tive
351 3325 601 3412 complacentiam
611 3326 696 3394 illam
705 3326 886 3407 naturalem,
899 3349 991 3411 quam
1002 3334 1177 3411 possetnon
1192 3324 1369 3411 approbare.

324 3438 507 3524 Respondes
528 3462 557 3503 o.
585 3446 646 3505 aot.
690 3438 743 3503 Ad
763 3437 973 3523 probationem
1006 3439 1075 3502 dist.
1098 3446 1160 3505 ant.
1194 3437 1329 3517 libertas,
1351 3437 1385 3504 iel

281 3550 413 3615 astratio
424 3549 561 3617 formalis
572 3558 658 3616 actus
671 3549 760 3615 liberi
774 3558 821 3616 est
836 3549 967 3621 facultas
976 3548 1110 3615 hominis
1121 3573 1151 3617 a.
1163 3558 1238 3630 aot,
1248 3548 1386 3631 libertas,

279 3660 314 3729 id
335 3669 382 3725 est
396 3660 536 3727 voluntas
556 3660 653 3728 libera
674 3684 699 3725 c.
720 3669 782 3728 aot.
797 3669 829 3726 et
848 3684 878 3725 a.
900 3683 979 3729 cana.
1023 3640 1116 3727 Ratio
1136 3660 1273 3729 formalis
1294 3660 1386 3731 liber-

279 3772 353 3837 tatis
382 3771 521 3838 consistit
543 3771 576 3838 in
605 3772 769 3857 negatione
796 3772 1006 3851 necessitatis3
1034 3781 1066 3837 at
1095 3796 1192 3858 quum
1222 3773 1388 3841 necessitas
1450 3849 1453 3855 Ι

280 3892 426 3952 connotat
439 3882 555 3968 aliquid
569 3883 746 3968 positivum,
766 3884 891 3968 negatio
910 3883 1102 3950 necessitatis
1117 3892 1164 3948 est
1178 3906 1248 3949 vera
1261 3884 1387 3967 negatio

279 4019 343 4064 non
365 3995 490 4062 nomine
511 3996 622 4077 solum,
644 3996 699 4061 sed
720 4018 824 4065 sensu.
867 3995 941 4059 Non
963 4004 1067 4064 tamen
1093 3996 1241 4081 sequitur,
1264 4018 1331 4063 esso
1351 3996 1385 4063 ia

279 4109 404 4174 homine
432 4108 610 4173 facultatem
634 4108 766 4194 aliquam
789 4108 983 4192 negativam:
1007 4107 1061 4171 sed
1083 4108 1222 4194 sequitur
1251 4116 1386 4186 tantum,

279 4222 479 4301 volantatem,
505 4243 576 4307 quae
602 4229 649 4287 est
677 4220 808 4307 positiva
832 4219 973 4301 facultas,
998 4220 1148 4291 constitui,
1174 4219 1301 4291 liberam
1330 4241 1385 4303 per

278 4358 340 4400 non
365 4334 575 4403 necessitatem
599 4333 797 4403 contentandi
821 4354 853 4399 se
875 4333 908 4399 in
932 4354 988 4399 auc
1011 4333 1109 4417 primo
1132 4340 1204 4400 actu
1234 4332 1385 4399 naturalia
