3200 4975
246 363 318 408 oar.
336 343 407 428 ιιι]
689 367 732 409 nu
750 366 897 410 nonme.
1289 352 1354 415 279

245 531 354 610 verbis,
385 531 411 595 si
440 531 527 595 Deus
556 531 726 596 destrueret
755 532 901 612 animam,
931 533 1129 598 frustraretur
1158 534 1228 608 line,
1258 556 1350 619 quem

244 642 353 706 habuit
367 643 498 707 creando
513 665 580 707 eam
596 644 628 708 in
643 644 782 728 potentia
795 644 836 709 ad
849 644 966 709 bonum
985 644 1222 711 interminabile.
1268 646 1349 711 Nam

245 754 345 819 omnis
366 754 513 839 potentia,
529 777 598 839 quae
620 777 683 818 non
706 763 848 819 actuatur
867 763 940 821 actu
961 756 1019 820 sibi
1034 757 1271 842 proportionem,
1286 780 1349 823 non

245 866 372 951 attingit
387 888 512 951 scopum
529 888 621 931 suum
635 867 827 947 naturalem
851 866 904 931 sed
918 868 1057 953 potentia
1071 868 1110 933 ad
1125 869 1239 934 bonum
1254 871 1349 934 inter·

244 978 388 1042 minabile
408 985 551 1043 aotuatur
569 978 762 1063 possessione
781 978 857 1043 boni
870 978 1116 1060 interminabilis,
1132 990 1163 1044 et
1178 988 1263 1045 aetus
1277 1002 1349 1066 pro·

243 1090 436 1174 portiouatus
461 1090 506 1154 illi
525 1099 572 1154 est
589 1089 827 1154 interminabilis
844 1089 976 1156 adhaesio
998 1090 1097 1155 bono:
1121 1091 1148 1155 si
1159 1111 1232 1175 ergo
1246 1092 1349 1157 anima

243 1202 378 1265 hnmana
396 1201 525 1281 deficiat,
540 1223 604 1265 non
626 1200 815 1266 obtinebitur
832 1202 903 1267 linis
918 1224 936 1267 a
951 1202 1019 1267 Deo
1033 1203 1172 1268 intentus
1186 1203 1219 1266 in
1234 1226 1270 1268 ea
1284 1226 1347 1268 ore-

244 1312 324 1377 auda
346 1335 417 1377 oum
443 1314 581 1398 potentia
605 1313 644 1378 ad
667 1313 785 1378 bonum
810 1313 1034 1378 interminabile
1044 1340 1055 1393 ς
1087 1315 1144 1378 hoo
1168 1323 1271 1379 autem
1301 1325 1347 1379 est

242 1424 408 1489 absurdum
423 1425 549 1510 fingere,
564 1433 595 1489 et
609 1426 678 1489 Deo
691 1425 885 1490 iniuriosum.

287 1534 437 1614 Secundo,
452 1534 585 1599 vidimus
608 1557 710 1620 supra,
732 1557 828 1598 unam
850 1558 868 1599 o
890 1534 1060 1600 rationibus
1082 1535 1122 1600 ob
1145 1558 1222 1621 quas
1244 1536 1347 1600 anima

241 1648 360 1731 corpori
379 1656 532 1731 superstes
553 1647 621 1726 erit,
637 1669 702 1711 esse
720 1646 810 1725 hano,
826 1647 909 1732 quod
931 1646 1092 1711 retributio
1107 1648 1212 1711 virtuti
1227 1655 1258 1712 et
1272 1646 1346 1712 vitio

240 1759 306 1823 fieri
320 1759 411 1824 debet
428 1760 592 1844 posthanc
606 1760 711 1824 vitam.
756 1759 854 1844 Atqui
868 1758 1031 1824 retributio
1045 1758 1224 1824 naturaliter
1244 1758 1346 1824 debita

240 1872 348 1936 virtuti
370 1880 417 1936 est
436 1872 552 1936 bonum
575 1872 806 1957 sempiternum,
826 1879 857 1935 et
875 1870 950 1935 vitio
969 1871 1085 1935 malum
1112 1871 1342 1956 sempiternum.

240 1982 323 2067 Ergo
337 1983 440 2047 anima
454 2005 573 2068 semper
588 1982 721 2063 durabit,
736 1993 773 2047 ut
796 1982 876 2047 hano
899 1982 961 2047 sive
980 1981 1141 2062 melisius
1163 1980 1236 2047 boni
1255 1982 1344 2046 retri-

240 2092 397 2159 butionem
417 2095 556 2180 accipiat.
601 2094 708 2159 Minor
725 2117 794 2159 vero
814 2094 972 2179 probatur.
1018 2095 1100 2159 Nam
1119 2102 1205 2159 sotus
1223 2095 1344 2159 virtutis

238 2216 287 2271 est
301 2206 388 2272 sotus
403 2208 572 2272 seeundum
587 2207 772 2292 exigentiam
787 2206 905 2271 ordinis
920 2206 1061 2271 obiectivi
1075 2205 1169 2271 libere
1184 2205 1342 2270 ordinatus

236 2317 275 2382 ab
290 2327 420 2403 agente:
442 2318 527 2383 uude
540 2342 594 2404 por
608 2327 711 2383 sotum
721 2319 845 2383 virtutis
860 2340 955 2403 agens
969 2316 1063 2382 libere
1077 2316 1198 2382 ordinat
1207 2318 1341 2403 seipsum

237 2430 277 2495 ad
305 2430 422 2496 bonum
450 2430 607 2512 rationale,
632 2430 715 2517 quod
743 2439 790 2496 est
820 2427 1013 2495 immutabile
1041 2437 1072 2494 et
1102 2438 1260 2510 aetornum,
1284 2451 1341 2495 nec

235 2543 355 2627 capitur
380 2542 438 2607 sub
464 2553 611 2628 tempore,
635 2543 759 2607 sedeat
783 2565 876 2626 supra
901 2564 992 2606 omne
1017 2549 1151 2627 tempus.
1195 2543 1279 2626 Ergo
1304 2565 1341 2606 ex

237 2664 345 2718 natura
359 2655 403 2719 rei
417 2655 498 2718 actui
514 2655 636 2720 virtutis
650 2654 780 2720 debetur
794 2660 908 2718 aterna
927 2653 1077 2739 possessio
1099 2653 1173 2718 boni
1195 2655 1339 2719 immuta·

236 2765 306 2828 bilis
331 2775 363 2829 et
385 2765 597 2831 indeficientis.
644 2765 790 2830 Similiter
817 2776 904 2830 actus
926 2765 1044 2850 peccati
1068 2772 1115 2828 est
1140 2772 1227 2830 sotus
1244 2764 1339 2830 libere

236 2877 395 2941 ordinatus
417 2877 455 2941 ab
477 2886 587 2963 agente
609 2887 715 2942 eontra
737 2877 922 2962 exigentiam
943 2876 1059 2941 ordinis
1074 2877 1233 2941 obieotivi:
1256 2877 1339 2942 unde

236 3012 290 3073 per
319 2994 421 3054 actum
445 2989 560 3073 peccati
590 3011 683 3074 agens
712 2988 808 3053 libere
837 2988 1006 3053 substrahit
1031 2989 1166 3073 seipsum
1192 3012 1210 3052 a
1236 2988 1339 3054 debito

235 3101 350 3180 ordine,
376 3110 408 3165 et
437 3101 544 3165 avertit
570 3123 602 3165 se
631 3100 752 3165 abono
774 3101 926 3179 rationali,
948 3099 1132 3164 immutabili
1159 3107 1191 3164 et
1213 3109 1338 3164 aeterno.

236 3211 319 3295 Ergo
342 3234 379 3276 ex
403 3221 515 3276 natura
539 3210 583 3275 rei
605 3211 687 3274 aotui
708 3210 825 3295 peceati
845 3210 973 3275 debetur
993 3219 1106 3275 aetema
1120 3211 1249 3296 privatio
1264 3211 1337 3275 boni

234 3323 437 3388 immutabilis
461 3330 492 3387 et
520 3321 731 3386 indeficientis.
776 3321 868 3386 Ratio
894 3320 1055 3405 utriusque
1078 3329 1134 3400 est,
1161 3322 1232 3406 quia
1259 3321 1337 3386 siout

233 3438 360 3500 materia
374 3435 477 3501 debite
490 3435 638 3520 disposita
652 3434 760 3519 nequit
774 3457 875 3499 carere
890 3433 987 3498 forma
1002 3433 1041 3498 ad
1056 3443 1146 3519 quarn
1169 3444 1216 3498 est
1235 3434 1335 3519 dispo·

232 3549 300 3627 sita,
316 3549 359 3612 ita
374 3547 477 3612 anima
491 3547 603 3612 virtute
619 3546 758 3610 ordinata
772 3545 812 3610 ad
827 3546 996 3631 perlectum
1010 3545 1127 3610 bonum
1145 3547 1252 3631 nequit
1272 3567 1335 3611 non

233 3660 339 3725 donari
362 3659 495 3743 perfeeto
517 3659 619 3724 bono:
654 3668 685 3722 et
710 3659 788 3722 siout
815 3657 941 3722 materia
964 3656 1081 3721 habens
1108 3657 1336 3742 dispositionem

232 3772 415 3836 contrariam
438 3770 528 3834 alicui
549 3770 654 3834 formae
676 3769 785 3855 nequit
808 3778 883 3832 tuno
904 3768 988 3832 illam
1013 3767 1154 3852 recipere,
1171 3767 1214 3830 ita
1235 3767 1337 3831 anima

232 3906 287 3967 per
306 3891 464 3968 peecatum
484 3904 588 3947 aversa
607 3880 724 3945 abono
746 3880 886 3944 rationali
907 3879 998 3943 debet
1018 3878 1072 3942 illo
1089 3878 1210 3963 privari.
1257 3877 1337 3954 Quia

234 3994 359 4058 veroin
381 3993 518 4080 quolibet
540 3993 629 4076 signo
656 3991 824 4056 durationis
849 3990 938 4055 realis
961 3990 1063 4056 anima
1080 3988 1192 4074 quaevis
1210 3988 1257 4053 vel
1279 3990 1338 4053 erit
1378 4011 1383 4016 ’

233 4129 378 4173 conversa
392 4105 431 4170 ad
446 4104 560 4169 bonum
577 4104 723 4168 rationale
738 4103 785 4166 vel
800 4124 904 4166 aversa
920 4100 957 4165 ab
973 4123 1019 4178 eo,
1035 4101 1068 4164 in
1089 4098 1227 4185 quolibet
1247 4099 1336 4184 signo

233 4217 403 4284 durationis
428 4217 528 4300 exiget
543 4214 590 4278 vel
614 4215 675 4279 frui
700 4215 754 4279 illo
777 4214 858 4278 bono
886 4213 925 4277 ad
949 4211 1031 4298 quod
1052 4220 1099 4276 est
1117 4212 1274 4295 disposita,
1290 4212 1337 4276 vel

234 4351 334 4396 carere
353 4327 407 4391 illo
426 4327 508 4391 bono
529 4348 622 4410 aquo
646 4334 692 4389 est
707 4349 819 4390 aversa.
865 4326 948 4409 Ergo
971 4325 1003 4387 in
1026 4323 1162 4409 quolibet
1184 4324 1272 4407 signo
1287 4348 1336 4388 eo·
