3200 4975
218 338 363 422 car.11.]
674 357 716 400 nn
734 355 881 401 nourrvn.
1255 337 1319 401 205

219 526 343 610 negatio
361 525 401 589 sit
423 534 509 589 actus
524 524 699 603 voluntatis,
715 546 812 608 quum
828 523 968 586 voluutas
986 544 1048 586 non
1071 522 1193 603 iudicet,
1211 523 1264 588 sed
1283 523 1323 587 ad

220 661 377 701 summum
392 636 505 700 iudicio
520 635 658 701 faciendo
672 637 785 720 praesit.
832 633 971 698 Influxus
993 643 1095 698 autern
1111 635 1275 699 voluntatis
1290 636 1323 698 in

221 749 368 812 iudicium
388 748 536 833 positivus
558 756 604 811 est
619 747 666 812 vel
682 747 864 830 negativus:
887 745 1035 830 positivus
1049 746 1200 811 limitatur
1218 747 1258 811 ad
1273 769 1324 811 cos

222 883 320 937 casus,
330 861 362 923 in
378 859 491 943 quibus
506 857 652 922 iudicium
665 856 748 942 quod
757 857 848 921 debet
863 855 991 940 proferri
1005 856 1097 921 habet
1107 859 1324 921 connexionem

222 971 353 1056 aliquam
377 993 448 1034 cum
470 969 581 1034 affectu
603 968 814 1052 praexistente
840 968 871 1030 in
895 967 1040 1047 subiecto,
1060 980 1151 1053 atque
1173 978 1326 1032 exercetur

221 1105 275 1166 per
286 1080 472 1146 voluntarios
487 1088 573 1144 actus
584 1078 762 1142 attentionis
779 1085 810 1140 et
825 1077 993 1141 reflexionis
1005 1077 1207 1161 praecedentes
1223 1077 1324 1162 ipsum

222 1192 370 1257 iudicium
393 1191 431 1254 de
454 1214 515 1275 quo
537 1189 657 1274 agitur:
680 1189 841 1274 negativus
864 1198 911 1252 est
937 1189 1065 1272 simplex
1086 1189 1273 1272 negligentia
1295 1197 1326 1253 et

224 1305 359 1369 defectus
374 1304 483 1369 debitae
498 1301 758 1380 considerationis,
773 1323 809 1365 ex
824 1323 884 1385 quo
899 1299 997 1364 oritur
1012 1299 1191 1386 plerumque
1211 1301 1327 1365 falsitas

227 1464 344 1535 Gopm'tic
366 1463 482 1518 ventites
506 1469 543 1516 est
563 1463 693 1534 quoddam
715 1462 829 1515 bonum·
856 1466 881 1514 et
900 1461 1025 1528 uoluntas,
1045 1461 1092 1513 hoc
1111 1461 1175 1514 buno
1189 1467 1327 1531 presente,

224 1557 339 1606 movetur
355 1557 379 1604 et
396 1551 536 1604 manuscr
552 1552 589 1603 od
601 1550 667 1604 illud
679 1550 870 1619 assequendum.
908 1549 977 1602 Hoec
988 1549 1117 1601 tendentia
1129 1567 1173 1602 seu
1184 1549 1325 1618 inclinatio,

226 1656 284 1709 que
300 1637 447 1705 suscitatur,
466 1643 503 1690 cat
515 1637 624 1707 proprie
641 1636 749 1706 quidum
766 1635 901 1705 appetitus,
920 1641 945 1688 et
962 1640 1053 1703 motus,
1072 1653 1122 1705 quo
1141 1635 1189 1688 tuli
1204 1636 1331 1705 appetitui

225 1725 326 1796 satisfit,
344 1730 382 1778 est
399 1723 523 1777 uudmmm
532 1743 542 1781 ,·
566 1722 628 1793 quic
645 1721 741 1776 veritus
753 1739 805 1791 per
822 1720 963 1790 simplicem
981 1721 1206 1790 apprehensionem
1226 1724 1263 1775 ad
1284 1741 1330 1776 nos

225 1812 300 1880 nmsd,
312 1813 358 1865 sed
368 1830 419 1882 per
430 1810 554 1864 mdscium
571 1828 618 1863 nos
635 1827 767 1862 movemur
784 1826 871 1862 omma
888 1808 969 1876 illum,
982 1827 1089 1879 eamque
1106 1809 1245 1879 sequimur,
1258 1811 1330 1881 quie·

226 1899 317 1951 scendo
338 1898 366 1951 in
384 1898 438 1952 eius
457 1897 599 1967 coqns'tione
611 1914 642 1948 cc
657 1895 821 1965 possessione.
857 1895 944 1965 Atqui
958 1894 1092 1964 appetitus,
1105 1914 1154 1965 quo
1159 1896 1278 1968 ferimur
1297 1897 1333 1950 ud

228 1985 321 2038 bonum
333 1985 460 2038 intellectu
471 1985 601 2054 coqueitum
613 1988 650 2036 est
661 1982 718 2052 msa
729 1983 864 2040 voluntas:
882 1999 942 2051 erqo
955 1981 1078 2035 iudc'cium
1089 2001 1188 2052 sernper
1195 1989 1232 2036 eet
1240 1985 1331 2038 volun·

227 2071 332 2124 terium.
369 2070 424 2124 Hic
441 2069 619 2124 ratiocinandi
637 2069 734 2123 modus
751 2086 807 2122 non
824 2067 961 2122 satisfacit.
998 2069 1071 2122 Nam
1087 2069 1195 2139 cognitio
1207 2071 1330 2140 amatu,

228 2163 260 2210 ut
275 2157 322 2226 sic,
335 2163 376 2211 est
393 2156 504 2228 quidem
519 2157 625 2227 aliquod
635 2157 736 2224 bonum,
750 2155 797 2209 sed
808 2155 910 2209 bonum
921 2155 1084 2224 intellectus,
1097 2174 1152 2210 non
1163 2157 1330 2212 voluntatis:

155 2279 158 2284 -
229 2249 258 2296 et
266 2245 389 2313 comatus,
402 2245 449 2297 ltoc
461 2243 525 2296 borso
532 2249 660 2312 presente
672 2242 734 2312 (seu
745 2241 900 2312 cognitione
913 2241 1058 2312 veritatis),
1068 2261 1123 2296 non
1135 2249 1225 2316 potest
1235 2243 1335 2298 moveri

229 2337 254 2383 et
265 2331 389 2384 inclinum
398 2333 435 2384 aa
444 2330 509 2383 uliud
518 2331 719 2400 assequendum
738 2328 803 2399 quia
818 2333 910 2382 motus
926 2333 953 2382 et
972 2327 1112 2383 inclinatio
1128 2334 1192 2382 sunt
1209 2330 1245 2384 ad
1260 2347 1333 2384 asse·

229 2417 368 2489 quendum
384 2417 457 2489 quod
474 2434 530 2470 non
545 2415 675 2469 habetur:
693 2415 796 2469 bonum
814 2420 907 2469 autem
922 2431 1039 2487 praesens
1058 2411 1119 2487 (seu
1131 2416 1250 2489 cognitio
1262 2417 1334 2471 veri·

230 2505 308 2575 tatis)
328 2523 383 2559 non
401 2510 443 2559 est
453 2505 554 2559 bonum
567 2503 772 2574 assequendum,
784 2501 849 2573 quia
860 2502 916 2555 iam
927 2501 1056 2572 hebetum
1076 2502 1099 2557 si
1111 2510 1202 2557 autem
1213 2505 1335 2560 nondum

232 2591 355 2660 habetur,
373 2609 429 2645 non
444 2597 486 2645 est
503 2591 592 2644 adhuc
607 2607 733 2662 praesens,
746 2594 774 2642 et
789 2589 911 2643 nondum
928 2594 1020 2643 movet
1029 2610 1036 2658 3
1055 2590 1120 2660 quia
1137 2590 1262 2645 voluntas
1279 2610 1335 2646 non

232 2683 356 2732 movetur
367 2677 464 2731 abono
476 2681 509 2730 ut
520 2675 703 2748 cognoscibili,
717 2675 765 2729 sed
777 2680 810 2728 ut
821 2674 938 2747 cognito.
976 2675 1110 2729 Voluntas
1122 2694 1193 2747 ergo,
1202 2684 1336 2749 praesente

232 2764 285 2818 hoc
295 2763 367 2818 bono
380 2764 442 2836 (sen
453 2763 607 2835 cognitione
616 2761 752 2833 veritatis)
765 2779 821 2815 non
833 2767 958 2815 movetur
969 2762 1004 2815 ad
1015 2762 1212 2833 assequendum
1220 2763 1296 2833 illud,
1307 2764 1336 2819 id

233 2857 275 2906 est
286 2852 373 2924 ipsam
385 2851 568 2923 cognitionem
576 2849 706 2918 veritatis,
716 2867 799 2921 quam
810 2848 901 2917 habet,
912 2849 959 2903 sed
971 2849 1006 2903 ad
1018 2852 1213 2918 assequendum
1225 2851 1254 2907 id
1263 2854 1336 2923 quod

234 2957 281 3010 per
298 2939 480 3011 cognitionem
496 2939 573 2991 illam
589 2936 711 2991 veritatis
728 2936 880 2991 ostenditur
896 2941 1035 3007 tamquam
1052 2942 1147 3009 aptum
1171 2940 1206 2992 ad
1229 2939 1337 3011 perlici·

235 3026 335 3080 endum
346 3025 498 3080 subiectum
513 3025 641 3079 ulteriore
656 3024 828 3097 perfectione,
841 3041 923 3095 quam
941 3024 977 3078 sit
994 3024 1052 3079 ciue
1068 3024 1183 3097 simplex
1200 3027 1336 3099 cognitio:

235 3130 317 3183 quare
328 3112 468 3181 terminus,
480 3113 516 3167 ad
527 3129 608 3183 quem
620 3111 746 3165 voluntas
757 3116 889 3179 movetur,
902 3128 958 3165 non
970 3116 1012 3165 est
1023 3111 1163 3182 iudicium,
1176 3114 1223 3168 sed
1235 3114 1338 3186 aliquid

232 3214 401 3269 ,consequens
412 3196 552 3251 iudicium.
589 3196 722 3250 Similiter
733 3195 832 3250 falsum
844 3201 885 3249 est
901 3196 973 3267 quod
984 3215 1036 3266 per
1051 3197 1174 3251 iudicium
1190 3217 1236 3252 noa
1253 3218 1338 3254 moce-

236 3303 297 3338 mur
321 3303 406 3339 ceram
428 3285 570 3352 verim,
595 3301 701 3354 eamqsu
724 3283 864 3353 sequimur,
886 3283 1034 3353 quiescendo
1054 3284 1083 3338 in
1112 3285 1165 3339 eius
1189 3287 1337 3356 cognitione.

234 3372 329 3426 Primo
350 3372 424 3425 enim
444 3370 579 3442 quomodo
599 3376 689 3442 potest
712 3369 773 3441 quis
796 3370 900 3424 moveri
924 3370 1107 3441 quiescendo?
1144 3372 1249 3427 Deinde
1272 3375 1339 3445 quid

236 3458 381 3513 dicendum
398 3458 431 3511 de
449 3457 558 3525 iudicio,
572 3474 626 3527 quo
643 3456 704 3528 quis
721 3457 861 3527 cognoscit
878 3456 982 3528 aliquid
998 3458 1161 3511 contrarium
1173 3476 1228 3513 suae
1242 3460 1339 3515 volun·

236 3543 310 3597 tati?
328 3543 357 3597 in
369 3562 423 3615 quo
435 3542 534 3616 poterit
546 3542 657 3614 quidem
667 3542 803 3613 quiescere
814 3560 863 3613 per
874 3542 1049 3612 intellectum,
1060 3544 1107 3597 sed
1116 3562 1164 3616 per
1172 3545 1339 3601 volumtatem

236 3650 291 3685 non
303 3632 377 3685 item.
414 3630 514 3699 Tertio,
528 3627 734 3683 anteiudicium
746 3629 910 3699 estquidam
927 3629 1025 3700 aliquis
1040 3637 1131 3685 motus
1148 3632 1340 3687 intellectualis

237 3734 331 3771 versus
342 3716 493 3785 veritatem,
506 3733 567 3786 quae
584 3721 616 3769 ut
631 3715 670 3769 sic
688 3720 730 3769 est
745 3714 849 3768 bonum
859 3715 1029 3769 intellectus:
1049 3717 1096 3771 sed
1107 3717 1196 3789 ipsum
1208 3718 1340 3773 iudicium

237 3821 292 3856 non
305 3809 347 3857 est
358 3810 457 3872 motus,
469 3803 518 3857 sed
529 3801 642 3857 cessatio
654 3820 671 3855 a
682 3807 758 3855 motu
770 3809 799 3856 et
810 3802 943 3856 terminus
955 3808 1053 3872 motus,
1065 3808 1098 3856 ut
1109 3808 1192 3875 patet.
1224 3804 1340 3869 Quando

238 3895 330 3944 autem
347 3889 529 3944 subsumitnr:
551 3889 637 3959 Atqui
653 3890 780 3959 amitus
797 3907 847 3958 quo
852 3889 971 3960 ferimur
989 3891 1025 3942 acl
1041 3891 1134 3943 bonum
1151 3906 1341 3945 rrvrnnnncrn

239 3982 453 4045 coemerunt
470 3977 527 4046 quse
544 3976 668 4044 voluntas,
678 3976 840 4047 supponitur
857 3975 988 4030 iudicium
1005 3976 1061 4029 iam
1078 3976 1189 4048 factum,
1201 3996 1256 4031 non
1273 3978 1341 4033 faci·

239 4063 355 4133 endum;
374 4069 402 4117 et
414 4063 453 4117 sic
464 4063 521 4116 ruit
531 4067 590 4116 tota
601 4062 807 4133 argumentatio,
820 4079 874 4132 qua
886 4063 1058 4117 contenditur
1065 4064 1232 4117 voluntatem
1244 4065 1341 4120 habere

239 4158 344 4223 partem
362 4151 391 4204 in
407 4150 530 4205 faciendo
547 4149 655 4203 iudicio.
691 4150 738 4204 Ad
761 4148 928 4221 probandum
946 4150 1050 4221 aliquid
1067 4151 1204 4205 debuisset
1220 4152 1342 4207 subsumi

239 4237 294 4293 sic:
313 4239 400 4309 Atqui
415 4238 542 4308 appetitus
560 4256 609 4309 quo
620 4236 740 4308 ferimur
757 4238 793 4289 ad
810 4239 1010 4307 cognoscendum
1021 4243 1058 4292 est
1075 4238 1132 4308 quasa
1144 4240 1274 4310 voluntem
1294 4239 1342 4295 sed

241 4325 301 4380 haee
311 4325 458 4398 propositio
470 4324 566 4379 firiseet
578 4323 736 4395 simpliciter
747 4324 822 4378 falsa.
