3200 4975
216 405 286 449 car.
303 385 343 468 1.]
612 405 655 449 nn
670 404 925 448 aocrnssmaus.
1254 384 1317 445 305

217 571 367 634 unitatem
393 569 556 656 quamdam
587 569 768 647 naturalem,
798 591 868 633 eum
899 568 1094 652 proportione
1121 566 1180 630 diei
1209 567 1320 651 poterit

216 681 254 746 de
275 679 396 765 legibus
425 681 624 745 rationalibus
652 702 687 746 ac
713 679 889 759 moralibus,
919 702 973 763 per
1002 701 1078 764 quas
1106 677 1321 742 multitudines

218 792 357 878 quaedam
369 791 578 857 determinatae
591 791 756 875 spirituum
770 790 959 855 reducuntur
973 789 1013 853 ad
1027 812 1122 854 unam
1136 790 1321 854 societatem.

262 909 314 970 19.
337 904 484 984 Tandem,
501 905 527 969 si
549 904 757 968 consideretur
779 903 905 987 spiritus
926 910 1084 987 tamquam
1106 901 1203 965 virtus
1225 901 1323 965 activa

218 1014 258 1079 ad
276 1024 370 1094 extra,
385 1014 501 1079 orietur
515 1015 594 1080 actio
615 1014 827 1093 illuminativa,
842 1013 891 1078 vel
913 1013 991 1077 aetio
1007 1013 1120 1077 motiva
1134 1034 1189 1097 per
1210 1011 1321 1090 locum,

218 1136 312 1212 prout
340 1128 512 1212 coneipitur
539 1149 629 1211 agere
657 1127 690 1191 in
720 1126 815 1191 alium
844 1126 997 1211 spiritum,
1019 1126 1068 1190 vel
1097 1125 1129 1189 iu
1154 1124 1322 1189 materiam.

220 1237 347 1303 Orietur
367 1246 398 1302 et
414 1238 514 1323 passio
535 1238 568 1301 iu
588 1237 752 1321 recipiente
774 1237 935 1317 actionem,
951 1246 987 1301 ut
1008 1245 1112 1321 patet:
1128 1245 1162 1300 et
1181 1244 1325 1320 praeterea

221 1348 406 1427 addendum,
437 1348 519 1434 qnod
551 1350 668 1433 quoodo
697 1348 854 1434 spirituale
889 1347 973 1433 quod
1009 1356 1203 1413 mensuratur
1238 1355 1325 1411 motu

222 1461 381 1545 spirituali,
397 1470 429 1525 et
450 1463 502 1526 ati
515 1460 683 1545 spirituale,
699 1461 726 1526 si
747 1461 875 1546 spiritus
889 1469 991 1525 mouet
1005 1459 1174 1539 materiam,
1189 1459 1326 1523 denomi-

222 1573 289 1637 nari
313 1582 459 1657 poterunt
473 1594 510 1636 ex
526 1572 658 1637 termino
674 1572 824 1637 materiali
844 1573 959 1637 fluente
982 1594 1143 1657 persuum
1166 1572 1281 1656 quondo
1296 1580 1327 1635 et

223 1686 275 1748 ati
288 1683 443 1748 materiale
457 1684 659 1749 accidentale:
682 1693 713 1748 et
728 1688 771 1749 sic
786 1685 847 1749 dici
862 1685 973 1770 poterit
987 1708 1016 1749 v.
1027 1706 1073 1768 gr.
1089 1683 1172 1768 quod
1187 1683 1327 1768 apparuit

225 1795 259 1859 S.
275 1794 411 1859 Michaiil
425 1797 457 1859 ia
470 1804 567 1859 monte
585 1796 734 1880 Geryone,
750 1795 797 1860 vel
812 1796 953 1881 apparuit
969 1797 1025 1860 tali
1038 1796 1085 1859 die
1099 1802 1128 1859 et
1143 1796 1199 1859 tali
1212 1797 1294 1858 toro.

602 2016 788 2060 aurdanaus
804 2017 953 2061 ruamus.

495 2142 544 2204 De
558 2142 671 2225 eripiare
684 2140 874 2205 decimiana
889 2143 921 2203 s'n
935 2142 1057 2205 maniae.

270 2279 324 2341 20.
348 2277 502 2361 Superest,
517 2286 553 2342 nt
575 2278 691 2364 aliquid
714 2278 850 2343 dieamus
874 2278 911 2342 de
934 2279 1051 2363 origine
1074 2279 1275 2345 accidentium
1298 2279 1330 2343 iu

227 2398 336 2451 natura
351 2388 519 2474 composita
533 2412 570 2453 ex
585 2389 694 2473 spiritu
709 2398 740 2452 et
760 2388 896 2469 materia,
913 2389 1027 2454 scilicet
1041 2391 1074 2453 in
1090 2390 1224 2455 homine.
1271 2390 1332 2455 sed

228 2501 309 2585 quia,
318 2500 443 2586 quando
458 2501 558 2566 anima
573 2500 749 2566 infunditur
759 2502 878 2586 corpori
893 2503 926 2565 in
941 2503 1078 2586 potentia
1090 2504 1181 2567 vitam
1196 2503 1332 2582 habenti,

228 2611 289 2675 iam
304 2613 439 2676 existunt
454 2614 487 2677 iu
502 2613 570 2697 ipso
585 2635 710 2698 corpore
723 2613 857 2698 plurima
871 2613 1048 2693 accidentia,
1059 2614 1170 2699 quibus
1186 2614 1333 2679 advitam

233 2722 415 2808 disponitur,
439 2746 502 2787 non
532 2723 570 2788 de
599 2724 648 2787 his
677 2724 824 2809 quaeritur
849 2725 907 2789 hoe
931 2725 1016 2790 loeo:
1040 2726 1222 2791 considerari
1251 2711 1335 2790 enini

230 2844 359 2918 possunt
379 2844 411 2898 et
426 2834 539 2899 debent
559 2844 594 2899 ut
610 2835 808 2920 praecedentia
825 2837 1015 2900 existentiam
1031 2836 1175 2916 hominis,
1190 2846 1221 2900 et
1236 2835 1283 2902 vel
1298 2859 1334 2900 ex

232 2944 304 3008 solis
333 2944 449 3008 viribus
480 2943 613 3009 materiae
642 2945 688 3009 vel
725 2945 817 3009 etiam
847 2969 883 3010 ex
913 2947 1030 3011 influxu
1060 2947 1144 3012 vitali
1173 2955 1334 3034 parentum

232 3055 383 3120 oriuntur.
429 3056 537 3120 Infusa
561 3066 662 3121 autem
693 3058 811 3142 corpori
841 3059 951 3137 anima,
972 3058 1125 3123 habentur
1154 3058 1185 3122 in
1213 3059 1336 3123 homine

233 3167 311 3232 tria:
336 3171 370 3230 1⁰
391 3168 457 3252 ipsa
479 3168 581 3232 anima
601 3168 770 3232 informans
792 3191 903 3253 eorpus
925 3192 979 3253 per
1001 3171 1148 3256 seipsam:
1172 3172 1207 3234 2⁰
1226 3193 1336 3254 corpus

233 3278 411 3362 organicum
449 3279 665 3344 informatum:
699 3282 735 3343 3⁰
763 3281 866 3346 imitas
896 3281 1042 3345 naturalis
1079 3281 1238 3360 individui,
1268 3287 1339 3367 quae

234 3389 346 3454 dieitur
371 3411 499 3474 persona
525 3391 670 3470 humana,
697 3391 757 3455 nisi
780 3393 1052 3476 supernaturaliter
1075 3392 1134 3457 ulio
1160 3393 1337 3477 perfectiore

234 3499 432 3583 compleatur.
476 3501 519 3565 Et
540 3524 595 3585 per
614 3502 678 3566 haec
700 3502 759 3566 tria
779 3502 977 3566 habebuntur
1000 3504 1031 3566 in
1053 3502 1187 3584 homine,
1204 3503 1283 3567 sieut
1305 3503 1337 3566 in

235 3611 345 3695 angelo
367 3620 397 3676 et
420 3612 451 3676 in
474 3612 541 3697 ipso
563 3612 714 3677 elemento
732 3612 891 3693 materiali,
907 3623 968 3676 tres
990 3613 1113 3678 termini
1134 3615 1338 3700 exprimentes

236 3722 356 3787 realiter
374 3723 515 3789 eumdem
530 3724 685 3788 hominem
712 3724 769 3788 sub
785 3725 884 3789 tribus
899 3726 1095 3811 conceptibus
1110 3727 1241 3791 realibus
1261 3727 1339 3790 rela-

236 3835 297 3898 tive
305 3835 463 3918 oppositis,
475 3834 507 3899 id
521 3845 568 3900 est
583 3834 641 3900 sub
653 3844 802 3920 conceptu
814 3836 942 3915 formali,
954 3838 1011 3901 sub
1021 3847 1169 3922 conceptu
1181 3839 1338 3918 materiali,

239 3946 296 4010 sub
311 3956 461 4032 conceptu
474 3946 664 4011 individuali.

281 4061 335 4123 21.
360 4058 508 4122 Similiter
528 4057 719 4150 inveniemus
733 4057 766 4120 in
789 4057 913 4122 homine
928 4059 980 4122 illa
996 4059 1053 4123 alia
1068 4060 1136 4137 tria,
1153 4059 1290 4124 videlicet
1307 4064 1344 4125 10'

238 4171 353 4252 qnando
376 4170 551 4234 absolutum
577 4169 787 4247 intrinsecum,
804 4173 839 4234 2⁰
860 4173 910 4234 abi
933 4171 1106 4236 absolutum
1131 4173 1339 4254 intrinsecum,

239 4283 275 4342 3⁰
290 4282 542 4366 conspirationem
567 4281 726 4366 utriusque
749 4280 787 4344 ad
804 4283 1074 4348 coinexistendum.
1122 4284 1181 4347 Sed
1203 4286 1261 4348 tria
1277 4287 1347 4350 haec'

239 4393 272 4455 in
287 4391 410 4456 homine
425 4407 498 4457 suut
514 4394 598 4457 valde
613 4392 777 4476 complexa.

285 4524 360 4567 von.
377 4526 416 4568 11.
860 4591 862 4596 ι
1148 4527 1170 4569 x
