3200 4975
202 372 274 417 aar.
292 351 346 435 11.]
513 370 555 414 nn
572 370 776 415 suasrsurrs
793 369 1000 414 svintrosm.
1262 351 1302 413 41

203 542 256 604 troc
276 534 380 623 bosam,
402 538 455 601 aed
474 538 505 600 in
527 538 694 601 abstracto:
716 538 793 599 aicnt
814 538 869 600 boc
889 559 993 599 nomen
1015 556 1138 601 consus
1159 536 1308 621 aipnificat

203 653 298 735 pisam
319 668 472 713 curasan
488 650 520 711 in
534 649 691 712 abstracto.
741 647 823 711 Unde
843 667 955 711 vivuat
977 669 1036 711 noa
1056 656 1102 712 cst
1115 649 1309 732 predicatum

203 761 391 839 pertentat,
420 760 474 824 sed
499 760 700 824 adstantiale.
749 760 928 843 Quandoque
960 767 1058 823 amem
1090 762 1152 825 oita
1183 763 1310 825 sumitur

205 878 300 937 minas
307 872 431 956 proprie
441 893 500 955 pro
520 872 736 952 operationibus
756 872 833 950 cita,
853 893 872 934 a
891 872 996 954 quibas
1016 893 1119 935 nomen
1138 873 1206 936 cita
1226 894 1309 936 assa·

206 986 306 1049 mitur.
351 983 472 1069 Itaque,
496 1004 593 1068 quum
616 981 751 1066 operatio
776 980 962 1047 intellectiva
982 981 1086 1066 angeli
1111 982 1151 1046 sit
1174 986 1310 1069 operatio

208 1095 289 1173 vitae,
305 1104 400 1179 patet,
415 1093 519 1157 omnia
533 1116 602 1178 quse
617 1093 649 1157 S.
665 1093 857 1158 'l'homashic
874 1092 950 1158 dicit
964 1092 1002 1159 de
1016 1093 1078 1158 vita
1092 1102 1123 1158 et
1137 1094 1311 1179 operatione

206 1208 284 1285 vitae,
315 1205 443 1271 dicenda
471 1227 536 1269 esse
565 1205 657 1269 ctiam
686 1204 725 1269 dc
750 1204 954 1289 intelligentia
976 1215 1008 1269 et
1030 1205 1097 1271 eius
1125 1208 1310 1291 operatione.

209 1318 311 1395 Quare
333 1339 445 1381 nomen
467 1318 666 1401 intellipcntia
688 1339 743 1381 sen
764 1318 928 1382 intellectas
956 1319 1089 1382 sumitur
1111 1322 1235 1403 proprie
1256 1342 1311 1404 pro

208 1430 340 1495 essentia
359 1428 470 1513 angeli,
494 1438 525 1493 et
539 1428 704 1513 improprie
724 1450 780 1513 pro
800 1427 991 1514 operatione:
1014 1437 1045 1492 et
1060 1428 1221 1513 intellipcre
1234 1429 1313 1493 nihil

211 1542 365 1619 aliudest,
380 1563 475 1626 quam
490 1562 550 1605 csse
559 1541 656 1613 ivitati
669 1549 778 1604 natura
792 1538 993 1605 intellectiva:
1009 1551 1041 1603 et
1052 1541 1248 1625 intellipentia
1259 1544 1313 1605 boc

210 1658 304 1737 pisum
329 1652 488 1738 aipnfficot,
514 1652 567 1717 scd
589 1654 621 1715 io
646 1653 803 1717 abstracto.
850 1652 942 1716 Unde
963 1654 1169 1718 intellectivam
1190 1677 1249 1717 noa
1270 1664 1315 1719 est

203 1766 395 1849 predicatum
412 1763 600 1842 occidentale,
615 1765 667 1828 sed
678 1764 881 1828 substantiale.
919 1763 1140 1829 Concludimus
1153 1788 1227 1849 ergo
1242 1766 1314 1829 sub·

211 1876 355 1941 stantiam
372 1869 562 1960 spiritualem
578 1897 642 1939 non
663 1874 800 1959 indigere
823 1876 925 1961 aliquo
947 1877 1102 1942 accidente
1116 1900 1178 1962 quo
1197 1878 1251 1941 liat
1266 1878 1314 1941 in·
1335 1879 1337 1884 ’

211 1987 371 2065 tellectiva,
387 1986 441 2050 sed
462 1986 500 2050 de
522 2008 555 2051 se
567 1995 608 2051 et
630 1987 832 2052 essentialiter
853 2010 919 2052 esse
940 1988 1165 2068 intellectivam,
1182 2011 1235 2055 sen
1250 2012 1315 2053 esse

211 2100 355 2163 virtutem
375 2098 578 2182 intelligendi.
625 2098 808 2163 Ulteriorem
831 2098 876 2163 rei
898 2099 1130 2165 declarationem
1156 2123 1316 2185 perscipue-

211 2233 281 2274 mur
296 2210 376 2273 infra
389 2232 421 2272 n.
437 2212 482 2273 40
497 2208 615 2293 agendo
630 2210 667 2273 de
682 2210 849 2274 voluntate.

255 2348 307 2409 34.
332 2343 490 2422 Quaeritur
510 2353 628 2429 quarto,
644 2367 683 2408 aa
697 2349 729 2409 in
742 2346 917 2411 adstantiis
934 2350 1080 2431 separatis
1099 2349 1262 2413 intellectae
1278 2350 1318 2413 sit
1347 2379 1355 2396 ·

212 2457 388 2522 trataraliter
401 2457 432 2520 io
441 2457 578 2541 potentia
592 2456 633 2520 ad
645 2457 825 2541 recipiendas
838 2460 957 2543 species

257 2569 439 2654 Respondeo
454 2569 641 2633 affirmative.
686 2568 768 2633 Nam
783 2570 913 2634 facultas
928 2571 1110 2635 intellectiva
1122 2572 1319 2636 constituitur

198 2684 244 2762 ⁸in
261 2705 292 2746 se
307 2681 457 2766 complete
472 2703 508 2745 ex
523 2690 593 2745 actu
609 2679 802 2745 substantiali
823 2691 855 2746 et
875 2683 941 2746 eius
962 2684 1094 2747 termino
1116 2683 1319 2762 substantiali,

213 2804 248 2858 ut
262 2793 349 2857 iacile
367 2792 497 2856 infertur
512 2815 548 2856 ex
564 2793 653 2856 dictis
668 2815 698 2856 n.
716 2795 777 2858 31:
802 2802 893 2878 atque
912 2794 981 2858 ideo
1003 2804 1050 2858 est
1071 2795 1209 2879 potentia
1229 2794 1321 2859 simul

214 2907 311 2970 activa
321 2915 352 2969 et
362 2905 491 2988 passiva.
536 2904 656 2982 Activa,
667 2905 699 2967 iu
712 2913 862 2989 quantum
874 2915 920 2968 est
931 2906 996 2991 ipse
1010 2917 1097 2970 actus
1112 2905 1322 2970 substantialis

215 3017 386 3102 completus
398 3038 453 3080 suo
466 3016 598 3080 termino
613 3016 787 3094 intrinseco,
799 3025 831 3080 et
842 3016 970 3081 ulterius
982 3018 1171 3103 complebilis
1182 3018 1322 3082 terminis

216 3127 464 3195 accidentalibus.
510 3128 641 3208 Passiva,
662 3129 694 3192 in
716 3137 867 3214 quantum
887 3138 934 3194 est
954 3129 1021 3215 ipse
1040 3130 1189 3195 terminus
1210 3131 1322 3195 intrin-

217 3264 303 3306 secus
325 3249 356 3304 et
378 3239 558 3319 essentialis,
581 3249 733 3318 samatus,
756 3239 884 3306 ulterius
906 3241 1131 3306 accidentaliter
1152 3243 1321 3306 actuabilis.

217 3353 447 3436 consequenter
466 3350 595 3414 facultas
613 3350 797 3415 intellectiva
812 3360 932 3415 constat
952 3351 1151 3416 essentialiter
1166 3352 1323 3417 intellectu

217 3465 314 3530 activo
329 3473 359 3528 et
374 3461 531 3527 intellectu
548 3464 685 3548 passivo:
709 3474 740 3526 et
752 3463 830 3527 circa
841 3464 898 3528 hoc
910 3487 972 3528 non
989 3474 1169 3549 potestesse
1184 3464 1322 3529 dubium.

217 3577 266 3640 Ex
282 3576 340 3639 hoc
354 3582 455 3639 autem
471 3576 678 3658 consequitur,
700 3574 783 3658 quod
806 3575 898 3640 etiam
921 3576 954 3641 in
977 3576 1156 3665 substantiis
1179 3578 1324 3663 separatis

218 3687 392 3760 intellectus
421 3685 601 3750 naturaliter
620 3687 663 3749 'sit
693 3687 726 3749 in
749 3687 887 3771 potentia
916 3688 955 3752 ad
983 3689 1171 3774 recipiendas
1200 3691 1323 3774 species.

220 3798 367 3863 Naturale
381 3806 427 3862 est
448 3799 530 3861 enirn
551 3798 680 3862 exerceri
702 3798 862 3863 facultates
883 3800 1051 3865 secundnm
1074 3802 1325 3866 constitutionem

219 3908 524 3974 earumnaturalem:
548 3930 622 3992 ergo
642 3908 771 3973 facultas
792 3931 861 3994 quae
883 3920 929 3977 est
951 3912 1062 3997 partim
1085 3913 1191 3991 activa,
1214 3914 1324 3998 partim

217 4022 345 4106 passiva,
357 4020 537 4084 naturaliter
552 4032 708 4084 exercetur
723 4021 895 4106 recipiendo
906 4022 1022 4108 aliquid
1032 4024 1065 4087 in
1076 4047 1131 4088 sua
1141 4025 1328 4110 passivitate,-

218 4142 249 4197 ct
264 4132 415 4206 actuando
432 4154 463 4195 se
478 4133 511 4195 in
526 4155 562 4196 eo
578 4154 632 4217 per
648 4155 734 4198 suam
753 4134 947 4200 nativitatem.
993 4135 1075 4220 llrgo
1091 4137 1264 4202 intellectus
1278 4138 1326 4200 in-

219 4244 387 4328 telligendo
401 4245 466 4328 agit
481 4255 511 4308 et
527 4244 654 4328 patitur.

263 4358 457 4424 Intellectum
495 4358 627 4423 activum
657 4367 688 4421 et
717 4359 872 4443 passivum
903 4359 1038 4423 admittit
1070 4361 1102 4426 S.
1133 4361 1264 4425 Thomas
1293 4362 1328 4424 in'
