3200 4975
208 356 279 401 csr.
296 337 353 422 m]
600 363 643 405 nn
660 335 935 408 sccrusurrsuss
1250 348 1312 409 321

207 523 311 588 tialem
334 534 365 589 et
387 525 605 589 accidentalem
628 534 760 591 nonest
784 528 972 592 desumenda
994 551 1031 593 ex
1054 528 1171 593 diverso
1192 528 1314 592 formali

206 635 367 720 principio,
383 637 437 701 sed
460 658 497 701 ex
523 637 640 702 diversa
663 638 815 722 exigentia
839 649 870 702 et
893 640 1101 725 receptivitate
1124 640 1257 720 termini,
1273 639 1313 703 ad

206 769 299 831 quem
327 747 409 812 idem
437 748 623 834 principium
653 750 867 815 terminatur.‘
892 752 925 815 Si
954 751 1037 815 enim
1067 752 1249 817 terminatur
1272 751 1312 815 ad
1348 830 1349 835 ἵ

206 882 314 944 puram
329 860 499 945 potentiam
514 860 635 925 essendi
649 861 759 946 primo,
776 860 829 925 dat
844 861 977 946 primum
995 884 1069 942 esse,
1080 861 1169 946 ¹quod
1184 871 1312 926 estesse

206 971 424 1037 substantiale:
455 980 486 1036 et
507 972 577 1036 ideo
600 973 712 1037 dieitur
733 972 833 1037 forma
855 972 1084 1037 substantialis:
1109 974 1133 1037 si
1156 995 1227 1038 vero
1249 983 1311 1037 ter-

204 1085 341 1148 minatur
364 1083 474 1148 deinde
495 1084 535 1148 ad
560 1084 729 1169 potentiam
752 1084 874 1149 realiter
896 1085 1075 1149 existentem
1099 1084 1156 1149 sub
1178 1084 1308 1170 quadam

203 1196 302 1260 forma
324 1194 538 1275 substantias·
552 1195 638 1260 dabit
659 1196 705 1259 illi
727 1196 852 1281 aliquod
874 1196 1043 1261 secundum
1066 1219 1141 1276 esse,
1161 1219 1223 1283 quo
1245 1219 1308 1261 non

205 1306 333 1391 indiget,
349 1316 385 1371 ut
402 1307 520 1373 dictum
542 1316 599 1384 est,
619 1306 749 1392 ideoque
769 1307 963 1373 accidentale.
1008 1310 1112 1393 Atque
1131 1308 1205 1372 hine
1224 1317 1308 1394 patet

203 1418 357 1503 quomodo
372 1418 451 1483 actio
471 1418 511 1481 sit
532 1418 735 1497 accidentalis,
750 1418 822 1483 licet
845 1419 989 1503 procedat
1012 1443 1030 1483 a
1048 1419 1147 1484 forma
1167 1420 1309 1483 substan-

204 1530 280 1594 tiali.
324 1529 381 1593 llst
404 1539 509 1594 autem
533 1530 727 1594 accidentalis
749 1552 811 1593 non
830 1529 929 1594 solum
947 1553 982 1593 ex
999 1539 1086 1615 parte
1102 1530 1257 1615 patientis,
1275 1540 1310 1593 ut

204 1641 326 1705 evidens
352 1650 398 1704 est
421 1663 457 1705 ex
481 1641 580 1720 dictis,
607 1641 776 1705 sedetiam
803 1664 839 1704 ex
853 1650 940 1725 parte
967 1642 1086 1725 agentis
1096 1668 1106 1722 3
1130 1642 1202 1726 quia
1229 1642 1309 1705 sicut

204 1753 324 1837 patiens
338 1775 402 1816 non
416 1752 534 1836 indiget
548 1752 632 1816 illam
653 1752 805 1817 actionem
821 1754 962 1838 recipere,
978 1753 1031 1817 sed
1046 1762 1146 1838 potest
1161 1776 1196 1817 ea
1211 1776 1310 1819 carere

205 1864 286 1931 salva
310 1888 365 1929 sua
388 1864 569 1943 substantia,
584 1864 629 1928 ita
652 1886 747 1949 agens
772 1887 835 1927 non
862 1864 981 1949 indiget
998 1864 1101 1949 aliquo
1124 1866 1255 1929 termino
1275 1865 1308 1928 in

205 1998 297 2061 quem
313 1984 393 2060 agat,
410 1975 463 2039 sed
478 1984 578 2060 potest
592 1998 629 2040 eo
651 1998 751 2049 carere
773 1976 856 2040 salva
878 1999 933 2039 sna
954 1975 1144 2040 substantia:
1168 1976 1220 2039 sed
1239 1975 1310 2039 licet

205 2088 302 2174 possit
311 2110 411 2151 carere
419 2088 615 2167 actione,non
625 2097 725 2173 potest
734 2110 834 2153 carere
844 2088 1095 2153 determinatione
1105 2087 1144 2151 ad
1155 2086 1310 2171 agendum

206 2200 290 2264 iuxta
313 2208 454 2264 naturam
478 2200 657 2283 specificam,
683 2221 775 2283 quam
802 2198 893 2276 habet
918 2222 935 2263 a
961 2198 1069 2263 forma.
1117 2198 1311 2283 Quapropter

207 2310 418 2375 determinatio
441 2309 515 2389 haec,
531 2334 587 2374 seu
600 2311 697 2375 virtus
717 2310 824 2389 activa,
841 2321 887 2375 est
906 2312 934 2374 ei
954 2309 1132 2391 essentialis,
1147 2310 1218 2375 licet
1233 2310 1312 2375 actio

203 2424 269 2489 eius
289 2424 328 2488 sit
350 2423 552 2488 accidentalis.
597 2422 701 2509 Atque
719 2423 783 2487 haec
806 2422 965 2508 explicatio
990 2446 1008 2486 a
1030 2422 1138 2506 primis
1153 2422 1310 2508 principiis

207 2536 337 2601 deducta
350 2536 427 2600 mihi
441 2536 562 2599 videtur
576 2557 683 2598 omnes
695 2534 889 2598 difficultates
904 2534 936 2598 in
951 2536 1018 2619 ipsa
1031 2533 1132 2598 radice
1141 2536 1299 2618 perimere.

249 2652 303 2712 31.
331 2649 457 2711 Obiicies
472 2651 516 2710 5⁰.
540 2645 598 2709 Per
613 2644 645 2710 id
660 2645 832 2709 substantia
846 2646 988 2729 producit
1000 2645 1152 2722 effectum,
1161 2667 1217 2729 per
1228 2646 1311 2729 quod

206 2769 253 2824 est
273 2781 407 2844 praesens
428 2733 568 2836 effectui3
591 2779 654 2820 non
676 2757 760 2821 enim
781 2758 873 2822 datur
893 2758 971 2822 actio
991 2758 1023 2821 in
1040 2757 1169 2821 distans.
1215 2757 1312 2842 Atqui

206 2871 380 2937 substantia
402 2893 481 2955 saepe
504 2892 567 2933 non
592 2876 640 2933 est
664 2890 796 2952 praesens
822 2868 954 2947 effectui,
981 2868 1035 2931 sed
1062 2867 1159 2931 solum
1179 2889 1233 2952 per
1256 2890 1312 2936 sua

206 2983 391 3060 accidentia3
414 3005 485 3046 nam
506 2981 595 3045 arbor
615 2980 757 3064 producit
772 2981 921 3058 arborem,
938 2980 987 3044 eui
1002 2980 1102 3044 solum
1116 3001 1249 3064 praesens
1265 2992 1312 3043 est

206 3119 262 3181 per
271 3097 414 3160 virtutem
429 3093 565 3158 relietum
580 3092 612 3156 in
628 3091 759 3156 semine:
783 3091 865 3176 ignis
880 3092 1021 3176 producit
1036 3091 1167 3155 calorem
1178 3090 1233 3154 ubi
1248 3114 1311 3156 non

208 3218 255 3272 est
268 3231 324 3293 per
337 3230 423 3271 suam
440 3204 653 3282 substantiam,
668 3212 726 3268 etc.
771 3204 855 3286 Ergo
870 3205 1011 3288 producit
1025 3204 1168 3268 effectum
1183 3225 1237 3288 per
1256 3227 1312 3268 sua

206 3319 384 3385 accidentia.
653 3383 656 3387 .

250 3429 433 3515 Respondeo
458 3428 567 3512 prim0‚
586 3427 794 3491 subsumendo
818 3437 923 3490 contra
950 3411 1143 3492 obiicientem
1175 3429 1240 3513 (qui
1264 3440 1310 3494 est

205 3565 324 3628 semper
347 3540 551 3622 Goudiniuslz
574 3541 658 3621 atqui
683 3539 844 3603 reddentia
869 3545 939 3602 sulit
960 3541 992 3602 in
1016 3541 1081 3622 qnae
1105 3548 1219 3604 tantum
1243 3544 1311 3605 sub·

204 3657 317 3720 stantia
326 3682 337 3729 ‚·
359 3676 426 3738 erpo
449 3675 506 3736 quo
527 3653 692 3716 substautias
708 3673 768 3713 non
775 3658 877 3734 potest
886 3651 1039 3734 peruenire
1054 3654 1260 3736 perseipsum,
1277 3678 1310 3718 eo

205 3790 264 3831 non
272 3773 372 3849 potest
380 3765 533 3847 pervenire
541 3756 599 3845 pier
612 3785 665 3825 utu
682 3763 851 3825 accidentia.
898 3761 938 3824 Et
954 3761 1018 3824 haec
1033 3765 1190 3846 responsio
1212 3774 1308 3828 totam

205 3877 405 3943 obiectionem
419 3875 607 3959 pessumdat.
958 3861 966 3874 κ

249 3987 432 4075 Respondeo
455 3985 599 4064 secundo,
614 3986 682 4049 dot.
699 3987 749 4050 M.
773 4009 828 4070 per
853 3985 937 4070 quod
963 3993 1009 4048 est
1032 4008 1165 4070 praesens
1189 3988 1309 4054 effectui

207 4101 375 4166 secundum
390 4099 535 4164 virtutem
550 4119 630 4161 cone.
646 4099 690 4160 M
690 4144 709 4174 .,
722 4120 777 4182 per
799 4098 882 4182 quod
904 4105 951 4160 est
973 4120 1106 4181 praesens
1124 4099 1244 4166 effectui
1261 4123 1307 4164 se·

206 4212 343 4276 cundum
363 4210 416 4274 ubi
436 4232 502 4293 nep.
517 4211 566 4271 M.
610 4207 651 4269 Et
672 4209 749 4270 ratio
768 4207 973 4292 responsionis
988 4209 1048 4272 late
1063 4212 1199 4294 exposita
1213 4220 1260 4276 est
1275 4213 1308 4276 in

206 4332 338 4409 tractatu
362 4322 399 4385 de
423 4320 595 4385 substantia
621 4342 763 4405 corporea
788 4342 821 4383 n.
848 4321 967 4398 36-41,
989 4329 1019 4383 et
1045 4343 1077 4384 n.
1104 4324 1156 4400 60,
1181 4325 1233 4401 61,
1256 4323 1308 4387 ubi

250 4455 323 4498 vos.
339 4453 377 4496 11.
1116 4454 1136 4494 r
