3200 4975
220 346 333 429 caan]
655 368 697 410 na
716 368 861 411 nonius.
1269 346 1329 405 145

218 532 393 610 latentium,
409 531 554 616 pendebit
569 535 601 595 in
618 551 673 597 sno
688 535 830 598 exercitio
846 534 883 597 ab
899 532 1097 617 impressione
1113 530 1248 597 sensibili
1265 539 1294 595 et
1310 554 1328 593 a

217 644 440 729 phantasmate.

261 758 306 819 2⁰.
331 755 423 831 Quod
447 757 583 839 potentia
612 757 760 821 retentiva
790 758 958 840 specierum
983 755 1232 839 intelligibilium,
1256 777 1326 839 quae

217 868 306 933 offert
327 868 483 933 materiam
505 868 589 933 actui
609 868 761 932 memoriae
783 855 1008 948 intellectualis,
1031 891 1173 953 quaeque
1189 878 1235 931 est
1254 889 1329 951 quo-

219 980 383 1045 dammodo
401 980 485 1063 regio
505 981 652 1059 eiusdem,
677 990 711 1044 ut
733 981 927 1045 terminativa
948 991 1044 1060 actus,
1067 982 1122 1066 qui
1144 980 1326 1044 terminatur

219 1094 311 1157 etiam
335 1093 374 1157 ad
397 1094 566 1177 potentiam
597 1093 778 1157 retentivam
810 1092 1071 1176 phantasmatum,
1095 1094 1130 1155 fit
1154 1092 1325 1156 auxiliativa

218 1206 371 1270 memoriae
386 1204 547 1284 sensibilis,
569 1204 676 1268 saltem
697 1227 751 1289 pro
771 1204 900 1284 actibus,
922 1204 1034 1289 quibus
1050 1205 1214 1289 attingitur
1234 1203 1324 1267 intel·

217 1316 335 1401 ligibile
349 1318 382 1381 in
398 1316 532 1381 sensibili
546 1315 655 1380 latens,

262 1432 306 1491 3⁰.
331 1428 423 1504 Quod
432 1428 477 1493 vis
492 1427 654 1512 cogitativa
669 1429 889 1513 cuiuscumque
898 1428 1100 1513 intelligibilis
1112 1428 1253 1492 excitabit
1263 1428 1323 1493 vim

218 1540 426 1605 associativam
446 1540 705 1623 phantasmatum,
726 1548 757 1605 et
782 1551 869 1603 actus
890 1540 1046 1625 cogitandi
1064 1539 1267 1623 intelligibilia
1290 1542 1323 1604 in

219 1653 415 1717 sensibilibus
423 1651 552 1717 latentia
561 1651 705 1736 pendebit
715 1652 868 1717 etiamavi
877 1653 1054 1717 associativa
1063 1653 1320 1737 phantasmatum.

263 1764 339 1829 Haec
362 1764 474 1849 partim
501 1772 574 1828 sunt
598 1763 759 1843 evidentia,
783 1764 896 1848 partim
921 1764 1050 1828 inferius
1075 1763 1320 1828 declarabuntur.

221 1876 309 1941 Circa
326 1878 532 1961 expressiones
543 1888 618 1940 'vero
638 1875 689 1940 hic
706 1875 870 1956 adhibitas,
886 1877 963 1970 illud
980 1878 1080 1941 notari
1099 1884 1212 1962 potest,
1228 1876 1322 1961 quod,

218 2012 317 2074 quum
335 1989 480 2052 memoria
502 1988 542 2051 sit
560 1988 698 2073 potentia
711 1989 898 2053 terminandi
912 1997 1016 2053 actum
1031 1989 1206 2054 intuitionis
1220 1988 1259 2053 ad
1274 2011 1323 2053 res

218 2100 305 2185 prius
320 2100 533 2185 apprehensas,
549 2099 709 2183 passivitas
723 2098 776 2163 illa
791 2109 859 2163 tum
874 2100 1068 2179 intellectiva,
1084 2108 1152 2164 tum
1168 2099 1322 2179 sensitiva,

219 2235 288 2297 quae
301 2235 356 2297 per
370 2212 572 2275 retentionem
587 2212 755 2295 specierum
770 2222 862 2296 atque
883 2212 1132 2296 phantasmatum
1155 2212 1256 2277 reddit
1275 2214 1322 2277 in-

218 2325 353 2389 tellectui
370 2322 669 2409 agenti-possibilem
691 2333 723 2387 et
742 2324 863 2388 facilem
884 2347 989 2389 eorum
1010 2325 1242 2405 revocationem,
1258 2348 1321 2389 non

218 2438 319 2522 potuit
341 2436 486 2522 appellari
507 2438 655 2516 marrona,
679 2436 733 2502 sed
755 2437 843 2522 quasi
865 2436 931 2502 eius
952 2437 1112 2522 passivitas
1123 2464 1133 2517 3
1159 2437 1217 2503 hoc
1239 2437 1322 2504 enim

218 2549 455 2634 significavimus
466 2549 594 2612 'nomine
603 2551 739 2633 reyioais,
750 2550 784 2613 in
797 2573 858 2634 qua
866 2551 1013 2614 memoria
1025 2550 1141 2614 invenit
1152 2550 1322 2628 materiam,

218 2663 296 2726 circa
318 2684 410 2747 quam
433 2672 596 2726 exercetur.
641 2661 730 2725 Adde
752 2661 837 2746 quod
859 2683 924 2726 esse
945 2661 1114 2746 potentiam
1140 2661 1321 2726 retentivam

219 2775 293 2838 dicit
317 2783 439 2839 tantum
468 2773 673 2859 aptitudinem
702 2774 743 2838 ad
772 2773 887 2859 species
917 2773 1100 2852 retinendas,
1128 2795 1191 2837 non
1217 2783 1321 2837 autem

218 2887 368 2950 actualem
389 2909 494 2951 eorum
516 2885 729 2951 retentionem.
773 2886 825 2950 Ad
847 2886 1023 2950 memoriam
1039 2896 1140 2950 autem
1157 2885 1322 2970 requiritur

219 2999 346 3063 actualis
369 2999 535 3083 specierum
559 2998 699 3062 retentio.
746 2998 881 3062 Notatur
899 3007 1052 3083 praeterea,
1069 2998 1153 3083 quod
1175 2998 1331 3082 intelligi--

219 3110 292 3174 bilia
311 3132 374 3173 non
392 3110 460 3174 ideo
483 3107 629 3173 dicuntur
649 3109 743 3172 latere
760 3109 793 3171 in
813 3108 1017 3188 sensibilibus,
1042 3109 1129 3193 quasi
1151 3131 1248 3173 unum
1268 3132 1321 3195 ap-

218 3231 332 3306 pareat,
352 3221 437 3286 aliud
457 3221 560 3301 lateat,
579 3221 632 3286 sed
655 3221 727 3306 quia
749 3221 953 3305 intelligibile,
972 3221 1055 3306 quod
1078 3244 1109 3284 se
1132 3221 1219 3285 offert
1242 3222 1322 3305 aspi-

219 3334 361 3398 ciendum
388 3335 420 3398 in
449 3334 568 3399 obiecto
599 3333 746 3413 sensibili,
775 3344 939 3420 praesentat
970 3358 1002 3398 se
1032 3334 1120 3419 quasi
1149 3334 1322 3400 involutum

219 3445 445 3510 conditionibus
461 3445 678 3524 materialibus,
694 3445 840 3530 aquibus
855 3469 909 3531 per
924 3447 1129 3530 operationem
1147 3446 1321 3512 intellectus

219 3560 351 3642 separari
369 3567 481 3643 potest,
499 3566 533 3622 ut
554 3558 686 3622 diximus
700 3580 786 3621 num.
803 3581 891 3642 praec.
937 3557 1072 3622 Tandem
1089 3568 1222 3637 notetur,
1239 3557 1322 3643 quod

218 3670 264 3736 vis
290 3670 452 3754 cogitativa
478 3670 615 3735 continet
638 3669 737 3755 plura,
764 3693 875 3755 nempe
900 3670 960 3734 vim
987 3670 1210 3750 abstractivam,
1238 3694 1322 3735 com·

218 3783 386 3867 parativam
405 3781 543 3846 idearum
570 3805 625 3846 seu
648 3782 852 3858 indicativam,
873 3783 1108 3866 comparativam
1128 3783 1320 3861 iudiciorum,

219 3915 274 3957 seu
293 3893 550 3959 ratiocinativam:
581 3903 612 3957 et
632 3893 724 3957 simili
746 3893 844 3958 modo·
860 3893 893 3958 in
915 3893 945 3958 vi
967 3894 1215 3978 phantasmatum
1240 3917 1323 3959 asso-

219 4005 327 4068 ciativa
353 4005 470 4088 (saltem
496 4014 588 4089 prout
614 4005 774 4070 subiicitur
793 4005 973 4090 intellectui)
995 4007 1263 4090 comprehenditur
1278 4007 1323 4072 vis

218 4116 469 4200 phantasmatum
487 4117 660 4196 resolutiva,
685 4117 898 4202 comparativa,
920 4119 1126 4203 compositiva,
1145 4128 1175 4183 et
1201 4142 1322 4183 eorum·

219 4226 289 4289 dem
315 4227 495 4307 ordinative,
511 4237 603 4314 atque
621 4229 810 4307 aestimativa,
841 4252 909 4313 quae
938 4231 970 4293 in
994 4229 1093 4294 brutis
1120 4232 1210 4314 (sicut
1235 4240 1265 4295 et
1290 4233 1326 4296 in>

218 4338 401 4424 infantibus)
418 4348 502 4405 tenet
516 4341 618 4405 locum
634 4341 679 4405 vis
693 4340 873 4405 iudicativae.

264 4471 339 4514 von.
355 4472 395 4514 11.
1130 4477 1148 4518 a
