3200 4975
211 348 284 392 011.
301 326 372 411 111.]
678 344 721 387 ox
739 344 885 387 uomina.
1254 320 1315 390 ‘2⁷1

209 512 284 598 quid
309 518 366 590 est,
386 509 458 596 quia
480 530 543 573 uon
567 530 731 594 possumus
756 508 947 573 existentiam
973 510 1119 574 resolvere
1148 510 1181 573 iu
1210 511 1313 595 plures

101 671 105 676 »
212 624 346 687 rationes
369 620 589 707 cognoscibiles
612 630 643 684 et
667 628 775 683 mutuo
799 620 1035 705 comparabiles:
1066 630 1096 685 et
1123 622 1165 685 sic
1191 626 1319 687 eatstan

212 736 376 800 definimus
398 735 431 798 id
443 734 522 817 quod
541 741 585 797 eat
599 740 685 796 satra
702 732 826 795 nihilum
843 740 872 795 et
886 741 973 797 cetra
992 754 1114 798 caurus:
1138 732 1192 797 ubi
1206 734 1318 799 frustra

213 846 322 931 quaeris
351 844 467 930 aliquid
501 842 665 928 positivum
695 852 726 906 et
756 841 860 906 scibile
889 842 949 906 nisi
978 843 1079 926 ipsum
1095 820 1190 922 “esse3
1221 866 1318 928 quum

212 958 344 1021 nibilum
372 963 403 1020 ct
432 977 532 1021 causae
557 954 620 1018 sint
648 962 736 1019 cetra
765 953 797 1017 id
827 952 910 1039 quod
934 953 1087 1020 definitur.
1134 955 1219 1020 Siout
1246 979 1318 1041 ergo

213 1070 325 1133 scimus
339 1089 397 1132 nos
411 1089 488 1148 esse,
502 1074 533 1130 et
548 1066 606 1131 hoc
621 1075 668 1131 est
690 1066 825 1151 primum
841 1065 924 1150 quod
942 1068 1064 1145 scimus,
1081 1066 1134 1130 sed
1150 1090 1211 1131 nou
1226 1068 1318 1133 intel-

212 1179 338 1265 ligimus
348 1180 422 1263 qru'd
432 1180 473 1242 sit
482 1185 622 1241 nostrum
632 1199 697 1241 esse
707 1200 761 1255 seu
772 1177 899 1241 existere
908 1186 1032 1262 propter
1040 1177 1316 1263 impossibilitatem

213 1290 402 1377 analyxaudi,
418 1290 462 1353 ita
477 1288 515 1353 de
529 1287 718 1373 quibuslibet
733 1288 800 1353 aliis
809 1310 967 1373 possumus
981 1290 1056 1353 scire
1068 1290 1148 1372 quud
1158 1300 1236 1368 aaut,
1246 1294 1317 1375 quin

213 1404 407 1487 intelllyumar
429 1403 503 1485 quid
523 1402 685 1465 circorum
708 1422 777 1465 cccc.
823 1399 865 1463 ut
884 1399 943 1463 hoc
968 1411 1014 1462 est
1037 1399 1115 1463 illud
1137 1422 1211 1480 esse,
1233 1402 1317 1487 quod

213 1514 313 1581 solum
332 1513 475 1580 convenit
491 1510 582 1576 simul
603 1512 782 1576 substantia
799 1520 830 1575 et
850 1510 1007 1576 accidenti.
1052 1511 1135 1596 Ergo
1150 1536 1210 1577 esre
1228 1514 1316 1593 illud,

214 1626 298 1712 quod
313 1624 465 1710 siguificat
480 1625 613 1703 matera,
623 1646 686 1687 uon
701 1630 747 1687 est
761 1622 915 1687 obiectum
930 1622 1006 1686 ideae
1019 1645 1074 1707 per
1089 1645 1181 1707 quam
1196 1626 1317 1710 proprie

212 1739 406 1821 intelliqctur,
421 1735 473 1800 sed
495 1733 648 1800 obiectum
671 1734 817 1819 simplicis
831 1734 959 1813 notitiae,
974 1757 1035 1819 qua
1049 1738 1179 1800 amatur:
1202 1746 1234 1801 et
1248 1738 1316 1802 ideo

213 1850 279 1915 eius
297 1848 415 1913 notitiae
437 1845 632 1931 amplificatio
651 1868 706 1910 seu
725 1847 860 1910 extensio
883 1847 1021 1932 sequitur
1040 1849 1265 1931 experientiam,
1281 1873 1317 1914 ex

213 1984 274 2047 qua
288 1960 352 2025 sola
365 1959 506 2024 novimus
520 1958 668 2021 affirmare
682 1956 767 2041 quod
787 1957 904 2044 aliquid
919 1959 968 2039 sit,
985 1981 1040 2023 seu
1054 1959 1172 2027 existat.
1216 1961 1258 2025 Ilt
1273 1962 1317 2025 sic

214 2073 344 2137 dicimus
362 2080 407 2136 ert
425 2071 486 2149 lare,
502 2078 546 2133 est
566 2071 654 2153 191111,
677 2072 818 2148 cataros,
840 2079 898 2134 etc.
919 2093 983 2134 non
1004 2079 1129 2156 propter
1153 2073 1316 2137 essentiam

212 2184 299 2262 lueis,
322 2183 414 2267 ignis,
428 2190 487 2247 etc.
502 2181 556 2245 sed
575 2189 701 2266 propter
719 2180 834 2245 lactum
857 2191 1042 2261 concretum,
1057 2204 1119 2267 quo
1140 2183 1206 2249 haeo
1223 2186 1316 2248 attin·

213 2303 349 2379 guntur:
371 2300 497 2378 propter
508 2291 590 2377 quod
606 2292 698 2355 etiam
713 2292 813 2370 bmta,
823 2314 891 2377 quae
905 2315 968 2358 non
982 2293 1096 2358 habent
1111 2294 1211 2359 ideam
1226 2298 1316 2375 entis,

212 2408 327 2472 habeut
352 2415 455 2471 tamen
469 2389 622 2468 'notitiam
647 2404 686 2469 de
707 2404 868 2468 existentia
892 2428 994 2470 rerum
1018 2428 1094 2492 quas
1123 2407 1315 2494 percipiunt:

212 2520 296 2607 quod
310 2519 389 2584 clare
402 2516 549 2597 ostendit,
560 2519 634 2582 scire
648 2519 834 2583 exsistentium
844 2519 968 2583 alieuius
981 2541 1043 2582 non
1058 2542 1123 2584 esse
1134 2520 1315 2605 intelligere.

212 2633 307 2700 Aliud
333 2632 457 2716 siguum
479 2629 628 2694 habemus
654 2629 693 2693 ad
715 2629 802 2693 idem'
822 2630 1065 2695 confirmandum
1076 2656 1086 2708 3
1108 2653 1181 2695 nam
1204 2633 1315 2698 notitia

213 2746 251 2811 de
277 2743 438 2809 existentia
462 2763 526 2806 non
552 2742 588 2805 fit
611 2741 799 2819 universalis,
827 2741 906 2806 sicut
929 2742 1013 2821 ideae,
1040 2742 1095 2806 sed
1117 2743 1223 2808 aliter:
1247 2746 1316 2810 idea
1396 2797 1402 2810 ..

212 2857 296 2921 enim
317 2853 517 2920 humanitatis
537 2851 673 2917 extendit
695 2875 727 2916 se
744 2853 783 2917 ad
805 2874 911 2917 omnes
928 2853 1068 2918 homines
1090 2855 1252 2920 existentes
1268 2859 1315 2923 vel

214 2989 278 3030 non
299 2965 481 3030 existentes:
505 2962 559 3028 sed
580 2962 692 3031 notitia
710 2963 749 3027 de
770 2963 931 3029 existentia
949 2987 1010 3029 nou
1034 2974 1135 3051 potest
1156 2969 1277 3033 extendi
1299 2993 1317 3034 a

213 3078 303 3142 nobis
316 3077 377 3141 nisi
392 3075 431 3140 ad
450 3098 486 3140 ea
500 3097 569 3160 quae
588 3075 702 3139 scimus
724 3076 851 3140 existere
859 3103 869 3155 3
892 3076 960 3141 aliis
975 3077 1057 3141 enim
1075 3100 1137 3142 non
1153 3083 1314 3147 convenit:

213 3198 244 3255 et
255 3190 379 3277 quaudo
394 3188 525 3254 dicimus
535 3189 720 3252 scatentium
733 3188 975 3268 indeterminate,
989 3189 1055 3254 eius
1069 3190 1315 3259 indeterminatio

212 3326 275 3367 nou
289 3302 388 3368 oritur
401 3323 439 3368 ex
452 3299 629 3385 precisione
643 3308 849 3385 tantumque
863 3301 1050 3365 excludimus
1062 3324 1168 3368 omues
1182 3305 1315 3371 rationes

212 3414 334 3488 essendi
357 3411 545 3497 cogitabiles,
572 3412 739 3476 sedetiam
764 3435 800 3476 ex
824 3413 998 3497 ignorantia
1024 3413 1232 3480 multitudinis
1255 3426 1316 3482 ter-

212 3527 367 3590 minorum
382 3523 495 3609 quibus
516 3523 677 3588 existentia
698 3524 858 3589 convenit:
880 3523 964 3608 quod
978 3547 1042 3588 nou
1063 3526 1171 3590 accidit
1185 3528 1218 3592 in
1240 3530 1316 3594 ideis

213 3636 444 3716 universalibus,
458 3659 535 3721 quas
554 3636 668 3700 scimus
688 3657 778 3721 posse
799 3635 956 3720 praedicari
972 3635 1009 3700 de
1027 3635 1155 3704 infinitis
1177 3643 1316 3708 terminis

213 3748 436 3831 cogitabilibus.

257 3859 396 3943 Ideologi
420 3882 500 3938 vero,
515 3860 553 3923 de
576 3859 689 3943 quibus
716 3881 818 3944 supra,
843 3869 947 3944 aperte
970 3861 1129 3939 falluntur,
1157 3863 1183 3927 si
1205 3873 1316 3949 putant

213 3972 346 4057 aliquam
365 3973 464 4036 ideam
486 3994 575 4057 posse
589 3972 688 4056 primo
710 3971 783 4035 oriri
797 3993 834 4035 ex
856 3972 1051 4057 supposititia
1063 3974 1131 4039 idea
1153 3977 1233 4040 entis
1248 3979 1316 4041 uui-

214 4082 417 4163 versalissimi,
440 4092 470 4146 et
496 4082 595 4147 multo
618 4081 717 4166 magis
743 4091 857 4162 errant,
878 4085 903 4147 ri
925 4094 1038 4168 putant
1061 4086 1120 4151 hoc
1145 4110 1200 4152 ens
1223 4111 1315 4172 geue-

214 4195 399 4261 ralissimum
420 4217 487 4260 esse
500 4195 613 4258 Deum.
658 4193 708 4257 De
727 4194 847 4259 duobus
862 4195 910 4260 his
931 4197 1067 4281 primum
1089 4207 1183 4283 patet,
1199 4209 1266 4264 tum
1282 4223 1318 4264 ex

215 4307 406 4391 supradictis,
423 4315 489 4371 tum
512 4305 584 4391 quia
604 4304 671 4370 idea
697 4305 846 4370 albedinis
867 4330 931 4371 non
952 4308 1075 4375 deducit
1095 4310 1134 4374 ad
1148 4311 1246 4377 ideam
1263 4312 1317 4377 ali-
