3200 4975
279 355 344 416 222
726 373 769 416 ns
787 369 932 416 nonius.
1244 351 1330 435 [cnr.
1349 343 1402 413 rt'

277 537 382 603 raliter
406 540 539 624 primam
564 538 854 625 apprehensionem:
888 539 974 624 atqui
1000 538 1099 624 prima
1124 538 1326 623 apprehensio
1352 537 1384 601 in

278 649 403 714 homine
417 660 464 716 est
479 652 590 717 obiecti
605 650 758 716 sensibilis
772 660 804 715 et
819 650 1039 734 intelligibilis3
1063 673 1136 734 ergo
1153 649 1214 714 tale
1231 649 1323 713 etiam
1339 659 1385 713 est

277 760 432 827 obiectum
448 763 539 848 primi
555 772 657 827 motus
678 761 816 827 affectus.
862 763 1010 826 Praeterea
1027 770 1147 826 constet
1168 761 1332 826 universali
1354 772 1385 826 et

278 882 424 957 perpetua
447 873 641 959 experientia,
665 897 757 960 quam
784 883 937 958 repugnet
962 883 1082 938 nature
1108 872 1223 937 inflecti
1244 872 1283 937 ed
1303 873 1384 936 hona

277 986 457 1069 spiritualia,
472 986 596 1072 quando
614 987 692 1053 nihil
712 995 880 1052 connotant
903 987 942 1052 de
963 986 1044 1051 bono
1068 985 1214 1064 sensibili,
1235 993 1268 1050 et
1290 1007 1383 1070 qnam

277 1097 391 1162 durum
421 1098 460 1162 sit
485 1098 594 1163 luctari
622 1122 679 1184 pro
709 1099 921 1164 consecutione
944 1099 1103 1178 virtutum,
1134 1098 1247 1183 quibus
1276 1119 1383 1162 sensus

277 1208 495 1273 refrenantur:
517 1209 577 1273 hoc
605 1216 708 1273 autem
738 1209 883 1289 ostendit,
914 1218 1056 1274 naturam
1086 1209 1144 1273 sihi
1173 1208 1310 1274 relictam
1336 1210 1383 1293 (ut

278 1320 385 1385 accidit
400 1320 433 1383 iu
448 1320 567 1385 actibus
586 1321 706 1405 primis)
727 1322 841 1386 moveri
855 1321 894 1386 ad
910 1321 1117 1407 appetendum
1133 1321 1171 1384 ab
1187 1320 1305 1385 obiecto
1318 1342 1382 1384 non

277 1454 355 1516 pure
383 1431 580 1516 intelligibili.
627 1432 687 1496 His
715 1432 886 1499 rationibus
915 1432 986 1497 addi
1015 1440 1146 1523 possunt
1176 1431 1243 1496 aliae
1269 1431 1382 1496 similes

277 1565 360 1606 exn.
376 1546 429 1607 59.

321 1657 374 1719 66.
398 1655 539 1719 Secunda
552 1653 682 1719 facultas
695 1653 830 1718 hominis
850 1654 931 1719 inter
945 1654 1125 1740 appetitivas
1143 1663 1190 1718 est
1203 1657 1248 1719 cia
1262 1656 1381 1719 politico

277 1769 377 1848 libere,
394 1791 446 1832 seu
467 1767 597 1832 liberum
618 1764 796 1830 arbitrium:
819 1765 973 1851 habetque
995 1787 1050 1850 pro
1073 1765 1191 1830 obiecto
1213 1774 1280 1830 tum
1302 1766 1383 1832 bona

278 1880 441 1959 sensibilia,
457 1888 525 1943 tum
539 1877 745 1962 intelligibilia
759 1877 821 1941 iam
836 1878 969 1960 cognita,
984 1887 1014 1941 et
1025 1884 1114 1940 motu
1129 1877 1229 1963 primo
1244 1878 1381 1942 effectivo

276 1991 474 2076 complacita:
498 1991 580 2055 unde
594 1991 640 2055 vis
653 1989 718 2053 haec
733 1988 793 2053 dici
808 1997 910 2074 potest
924 1992 969 2053 vis
982 1991 1105 2053 secundo
1125 1991 1330 2073 coraplaeendi,
1347 2012 1381 2054 ac

276 2102 440 2188 respondet
455 2102 598 2167 secunde
612 2100 751 2165 facultati
771 2101 994 2186 cognoscitivee,
1010 2123 1063 2165 seu
1078 2101 1107 2164 vi
1123 2100 1256 2166 secundo
1274 2125 1380 2187 appre-

277 2213 420 2279 hensivae.

319 2324 371 2388 Ad
400 2325 607 2410 explicandam
642 2324 849 2409 operationem
878 2324 1010 2404 volendi,
1044 2324 1214 2389 notandum
1244 2337 1290 2390 est
1319 2327 1379 2390 vim

276 2458 399 2501 omnem
421 2436 574 2501 volitivam
605 2435 677 2501 ferri
705 2434 886 2500 naturaliter
908 2434 941 2499 in
963 2435 1080 2500 bonum
1107 2437 1155 2500 sui
1185 2435 1322 2517 subiecti,
1345 2447 1381 2502 ut

276 2557 396 2613 constat
418 2572 455 2613 ex
475 2549 513 2613 iis
535 2570 605 2634 quae
625 2548 757 2611 diximus
780 2547 818 2611 de
840 2557 912 2613 actu
940 2548 1137 2613 constitutivo
1159 2548 1326 2614 voluntatis
1347 2550 1378 2614 in

275 2682 331 2724 suo
346 2659 444 2745 primo
459 2683 524 2725 ease
538 2660 617 2744 (vide
631 2668 795 2723 tractatum
811 2660 1031 2744 praecedentem
1046 2683 1079 2723 n.
1094 2662 1161 2743 38),
1173 2669 1204 2725 et
1216 2661 1380 2747 unicuique

274 2794 311 2837 ex
333 2772 524 2835 conscientiae
546 2770 720 2835 testimonio
742 2770 849 2856 liquet.
895 2770 940 2833 Ut
960 2792 1033 2854 ergo
1056 2771 1172 2855 aliquid
1189 2773 1229 2836 sit
1244 2774 1378 2857 proxime

274 2881 406 2962 volibile,
433 2883 524 2948 dehet
549 2905 613 2947 non
642 2883 742 2946 solum
772 2882 953 2966 generaliter
982 2883 1170 2968 apprehendi
1195 2892 1231 2948 ut
1255 2886 1378 2971 aliquod

274 2995 391 3059 bonum
413 3004 542 3074 naturae,
563 2994 617 3058 sed
637 2994 729 3058 etiam
748 3003 785 3059 ut
805 2994 929 3079 aliquod
950 2994 1066 3058 bonum
1090 2996 1219 3060 subiecti
1234 3007 1269 3062 ut
1284 2998 1379 3062 hicet

274 3129 358 3171 nunc
380 3106 529 3191 dispositi.
575 3104 659 3168 illud
680 3114 783 3169 autem
807 3105 1046 3189 apprehenditur
1059 3085 1101 3169 'ut
1118 3106 1236 3171 honum
1251 3119 1377 3187 naturae,

273 3218 441 3304 quodquis
461 3216 614 3301 experitur
635 3238 705 3281 cum
728 3208 839 3280 natura
861 3237 1038 3300 congruere,
1053 3239 1089 3282 eo
1104 3218 1188 3302 quod
1200 3218 1234 3281 in
1254 3220 1378 3285 diversis

273 3331 425 3395 adiunctis
436 3352 554 3415 semper
563 3330 720 3414 imprimat
734 3329 766 3392 in
777 3328 952 3414 passivitate
963 3328 1100 3393 affective
1112 3338 1230 3393 motum
1242 3332 1376 3415 primurn

274 3442 314 3506 ad
328 3441 498 3526 simplicem
512 3440 762 3527 complacentiam
783 3440 973 3504 naturalem:
997 3448 1028 3503 et
1042 3439 1120 3504 illud
1140 3443 1379 3527 apprehenditur

273 3562 431 3638 tamquam
453 3553 568 3616 bonum
591 3552 719 3616 subiecti
741 3560 777 3615 ut
798 3552 850 3617 hic
871 3560 903 3615 et
922 3574 1006 3616 nunc
1029 3552 1180 3637 dispositi,
1203 3556 1286 3639 quod
1308 3558 1377 3642 quis

274 3664 425 3749 experitur
439 3686 605 3748 congruere
619 3663 670 3728 hic
685 3672 716 3727 et
736 3684 820 3727 nunc
842 3685 913 3728 oum
936 3672 1018 3727 statu
1041 3664 1178 3729 affectivo
1199 3666 1377 3733 accidentali

274 3777 322 3841 sui
345 3776 482 3855 subiecti,
505 3799 541 3841 eo
563 3776 645 3861 quod
667 3775 824 3861 imprimat
846 3774 879 3838 in
900 3774 1076 3859 passivitate
1098 3776 1235 3842 effectiva
1257 3786 1375 3843 motum

271 3889 406 3974 primum
421 3887 648 3973 complacentiae
659 3886 809 3951 naturalis
824 3886 1057 3951 concordantem
1073 3909 1144 3952 cum
1158 3888 1226 3952 aliis
1240 3890 1375 3956 motibus

272 4020 350 4085 quos
372 3997 543 4062 subiectum
565 3997 728 4081 experitur.
771 3995 1011 4081 Apprehendere
1032 4005 1134 4060 autem
1157 3997 1310 4065 obiectum
1333 4002 1377 4067 sic

272 4113 398 4190 bonum,
414 4119 461 4174 est
475 4109 703 4195 apprehendere
716 4109 794 4173 illud
809 4119 845 4174 ut
860 4117 1070 4193 comparatum
1085 4110 1124 4174 ad
1140 4111 1274 4196 seipsum
1289 4121 1320 4177 et
1336 4115 1374 4179 ad

272 4246 342 4288 suas
367 4222 559 4286 affectiones:
581 4222 640 4285 hoc
665 4228 768 4286 antem
791 4230 839 4285 est
862 4220 993 4305 practice
1018 4218 1160 4301 iudicare,
1177 4232 1215 4307 et
1238 4226 1375 4309 proxime

271 4354 376 4417 parare
388 4332 547 4396 materiam
562 4340 648 4395 actus
662 4331 786 4396 volitivi.
