3200 4975
280 341 323 403 58
596 362 639 405 na
655 362 856 407 normannis
871 362 1071 407 seraranan.
1241 339 1325 427 [can.
1342 361 1383 403 ιι.

279 526 510 611 precognitum,
525 536 562 591 ut
579 538 706 593 constat.
754 529 848 594 Unde
868 531 997 616 quaestio
1018 531 1093 606 baee,
1115 538 1221 593 utrum
1242 528 1384 593 voluntas

280 637 321 702 sit
342 639 600 723 potentia'coeca
622 662 679 705 nee
707 641 828 727 indiget
857 643 1045 707 discussione
1073 641 1300 727 philosophica:
1330 642 1384 705 sed

281 749 373 814 debui
390 774 457 815 eam
477 750 610 816 indicare
632 762 756 838 propter
778 754 927 839 quasdam
948 756 1145 820 mceticorum
1168 754 1384 838 expressiones,

282 883 350 946 quae
363 862 457 947 vulgo
470 885 534 927 non
548 873 629 929 recte
643 865 776 951 intelligi
791 867 901 941 solent.

323 977 376 1038 45.
401 974 557 1052 Quaeritur
578 978 750 1059 undecimo,
766 988 866 1045 atram
879 982 911 1045 io
928 981 1094 1045 catomo
1110 980 1261 1063 spirituali
1279 978 1387 1041 adnat-

282 1087 368 1150 tcodc
382 1088 423 1151 sit
437 1089 481 1153 vie
495 1090 603 1153 motiva
616 1093 784 1175 spiritam.

326 1197 517 1283 Respondeo,
533 1222 655 1265 omnem
671 1201 874 1267 substantiam
889 1201 1078 1287 spiritualem
1093 1211 1261 1287 separatam
1275 1198 1387 1264 babere

282 1308 344 1373 vim
354 1312 495 1377 movendi
511 1312 699 1378 intellectum
714 1314 839 1379 alterius
854 1314 1035 1379 substantie
1048 1314 1214 1399 spiritualis
1229 1323 1386 1398 separatae3

283 1444 351 1507 quae
383 1421 495 1487 dicitur
525 1423 572 1488 vis
604 1424 809 1501 illuminativa,
841 1425 889 1489 vel
922 1427 1170 1490 communicativa.
1226 1425 1309 1488 Nam
1342 1424 1388 1487 vis

283 1532 488 1599 illuminativa
500 1544 547 1599 est
556 1535 601 1601 vis
612 1536 828 1601 manifestandi
843 1537 885 1615 id,
902 1536 985 1622 quod
999 1538 1094 1601 estin
1109 1537 1254 1616 subiecto,
1270 1537 1332 1601 sive
1347 1537 1387 1599 sit

285 1645 457 1710 substantia
466 1646 803 1731 ipsiusmaniiestantis,
813 1648 874 1713 sive
886 1649 926 1713 sit
937 1657 1024 1713 aetus
1034 1648 1230 1713 accidentalis
1236 1647 1371 1712 eiusdem
1377 1673 1389 1725 3

283 1758 368 1843 atqui
380 1766 426 1822 est
436 1758 505 1821 talis
513 1759 559 1823 vis
569 1759 603 1823 in
614 1761 699 1825 omni
708 1783 786 1845 puro
802 1762 924 1847 spiritu,
939 1783 1036 1846 quum
1049 1783 1139 1825 omne
1148 1760 1341 1845 intelligibile
1349 1761 1389 1823 sit

283 1873 433 1936 motivum
445 1872 629 1938 intellectus.
674 1874 768 1959 Ergo.
799 1875 889 1938 Patet
900 1882 1013 1953 autem
1030 1873 1130 1937 solum
1140 1872 1340 1957 intelligibile,
1353 1882 1389 1936 ut

284 1982 477 2067 intelligibile
498 1993 554 2063 est,
578 2008 644 2050 esse
665 1985 698 2049 id
712 1985 795 2070 quod
817 1985 986 2050 formaliter
1005 1984 1159 2050 illuminat
1180 1985 1388 2049 intellectum:

284 2094 367 2160 unde
391 2096 538 2180 sequitur,
569 2097 716 2182 quodid,
741 2120 803 2184 quo
829 2097 996 2163 formaliter
1024 2120 1107 2161 unus
1134 2097 1261 2183 spiritns
1288 2105 1390 2181 potest

285 2207 458 2273 illuminare
481 2208 672 2275 intellectum
700 2209 834 2289 alterius,
855 2220 902 2274 est
923 2209 1047 2296 aliquod
1063 2210 1256 2293 intelligibile
1271 2210 1329 2274 sibi
1344 2210 1391 2273 in·

286 2320 452 2398 tellectum,
483 2321 652 2386 secundum
682 2322 766 2408 quod
792 2322 880 2386 alteri
908 2330 956 2385 est
977 2321 1171 2405 intelligibile
1189 2322 1222 2387 in
1244 2321 1389 2407 potentia

286 2432 367 2510 Quis
382 2456 452 2500 vero
467 2433 601 2519 primum
616 2434 819 2520 intelligibile,
835 2434 918 2520 quod
933 2434 1027 2499 estin
1042 2434 1162 2519 spiritu,
1177 2444 1225 2499 eat
1237 2435 1305 2520 ipsa
1319 2434 1392 2498 sub·

286 2545 398 2610 stantia
413 2545 487 2625 eius,
509 2547 646 2631 sequitur
668 2547 766 2632 ipsam
792 2546 995 2611 substantiam
1022 2547 1150 2631 spiritus
1168 2569 1234 2611 esse
1247 2547 1347 2632 primo
1360 2557 1392 2611 et

285 2681 340 2743 per
354 2681 386 2722 se
400 2657 634 2723 illuminativam
650 2659 773 2723 alterius
795 2659 931 2744 spiritus,
955 2659 1181 2723 manifestando
1193 2660 1322 2743 seipsam
1337 2658 1392 2723 illi.

288 2769 473 2834 Secundario
488 2791 558 2832 vero
573 2779 619 2833 est
640 2770 732 2834 etiam
758 2770 961 2834 illuminativa
983 2793 1039 2855 per
1064 2780 1150 2834 actus
1170 2793 1241 2833 suos
1255 2771 1393 2834 acciden-

285 2883 370 2962 tales,
387 2883 450 2969 qui,
466 2891 502 2946 ut
516 2883 549 2946 in
565 2883 631 2967 ipsa
645 2890 721 2947 sunt
741 2884 867 2968 cogniti,
895 2893 969 2948 sunt
992 2883 1085 2947 etiam
1105 2883 1156 2947 alii
1176 2883 1393 2966 cognoscibiles

285 2996 319 3058 in
338 2995 484 3078 potentia.
530 2993 622 3072 Nam,
644 3004 679 3058 ut
704 3017 782 3080 saepe
806 2994 948 3073 diximus,
973 2994 1073 3058 forma
1095 3003 1141 3058 est
1164 2994 1197 3058 id
1220 3016 1282 3078 quo
1301 3015 1394 3078 agens

286 3105 351 3190 agit
360 3132 369 3185 3
393 3115 424 3170 et
438 3106 507 3169 ideo
521 3105 605 3190 quod
625 3115 750 3170 vocatur
768 3107 872 3190 soram
893 3115 1034 3189 respectu
1053 3106 1143 3184 entis,
1158 3106 1247 3170 cuius
1260 3116 1307 3170 est
1322 3129 1394 3170 eon·

287 3218 461 3282 stitutivum
489 3217 702 3296 intrinsecum,
728 3218 810 3281 idem
832 3217 931 3281 vocari
957 3217 1047 3282 debet
1069 3221 1163 3282 motas
1185 3219 1218 3282 in
1244 3227 1392 3304 quantum

288 3329 446 3394 ordinatur
460 3329 499 3392 ad
514 3328 730 3412 operationem,
747 3350 800 3391 seu
816 3328 848 3390 in
864 3336 1015 3412 qnantum
1030 3329 1190 3393 constituit
1210 3330 1394 3416 principium

288 3440 425 3505 actionis.
469 3441 577 3504 Virtus
592 3463 664 3525 ergo
679 3440 893 3518 illuminativa,
903 3463 964 3525 qua
975 3441 1100 3524 spiritus
1116 3443 1257 3526 spiritum
1280 3442 1394 3506 illumi-

288 3575 360 3618 nare
375 3561 475 3638 potest
490 3561 522 3616 et
536 3552 633 3616 iacere
652 3550 832 3634 intelligere,
848 3573 911 3615 non
926 3559 973 3615 est
987 3551 1048 3615 nisi
1062 3552 1114 3616 illa
1128 3553 1236 3632 forma,
1252 3577 1312 3637 qua
1333 3556 1394 3639 spi·

287 3665 368 3729 ritus
391 3665 457 3749 ipse
476 3663 655 3728 illuminans
678 3663 876 3727 constituitur
900 3663 934 3726 in
960 3663 1077 3728 lumine
1100 3675 1131 3728 et
1154 3666 1189 3729 fit
1207 3666 1395 3750 intelligens

290 3776 612 3841 Constituiturautem
627 3773 792 3839 inlumina
812 3783 844 3838 et
867 3775 903 3839 fit
926 3775 1103 3860 intelligens
1128 3799 1183 3861 per
1204 3777 1398 3862 intelligibile

289 3887 322 3952 in
347 3888 524 3973 passivitate
548 3886 732 3951 intellectiva
761 3895 920 3971 receptum
950 3887 1117 3951 secumdum
1149 3878 1298 3972 speciem
1325 3911 1398 3972 ergo

287 4001 488 4066 constituitur
503 4023 557 4084 per
576 3999 635 4064 hoo
658 3999 760 4084 ipsum
787 3999 1029 4064 illuminativum
1053 3999 1186 4064 alterius.
1229 4001 1332 4076 Quare
1354 4002 1397 4080 id,

289 4137 351 4199 quo
363 4112 487 4198 spiritus
503 4111 700 4177 constituitur
713 4111 747 4174 in
761 4112 901 4196 potentia
916 4110 956 4174 ad
970 4110 1207 4175 illuminandum
1218 4111 1323 4190 alium,
1335 4133 1398 4176 non

289 4235 336 4290 est
350 4226 410 4289 nisi
424 4225 490 4310 ipsa
505 4224 738 4309 intelligibilitas
760 4232 827 4288 tum
851 4224 900 4288 sui
922 4227 1030 4308 ipsius,
1053 4233 1120 4286 tum
1144 4223 1267 4288 alterius
1289 4224 1400 4290 obiecti

241 4413 243 4418 Ι
290 4335 462 4414 cuiuslibet,
477 4345 513 4399 ut
533 4336 565 4399 in
590 4337 688 4420 specio
711 4344 955 4420 repraesentatur,
979 4359 1033 4398 seu
1056 4344 1091 4398 ut
1113 4343 1182 4398 actu
1201 4342 1247 4398 est
1262 4337 1294 4400 in
1309 4337 1399 4400 intel-
