3200 4975
293 358 336 421 22
575 379 616 422 nn
633 378 834 423 suasraurra
850 378 1055 422 seraranan.
1269 356 1353 441 [car.
1370 376 1393 417 1.

294 543 348 609 sed
369 542 515 627 logicum.
560 545 726 611 Evidentes·
744 546 828 611 eninr
851 568 1021 631 numquam
1045 545 1080 609 fir
1100 545 1193 611 homo
1217 542 1395 609 individuus

294 678 349 741 per
362 656 420 720 hoc
435 656 518 741 quod
532 657 707 722 humanitas
722 657 824 743 aliqua
837 657 1016 725 universalis
1035 656 1194 723 contrahat
1209 656 1395 721 differentias

294 768 410 853 aliquas
433 767 643 849 individualem
669 770 781 855 quibus
811 778 982 835 coarctetur
1007 768 1047 835 ad
1076 791 1174 835 unum
1200 768 1394 834 individuum

295 878 464 965 physicum.
509 880 592 965 Ergo
607 890 707 945 totum
722 882 805 967 quod
821 882 863 947 ibi
878 882 1021 947 dicitura
1040 882 1074 947 S.
1089 882 1218 959 Thomu,
1232 879 1313 945 valet
1326 887 1395 943 tan·

292 1001 360 1057 tum
375 1014 430 1077 pro
445 994 663 1079 compositione
677 994 826 1075 idearum,
840 1018 904 1059 non
918 1017 975 1081 pro
983 994 1202 1061 constitutione
1211 993 1291 1057 entis
1302 991 1392 1057 realis

295 1102 412 1189 physici
421 1128 431 1181 ;
454 1126 510 1169 ens
529 1104 611 1170 enim
629 1106 801 1193 physicum,
822 1130 851 1173 v.
866 1130 913 1191 gr.
929 1107 1021 1174 homo
1042 1106 1105 1187 hic,
1122 1128 1186 1171 non
1203 1104 1397 1191 componitur

295 1238 331 1279 ex
346 1215 536 1281 humanitate
551 1225 582 1281 et
596 1217 654 1282 hoc
674 1218 721 1283 vel
736 1218 789 1283 illo
809 1218 1030 1298 individuante,
1051 1217 1105 1284 sed
1121 1240 1158 1284 ex
1176 1217 1234 1282 hac
1249 1218 1351 1282 anima
1365 1224 1396 1280 et

296 1349 333 1391 cx
347 1326 404 1392 hoc
418 1349 542 1413 corpore
557 1328 733 1395 individuis.
778 1329 940 1406 Quomodo
954 1340 1057 1395 autem
1072 1339 1104 1394 et
1118 1329 1221 1394 anima
1231 1330 1272 1394 sit
1286 1330 1396 1409 tranet

297 1460 407 1523 corpus
422 1439 539 1519 sithoc,
555 1464 647 1525 supra
662 1440 778 1505 dictum
793 1451 840 1506 est
858 1443 901 1525 (n.
919 1443 985 1525 19).

340 1553 394 1615 22.
415 1549 463 1615 Ex
477 1552 610 1617 secundo
625 1552 723 1637 capite
739 1552 781 1617 sic
804 1563 1037 1638 argumentatur
1058 1553 1090 1617 S.
1105 1551 1239 1617 Thomas
1258 1552 1302 1636 (p.
1319 1554 1349 1615 1.
1364 1572 1397 1635 q.

297 1664 349 1727 50.
360 1686 386 1727 a.
397 1663 443 1743 2).
490 1664 970 1749 Dsffmentiaeat‚qruscomtituit
984 1667 1118 1749 speciem.
1168 1663 1396 1747 Unumquodque

296 1784 394 1840 autem
408 1776 596 1840 constituitur
609 1778 642 1839 in
660 1778 763 1861 specie,
780 1778 937 1843 semaam
957 1778 1037 1861 quod
1056 1777 1266 1841 determinatur
1287 1776 1328 1839 ad
1339 1776 1397 1838 ali·

297 1910 382 1971 quem
396 1887 549 1969 specialem
561 1890 688 1972 pradum
702 1891 734 1951 in
747 1892 862 1954 entibus
869 1916 880 1964 ;
902 1892 974 1974 quia
987 1891 1097 1973 aperies
1109 1897 1178 1953 aunt
1188 1888 1265 1951 sicut
1274 1888 1396 1964 numeri,

296 2001 349 2083 qui
363 1999 503 2083 differrent
519 2022 578 2083 per
592 2000 767 2079 additionem
782 2009 811 2065 et
831 2002 1059 2067 mactationem
1078 2001 1213 2078 undatim
1228 2007 1262 2063 ut
1289 2000 1398 2063 dicitur

297 2113 330 2175 in
344 2113 376 2175 8.
390 2112 517 2194 metaph.
561 2112 600 2175 In
613 2113 699 2177 relus
713 2121 810 2178 autem
823 2114 1024 2179 materialibus
1043 2113 1127 2177 aliud
1147 2112 1285 2195 estquod
1302 2111 1396 2175 deter-

295 2222 392 2286 minat
407 2222 448 2285 od
466 2222 618 2306 specialem
630 2224 766 2307 pradum,
782 2225 894 2289 scilicet
900 2225 1013 2310 sermo,
1027 2234 1057 2289 et
1071 2224 1155 2289 aliud
1166 2224 1245 2307 quod
1263 2221 1397 2287 determi-

297 2339 396 2412 natur,
409 2332 520 2397 acr'licet
534 2335 657 2397 materia
669 2361 678 2395 :
701 2334 777 2397 unde
791 2336 828 2398 ab
843 2336 903 2399 alio
918 2337 1043 2399 sumitur
1054 2357 1156 2419 penca,
1171 2341 1201 2398 et
1214 2334 1251 2397 ab
1266 2333 1325 2396 olio
1339 2333 1399 2415 dss-

288 2444 431 2529 sercntia.
478 2444 540 2508 sea
551 2444 583 2508 in
596 2446 681 2509 rebus
694 2446 935 2512 immaterialibus
948 2470 1007 2512 non
1020 2454 1064 2511 cat
1073 2446 1156 2510 aliud
1163 2446 1357 2510 determinans
1368 2454 1398 2510 et

297 2555 538 2620 determinatam:
567 2557 620 2620 scd
646 2579 829 2641 unaquaque
856 2582 956 2623 earum
984 2560 1139 2623 secundum
1167 2560 1291 2642 seipsam
1320 2566 1397 2623 tenet

297 2668 518 2732 determinatum
535 2668 661 2752 proclam
679 2671 711 2732 in
731 2672 864 2745 rutilum
886 2681 916 2736 et
930 2674 993 2736 idco
1012 2695 1106 2756 penus
1125 2679 1155 2736 et
1179 2671 1347 2754 differentia
1365 2672 1398 2732 in

297 2780 339 2842 cis
357 2802 416 2842 non
435 2780 617 2861 acceptantur
635 2781 788 2844 secandum
810 2782 893 2845 aliud
910 2791 938 2846 et
960 2783 1050 2860 aliud,
1070 2783 1123 2848 aed
1136 2781 1291 2846 secundm
1308 2804 1398 2844 unum

297 2899 327 2954 et
348 2890 433 2968 idem,
449 2913 512 2974 quae
526 2899 623 2955 tomen
642 2892 783 2975 dipfcrunt
796 2893 951 2956 secundum
970 2894 1227 2957 cmniderationnn
1244 2900 1396 2956 nostram.-

297 3003 329 3071 in
343 3010 485 3085 quantum
499 3003 574 3066 enim
590 3003 752 3066 intellectus
765 3012 864 3067 noster
878 3005 1041 3069 emundant
1055 3025 1115 3067 rem
1129 3005 1211 3067 illam
1224 3011 1259 3066 ut
1272 3003 1397 3067 indeter-

297 3114 416 3190 minate,
430 3113 573 3196 crupitur
586 3114 617 3174 in
631 3114 673 3178 eia
686 3115 764 3177 ratio
776 3117 902 3197 pennis,
912 3117 944 3179 in
958 3124 1099 3199 quantum
1112 3139 1179 3180 vero
1188 3116 1350 3180 considerat
1363 3123 1398 3178 ut

298 3224 496 3301 determinate,
505 3225 648 3306 crupitur
662 3226 741 3288 ratio
755 3226 934 3309 differentia.
978 3226 1193 3290 Diversitatem
1209 3225 1304 3309 igitur
1317 3226 1398 3291 inter

298 3354 346 3397 res
364 3331 536 3417 spirituales
554 3354 589 3396 ac
612 3333 782 3397 materiales
802 3335 903 3418 quoad
922 3336 1054 3420 speciem
1074 3336 1319 3402 constituendam
1344 3337 1397 3401 de-

298 3443 393 3507 sumit
405 3443 437 3506 S.
447 3442 580 3506 Thomas
594 3465 630 3506 ex
644 3445 772 3528 eoquod
787 3445 820 3508 in
836 3468 869 3509 re
883 3447 1031 3512 materiali
1046 3450 1083 3512 ab
1098 3450 1157 3513 alio
1170 3451 1295 3514 rumitur
1304 3472 1399 3534 penus

298 3561 328 3618 et
342 3554 379 3618 ab
394 3555 453 3618 alio
468 3554 645 3637 differentia,
661 3555 694 3619 in
708 3578 741 3620 re
756 3565 858 3621 autern
876 3557 1069 3625 immateriali
1084 3582 1146 3624 uon
1161 3559 1245 3624 item.
1291 3560 1397 3638 Quum

298 3665 381 3730 enim
415 3664 541 3728 materia
576 3664 675 3749 prima
704 3667 735 3729 in
771 3668 898 3752 physica
934 3671 1126 3736 Aristotelica
1159 3671 1399 3740 consideraretur

298 3787 454 3863 tamquam
471 3778 602 3860 primam
622 3779 781 3842 subiectum
801 3779 940 3844 omnium
961 3804 1063 3846 rerum
1085 3782 1297 3863 materialium,
1316 3785 1399 3869 quod

298 3888 450 3974 indigeret
464 3887 659 3952 determinari
674 3889 712 3952 ad
727 3889 786 3954 tale
809 3914 874 3955 esse
889 3892 1089 3958 substantiale
1104 3914 1158 3978 per
1174 3894 1314 3975 formam,
1330 3895 1398 3960 ideo

299 4024 334 4066 ex
343 4001 469 4065 materia
481 4009 637 4085 tamquam
652 4000 875 4066 determinabili
883 4005 1071 4089 accipiebant
1086 4029 1193 4090 genus,
1206 4019 1236 4072 et
1251 4029 1288 4071 ex
1301 4007 1399 4074 forma

299 4122 454 4195 tamquam
471 4111 692 4175 determinante
701 4113 889 4197 accipiebant
899 4117 1067 4200 specificam
1084 4118 1294 4183 differentiam.
1325 4119 1396 4199 Sed,

299 4247 393 4309 quum
418 4225 553 4304 materia,
580 4226 723 4290 omnibus
748 4227 926 4311 fatentibus,
950 4253 1013 4294 non
1036 4231 1147 4296 habeat
1170 4255 1235 4297 csse
1258 4233 1318 4297 nisi
1344 4257 1398 4319 per

299 4337 427 4400 formam
449 4334 690 4415 substantialem,
706 4361 776 4401 cum
796 4361 856 4423 qua
876 4341 1035 4405 constituit
1057 4365 1153 4407 unum
1173 4366 1227 4407 ens
1248 4351 1278 4408 et
1299 4367 1396 4410 unum
