3200 4975
294 396 339 457 44
613 418 655 461 nr
672 416 876 461 suusrsnrrs
892 415 1091 461 srrarrnstr.
1254 393 1338 475 [ιιι.
1355 411 1395 455 ιι,

294 593 330 648 ut
344 595 391 647 est
406 592 502 663 actus,
518 584 566 649 vel
580 596 616 649 ut
630 593 677 649 est
694 584 829 662 activua3
852 584 906 648 sed
925 584 964 649 ab
982 584 1101 649 obiecto
1120 585 1188 668 ipso
1208 582 1395 667 intelligibili

294 694 398 760 debito
420 696 512 761 modo
532 718 564 761 se
587 705 799 781 praeacntautc
844 696 1025 763 Intellectus
1046 720 1126 776 vero,
1146 706 1183 762 ut
1202 704 1249 761 est
1268 694 1394 772 uotiuis,

295 816 416 892 receptu
430 808 528 893 specie
543 808 577 872 in
592 830 648 872 sua
661 808 847 893 passivitate,
858 808 895 873 fit
910 817 981 873 actu
994 808 1119 873 intuens
1130 808 1232 893 ipsum
1242 806 1395 872 obiectum

294 918 496 1005 intelligibile,
513 918 681 985 secundum
703 942 755 1005 eos
776 930 942 1005 respectus,
958 917 1127 985 secuudum
1148 942 1226 1005 qnos
1247 918 1281 982 iu
1298 917 1397 1002 specie

295 1030 441 1115 impressa
461 1030 664 1095 coustitutum
687 1042 734 1095 est
754 1053 888 1117 praeseus
909 1030 1105 1117 intelligenti.
1150 1031 1273 1117 Species
1294 1039 1396 1093 antem

295 1142 442 1227 impressa
455 1164 510 1227 per
524 1142 583 1208 hoc
597 1142 680 1228 quod
690 1142 763 1207 facit
773 1142 964 1209 intellectum
973 1152 1042 1208 cetu
1052 1144 1148 1209 ades
1156 1143 1223 1208 eius
1232 1141 1395 1219 obiectum,

295 1252 407 1317 dicitnr
421 1253 487 1318 fieri
501 1275 656 1339 wesen:
680 1263 711 1319 ct
726 1254 794 1319 ideo
810 1255 924 1341 species
938 1278 1079 1341 expressa
1093 1265 1140 1319 est
1152 1254 1267 1339 species
1277 1266 1313 1317 ut
1324 1274 1396 1318 eon·

294 1363 400 1427 iuncta
414 1386 483 1429 cum
500 1375 571 1429 actu
585 1364 836 1459 apprehendendi
850 1365 1013 1431 obiectum.
1072 1365 1252 1431 intellectus
1265 1385 1345 1443 vero,
1361 1371 1397 1427 ut

295 1475 411 1539 activus
433 1482 488 1553 est,
505 1498 537 1541 se
559 1474 652 1540 hebet
674 1475 767 1540 relate
789 1476 829 1541 ad
850 1475 1003 1541 obiectum
1025 1499 1159 1562 praesens
1176 1476 1210 1540 in
1225 1475 1324 1561 specie
1338 1476 1396 1540 im-

295 1610 408 1673 pressu,
424 1587 503 1652 sicut
526 1610 558 1653 sc
582 1587 673 1651 habet
696 1587 794 1653 forma
820 1587 985 1652 materialis
1007 1586 1102 1652 relate
1127 1586 1167 1651 ad
1192 1585 1396 1651 uhicationem

295 1709 366 1765 actu
396 1700 548 1784 signatum
577 1722 631 1785 per
660 1709 780 1764 motum
809 1699 953 1764 materiae.
1014 1699 1160 1785 Sequitur
1187 1698 1270 1763 enim
1299 1698 1397 1762 forma

296 1812 454 1877 materiam
477 1811 510 1875 iu
530 1834 585 1876 suo
602 1821 700 1891 motu,
715 1820 747 1876 et
768 1812 932 1898 participat
954 1811 1145 1877 terminative
1167 1812 1233 1876 eius
1251 1812 1311 1889 ubi,
1326 1811 1397 1875 licet

296 1932 399 1987 motus
419 1923 582 2008 recipiatur
599 1923 632 1987 in
650 1924 786 2003 materia,
802 1946 865 1988 nou
888 1923 921 1987 iu
943 1923 1051 2003 forma,
1066 1935 1097 1987 et
1117 1924 1169 1986 ati
1186 1922 1226 1987 ad
1239 1922 1396 1987 materiam

296 2035 417 2120 proprie
438 2034 599 2119 pertineat,
616 2057 677 2099 nou
696 2034 736 2099 ad
755 2036 905 2099 formam:
928 2044 959 2098 et
981 2034 1023 2099 sic
1041 2033 1226 2113 intellectus,
1242 2045 1333 2119 prout
1349 2044 1397 2099 est

296 2147 422 2224 activus,
438 2147 575 2233 sequitur
596 2146 822 2231 quodammodo
844 2169 898 2231 per
920 2169 1010 2210 snum
1032 2146 1181 2211 intuitum
1199 2156 1320 2211 motum
1335 2169 1397 2211 sure

296 2258 490 2343 passivitatis,
505 2269 536 2330 ct
559 2259 740 2323 terminatur
761 2258 802 2323 ad
823 2258 976 2323 obiectum
998 2259 1097 2342 specie
1118 2258 1311 2342 impressum,
1326 2258 1397 2323 licet

297 2378 399 2434 motus
420 2392 483 2434 nou
503 2370 667 2454 recipiatur
685 2370 719 2433 in
739 2370 816 2453 ipso,
835 2379 871 2433 nt
892 2370 1008 2434 activus
1027 2381 1084 2448 est,
1101 2379 1133 2433 et
1152 2369 1263 2434 obiecti
1283 2370 1397 2454 species

297 2482 417 2568 proprie
432 2481 471 2547 ad
486 2482 551 2546 eius
566 2482 772 2567 passivitatem
788 2482 948 2566 pertineat.

340 2597 394 2659 36.
417 2593 573 2670 Qnoeuitur
595 2602 804 2672 commatrum
826 2594 989 2659 intellectus
1009 2595 1121 2657 actioso
1142 2603 1171 2658 ct
1182 2597 1320 2677 passivus
1333 2617 1398 2658 rea-

298 2707 365 2778 liter
379 2708 608 2789 distiapuaatur.

341 2819 533 2904 Respondeo,
549 2817 632 2903 qnod
652 2818 732 2882 inter
753 2817 944 2882 intellectum
965 2817 1097 2882 activum
1119 2828 1151 2881 et
1166 2818 1320 2902 passivum
1335 2840 1398 2881 non

298 2939 345 2993 est
359 2930 448 2994 realis
464 2929 619 2994 distinctio
635 2929 760 3016 physica
774 2938 805 2994 et
820 2929 968 3009 absoluta,
984 2930 1038 2994 sed
1053 2939 1174 2994 tautum
1193 2931 1400 3016 metaphysica

298 3053 329 3106 et
344 3042 485 3106 relativa:
510 3041 667 3126 quodiam
683 3063 776 3126 supra
795 3041 963 3106 innuimus.
1009 3041 1091 3105 Nam
1112 3041 1151 3104 ad
1171 3042 1398 3106 distinctionem

298 3153 409 3217 realem
432 3153 587 3239 physicam
611 3153 811 3239 requiruntur
830 3153 892 3218 duo
914 3153 1038 3239 physice
1052 3153 1154 3217 realia.
1198 3154 1295 3239 Atqui
1309 3154 1399 3218 iutel-

297 3264 394 3328 lectus
416 3264 531 3328 activus
552 3263 628 3327 nihil
651 3273 697 3328 est
719 3265 853 3350 physice,
869 3264 929 3328 uisi
948 3263 1138 3348 intelligetur
1152 3286 1218 3328 esse
1232 3265 1400 3349 completus

299 3374 456 3439 intellectu
474 3375 602 3458 passivo,
617 3386 648 3439 ct
665 3375 839 3439 intellectus
863 3376 1000 3459 passivus
1021 3375 1099 3439 nihil
1121 3385 1167 3439 est
1189 3376 1325 3462 physice,
1339 3377 1400 3441 nisi

299 3486 507 3569 inquantum
532 3495 673 3549 actuatnr
697 3485 735 3549 ab
759 3485 917 3550 intellectu
943 3487 1049 3550 activo.
1094 3487 1178 3570 Ergo
1201 3509 1263 3550 uon
1291 3487 1399 3551 distin-

300 3607 440 3680 guuntur
454 3596 573 3660 realiter
588 3597 722 3682 physice.
755 3597 804 3660 Ad
818 3597 1046 3662 distinctionem
1061 3609 1164 3661 autem
1178 3599 1290 3662 realem
1305 3609 1401 3663 mete·

300 3707 458 3793 physicam
481 3709 601 3785 sufficit,
627 3718 660 3770 ut
684 3709 716 3772 in
739 3709 843 3773 eodem
867 3719 937 3773 ente
959 3710 1085 3796 physico
1107 3711 1317 3795 concipiantur
1339 3712 1401 3776 duo

299 3819 422 3884 relative
443 3819 593 3905 opposita,
609 3832 683 3905 quae'
696 3842 759 3884 nou
778 3819 842 3884 sint
862 3843 916 3905 per
934 3820 1028 3884 solam
1049 3830 1184 3885 mentem
1199 3821 1332 3901 inventa,
1348 3823 1401 3887 sed

299 3932 419 3997 realiter
433 3941 615 3997 concurrant
630 3931 669 3996 ad
684 3931 926 4018 principiandum
940 3933 1136 3999 intrinsecam
1151 3935 1401 3999 constitutionem

299 4045 397 4110 entis:
420 4045 493 4110 talia
518 4056 620 4121 autem
647 4055 719 4110 suut
745 4055 831 4109 actus
857 4045 1066 4116 substantialis
1089 4057 1120 4110 et
1143 4046 1210 4110 eius
1233 4047 1400 4111 terminus:

300 4179 430 4240 quorum
460 4156 577 4241 primns
607 4157 639 4220 iu
670 4156 841 4221 substantia
870 4155 1021 4240 spirituali
1050 4157 1124 4222 dicit
1149 4158 1339 4223 intellectum
1367 4169 1402 4220 ut

299 4268 441 4347 activum,
459 4270 610 4333 secundus
621 4278 656 4331 ut
671 4267 836 4352 passivum.
881 4266 1015 4331 Evideus
1030 4278 1076 4332 est
1090 4269 1198 4352 igitur,
1214 4270 1402 4334 intellectum

299 4380 430 4464 activum
452 4390 481 4444 et
501 4382 654 4466 passivum
678 4401 740 4443 uon
763 4401 828 4442 esse
847 4377 924 4442 duos
944 4379 1127 4459 intellectus,
1152 4382 1323 4446 sedunum
1345 4381 1401 4446 sub
