3200 4975
213 369 285 411 css.
303 349 373 433 nn]
526 372 570 417 nu
586 372 786 418 scnsrsurrs
801 373 1002 417 ssisirusm.
1274 352 1317 414 87

211 545 292 609 cedit
307 545 345 609 de
358 548 410 609 sci
423 545 462 610 nd
476 550 536 626 udi,
556 557 603 611 est
625 547 659 610 id
681 570 742 631 quo
763 546 936 631 applicatur
957 567 1067 629 corpus
1089 545 1254 607 successive
1277 541 1316 606 ad

211 678 306 720 novus
323 666 356 720 et
379 679 474 722 novus
494 658 704 722 ubirntiones:
728 680 792 720 non
815 667 922 720 tamen
943 657 1008 719 lucc
1029 654 1156 719 actualis
1178 654 1318 717 velocitas

211 776 312 831 mutat
333 768 499 833 successive
519 768 635 854 aliquid
652 769 685 832 iu
698 767 754 832 illo
767 789 902 851 corpore,
919 764 972 829 sed
994 773 1116 829 tantum
1138 763 1315 827 relationem

211 880 420 944 extrinsecam.
466 881 515 944 Ito
529 904 602 965 ergo
616 879 775 944 tendentia
794 877 922 942 actuulis
937 876 976 940 ad
990 874 1233 959 intelligendum,
1249 895 1316 958 quae

212 992 306 1054 estin
321 1000 393 1055 ectu
407 992 590 1069 intellectus,
605 1001 652 1056 est
666 991 700 1055 id
719 1013 781 1075 quo
803 990 973 1075 applicatur
994 987 1167 1051 intellectus
1185 986 1224 1049 sd
1239 1006 1317 1049 nove

211 1109 243 1164 st
258 1122 337 1165 nova
351 1102 517 1169 successive
536 1100 780 1186 contemplanda,
802 1122 871 1184 qum
888 1099 962 1163 dum
978 1106 1049 1161 actu
1063 1096 1231 1161 successivo
1245 1116 1317 1159 cou-

212 1211 385 1276 siderautur
403 1214 485 1276 fiunt
498 1214 664 1277 sucoessive
679 1211 812 1276 actuales
826 1209 1014 1273 ubicatioues
1028 1206 1248 1272 intellectuales
1261 1228 1317 1291 per

212 1344 288 1407 quas
302 1323 476 1387 intellectus
490 1323 605 1387 fertur:
629 1344 693 1386 non
714 1330 818 1385 tamen
840 1320 998 1384 tendentia
1018 1318 1071 1382 illa
1090 1318 1216 1382 actualis
1234 1317 1316 1381 illius

212 1444 300 1497 actus
321 1442 421 1498 mutat
451 1434 619 1499 successive
640 1432 756 1517 aliquid
777 1433 810 1496 in
832 1433 900 1516 ipsc
921 1430 1089 1498 intellectu.
1134 1430 1314 1493 dstantem

213 1544 374 1629 disparitas
393 1546 427 1609 in
448 1546 517 1624 hoc,
543 1545 627 1630 quod
650 1553 753 1608 motus
778 1552 809 1607 ot
835 1543 987 1620 velocitas,
1015 1564 1112 1626 quum
1137 1541 1177 1603 sit
1200 1537 1316 1623 aliquid

212 1655 397 1720 occidentale
420 1655 548 1740 corpori,
573 1654 664 1719 debet
689 1654 825 1738 imprimi
851 1676 869 1717 s
891 1674 982 1717 causa
1004 1652 1187 1715 extrinseco:
1210 1657 1339 1733 contra·

212 1765 371 1830 tendentia
391 1776 478 1831 actus
500 1766 677 1830 intellectivi
698 1764 737 1829 ad
759 1762 1006 1846 intelligendum,
1026 1784 1123 1846 quum
1137 1783 1202 1824 non
1217 1761 1256 1823 sit
1271 1759 1316 1822 illi

212 1877 416 1955 accidentalis,
430 1901 449 1940 a
463 1877 549 1941 nullo
569 1876 660 1941 debet
684 1876 829 1959 imprimi,
851 1874 903 1938 sed
918 1883 964 1936 est
978 1873 1011 1935 in
1023 1874 1089 1956 ipsa
1102 1881 1212 1935 nature
1226 1866 1316 1933 intel-

211 1986 319 2051 lectus.
364 1987 559 2071 lmprimitur
581 1995 685 2050 tamen
709 1985 835 2049 directio
858 1982 1027 2047 intellectui
1046 2005 1149 2047 versus
1163 1981 1314 2045 obiectum

212 2097 337 2181 aliquod
364 2097 403 2162 ab
433 2098 501 2181 ipso
530 2097 658 2175 obiecto,
688 2094 772 2180 quod
799 2094 948 2178 imprimit
978 2072 1127 2177 speciem:
1150 2101 1181 2157 et
1211 2092 1253 2155 sic
1282 2092 1314 2155 in

212 2208 330 2274 actibus
359 2206 596 2271 accidentalibus
624 2205 733 2291 recipit
762 2214 881 2271 motum
906 2203 945 2268 ab
968 2204 1153 2267 extrinseco:
1177 2202 1231 2267 sed
1256 2202 1313 2265 im-

212 2342 315 2403 pressa
344 2318 438 2382 semel
467 2317 575 2402 speeie,
605 2328 697 2401 prout
720 2318 753 2380 in
777 2338 850 2381 casu
879 2324 984 2382 nostro
1014 2314 1225 2399 supponimus,
1254 2314 1316 2377 ism

212 2429 334 2498 nullum
360 2430 468 2515 recipit
488 2438 619 2508 motum,
642 2439 677 2495 ut
701 2451 768 2493 eam
791 2425 972 2492 consideret.
1017 2426 1125 2511 Itaque
1155 2425 1315 2510 applicatio

212 2540 387 2605 intellectus
416 2561 471 2623 per
498 2539 687 2608 voluntatem
717 2561 780 2607 non
810 2539 845 2601 fit
874 2561 928 2623 per
956 2539 1160 2621 receptionem
1188 2537 1316 2601 alicuius

212 2660 315 2717 motus
335 2650 368 2715 in
390 2650 559 2728 intellectu,
583 2649 637 2715 sed
662 2651 697 2713 iit
724 2672 777 2734 per
803 2649 861 2714 hoc
887 2648 970 2733 quod
994 2648 1176 2727 intellectus,
1203 2659 1238 2711 ut
1262 2670 1317 2731 per

211 2763 355 2829 affectum
370 2761 539 2845 completus
553 2762 587 2824 in
601 2784 667 2828 esse
681 2761 857 2836 voluntatis,
874 2761 973 2824 videet
989 2769 1105 2823 statum
1120 2781 1211 2822 suum
1225 2759 1314 2822 offec-

212 2874 320 2951 tivum,
334 2881 366 2936 et
380 2873 560 2936 naturaliter
579 2879 694 2955 quaerut
712 2871 826 2940 intueri
841 2871 873 2934 in
888 2870 1055 2954 speciebus,
1076 2893 1151 2954 quas
1166 2869 1268 2949 habet,
1283 2870 1315 2934 id

211 2984 387 3067 quodcum
409 2982 464 3048 teli
485 2992 568 3049 stetu
591 2983 690 3065 magis
718 2981 890 3046 concordat.
937 2962 1046 3044 Notsri
1067 2981 1193 3065 iusuper
1214 2980 1315 3060 debet,

211 3094 295 3178 quod
309 3093 451 3159 voluntas
470 3115 534 3159 nou
554 3101 694 3157 movetur
715 3091 754 3155 ud
776 3090 988 3176 imperandum
1010 3091 1179 3155 intellectui
1201 3091 1316 3176 aliquid

211 3204 421 3281 determinate,
436 3203 496 3266 nisi
513 3203 688 3268 intellectus
707 3203 829 3267 obiiciat
844 3202 995 3269 voluntati
1009 3202 1086 3267 illud
1100 3203 1202 3288 ipsum
1216 3202 1316 3267 deter-

212 3315 344 3390 minatc3
367 3335 464 3398 quum
479 3314 622 3379 voluntas
637 3337 700 3378 non
715 3315 831 3378 feratur
846 3314 878 3376 in
893 3315 1046 3398 ignotum.
1093 3314 1161 3378 Hoc
1180 3314 1315 3378 ostendit

210 3424 384 3501 clarissime,
414 3424 604 3491 intellectum
634 3425 766 3488 activum
796 3447 859 3488 non
890 3423 1035 3509 applicari
1058 3425 1097 3489 ud
1119 3426 1272 3510 agendum
1297 3448 1315 3490 a

210 3535 378 3613 voluntate,
401 3543 557 3618 tamquam
578 3535 617 3599 ab
635 3535 704 3614 alic,
720 3535 774 3600 sed
789 3544 946 3619 tamquam
961 3559 979 3598 a
994 3536 1093 3619 seipso
1107 3544 1144 3599 ut
1158 3535 1314 3622 sdrcquate

210 3658 345 3729 sumpto,
361 3654 453 3728 prout
467 3644 541 3708 dicit
555 3646 655 3728 ipsam
669 3645 873 3710 substantiam
888 3644 1085 3728 spiritualem.

254 3756 390 3820 'landem
405 3754 445 3822 ad
459 3763 604 3839 quartum
618 3754 795 3838 responderi
811 3761 913 3838 potest
928 3755 1069 3838 negando
1083 3755 1167 3841 quod
1177 3757 1315 3840 potentis

210 3867 308 3932 activa
339 3866 513 3931 intellectus
548 3866 699 3930 intensius
733 3873 874 3930 uetustus
899 3887 953 3949 per
982 3875 1083 3934 actum
1112 3888 1174 3951 quo
1203 3889 1315 3932 novum

209 3979 364 4045 obiectum
386 3977 568 4045 considerat.
614 3976 720 4052 Quum
735 3977 818 4041 enim
838 3976 975 4060 potentia
994 3975 1178 4046 intellectiva
1198 3978 1261 4042 haec
1276 3978 1316 4044 sit

210 4090 318 4165 activa,
334 4096 434 4172 potest
449 4087 572 4170 quidem
589 4087 757 4170 comparari
775 4085 952 4170 corporibus
967 4087 1068 4173 quoad
1083 4088 1143 4152 vim
1158 4079 1331 4170 motivam,

211 4200 264 4263 sed
284 4221 347 4263 non
366 4206 468 4281 potest
491 4197 659 4282 comparari
681 4198 780 4281 quoad
804 4197 975 4280 passionom
998 4198 1222 4264 accidentalem.
1270 4201 1314 4264 Ut

210 4319 313 4374 autem
329 4309 452 4372 duretur
467 4327 556 4372 verus
572 4306 720 4371 transitus
735 4307 772 4370 de
787 4307 925 4391 potentia
940 4307 977 4372 ad
993 4317 1094 4374 actum
1109 4308 1142 4374 in
1157 4299 1316 4376 intellectu
