3200 4975
304 366 346 427 86
607 388 649 431 nn
666 388 863 433 sunsrsurrs
882 387 1084 430 serrrrusnr.
1243 366 1330 451 [car.
1349 386 1404 428 111.

302 569 394 631 qnam
417 548 539 612 termini
561 548 769 633 intelligibiles
792 552 892 635 (qnasi
908 551 1081 636 spirituales
1096 550 1293 631 ubicationes,
1311 560 1346 615 ut
1361 550 1405 614 vi-

301 659 442 723 debimus
456 658 540 742 alibi)
557 659 596 722 ad
610 658 738 725 invicem
753 662 938 726 referuntur.

345 772 396 836 Ad
407 773 576 837 secuudum
591 773 766 857 responderi
779 783 892 859 potest,
907 774 991 859 quod
1006 776 1135 839 mutatio
1144 774 1277 853 termini,
1288 774 1321 837 in
1333 796 1405 837 casu

301 883 340 948 de
354 905 417 968 quo
430 884 594 969 loquimur,
609 906 672 948 nou
686 885 723 948 fit
736 907 792 969 per
811 885 926 970 aliquid
953 886 991 950 de
1014 907 1092 949 novo
1116 895 1284 970 receptum,
1307 908 1403 970 quum

301 1004 493 1079 supponatur
517 1004 647 1080 utraque
670 997 785 1079 species
807 996 867 1059 iam
887 997 1035 1081 impressa
1054 997 1086 1059 in
1102 996 1278 1061 intellectu:
1302 996 1355 1061 sed
1368 996 1404 1059 fit

301 1106 401 1169 solum
415 1128 470 1190 per
488 1106 556 1183 hoe,
582 1105 667 1190 quod
688 1106 863 1171 intellectus
885 1108 1011 1186 activus,
1035 1109 1088 1192 qui
1113 1109 1199 1192 prius
1225 1107 1405 1172 denomina-

297 1217 392 1281 betur
405 1218 438 1281 in
453 1226 523 1282 actu
537 1239 592 1301 per
611 1219 741 1302 primam
762 1218 903 1303 speciem,
926 1228 1033 1303 postea
1056 1219 1270 1283 denominetur
1284 1220 1317 1283 in
1333 1228 1404 1282 adn

299 1350 355 1412 per
369 1328 532 1394 secundum
548 1330 688 1413 speciem.
733 1328 808 1392 Tem
820 1338 922 1393 autem
938 1338 984 1393 est
999 1331 1031 1393 in
1046 1340 1116 1395 actu
1131 1353 1186 1415 per
1199 1330 1289 1409 hanc,
1310 1353 1402 1415 quam

300 1462 357 1524 per
369 1438 472 1516 illem3
495 1462 588 1524 quare
603 1448 700 1518 aetna,
717 1450 752 1504 ut
765 1450 813 1504 est
828 1439 866 1505 ab
886 1448 1006 1524 egente,
1029 1440 1148 1505 videtur
1170 1464 1292 1507 manere
1314 1442 1401 1505 obso-

299 1550 364 1613 lute
378 1548 478 1615 idem:
501 1558 537 1613 ut
556 1558 659 1615 autem
679 1551 862 1615 terminetur
881 1550 920 1614 ad
940 1550 997 1614 hoc
1012 1550 1058 1614 vel
1077 1550 1166 1629 illud,
1187 1551 1404 1615 denominatur

299 1661 445 1739 diversus,
463 1670 495 1725 et
515 1668 601 1724 tanto
622 1661 794 1745 perfectior,
817 1670 933 1746 quanto
954 1670 1000 1725 est
1023 1661 1154 1726 nobilius
1176 1662 1341 1739 obiectum,
1364 1662 1403 1726 ad

298 1771 383 1856 quod
408 1771 599 1848 terminatur,
623 1781 677 1835 eut
702 1770 832 1835 lucidior
858 1773 971 1857 species
1000 1771 1144 1837 eiusdem.
1190 1774 1231 1836 llt
1256 1782 1402 1858 praeterea

298 1880 469 1946 notandum
489 1890 546 1959 est,
569 1881 652 1966 qnod
674 1892 761 1945 actus
783 1882 833 1946 ille
855 1905 917 1945 uon
941 1883 1121 1947 terminetur
1136 1883 1176 1948 ad
1190 1885 1332 1967 speciem,
1348 1884 1401 1947 sed

298 1993 337 2058 ad
358 1992 512 2057 obiectum
533 1993 632 2076 specie
653 2000 921 2076 representatum
945 1992 1027 2056 unde
1049 1993 1199 2057 terminus
1220 1993 1283 2070 ille,
1303 2016 1321 2056 a
1339 2016 1401 2077 quo

296 2115 384 2169 actus
412 2103 524 2168 dicitnr
551 2103 697 2181 diversus,
726 2111 773 2165 est
802 2103 876 2187 quid
905 2105 1118 2167 extrinsecum.
1164 2104 1237 2169 Non
1258 2126 1332 2187 ergo
1354 2114 1401 2167 est

295 2238 401 2281 verum
427 2215 511 2300 quod
539 2225 626 2279 actus
654 2214 847 2297 intelligendi
872 2214 1059 2298 compleatur
1088 2217 1241 2281 intrinsece
1269 2218 1401 2280 termino

294 2328 450 2401 obmutire,
473 2326 527 2391 sed
548 2327 651 2410 potins
673 2325 820 2391 dicendus
841 2336 887 2391 est
909 2326 1054 2411 compleri
1075 2330 1235 2391 nutriorem
1257 2337 1398 2392 tentum:

294 2438 352 2517 vel,
368 2438 394 2502 si
408 2436 468 2502 dici
481 2448 583 2523 potest
598 2438 690 2503 talem
710 2446 813 2502 ectum
836 2437 980 2522 compleri
1002 2438 1132 2504 termino
1150 2439 1209 2504 sibi
1222 2440 1398 2519 intrinseco,

294 2549 326 2614 id
340 2549 471 2633 intelligi
485 2550 575 2615 debet
590 2550 628 2614 de
648 2560 719 2614 ectu
741 2549 932 2613 terminetire
955 2559 1088 2633 sumpto,
1112 2572 1166 2613 seu
1185 2550 1318 2629 relative,
1334 2573 1398 2614 non

294 2670 397 2728 autem
412 2663 451 2727 de
465 2672 536 2726 ectu
551 2662 708 2726 eutitetive
722 2669 753 2724 et
768 2661 800 2725 in
819 2683 851 2723 se
871 2667 1015 2743 spectato.
1062 2659 1154 2725 Unde
1176 2662 1397 2740 concludimus,

293 2776 326 2838 in
341 2775 473 2838 transitu
487 2773 526 2839 de
540 2782 610 2835 actu
625 2771 664 2835 ad
685 2783 786 2834 actum
811 2770 875 2833 fieri
897 2769 995 2832 solnm
1019 2772 1220 2836 mutationem
1241 2773 1397 2837 relationis

292 2885 477 2949 extrinsece.

335 2994 386 3060 Ad
408 2996 534 3058 tertium
556 2993 732 3077 responderi
754 3001 865 3075 potest,
895 2990 1021 3055 modum
1043 2991 1130 3056 illum
1154 2992 1309 3077 loquendi,
1333 3018 1396 3080 quo

292 3107 421 3172 dicimus
448 3105 636 3170 voluntatem
665 3103 817 3188 applicare
844 3101 1035 3166 intellectum
1060 3103 1099 3166 sd
1123 3105 1395 3170 considerationem

291 3218 449 3283 cniusdam
480 3217 600 3293 obiecti,
631 3217 673 3279 sic
702 3214 914 3298 explicandum
944 3236 1019 3291 esse,
1047 3225 1081 3277 ut
1104 3216 1265 3298 significet,
1292 3220 1393 3302 ipsum

290 3328 479 3392 intellectum
502 3337 572 3390 actu
595 3325 817 3408 intelligentem
839 3322 965 3406 aliquid,
987 3331 1018 3386 et
1040 3325 1072 3386 in
1093 3345 1128 3388 eo
1148 3327 1233 3408 quod
1249 3327 1395 3412 intelligit

290 3459 354 3502 non
369 3438 574 3521 quiescentem
593 3435 754 3520 (siqnidem
770 3455 890 3518 semper
905 3433 997 3496 estin
1014 3444 1099 3498 motu
1114 3442 1224 3500 nature
1239 3445 1305 3521 nne)
1322 3461 1393 3523 pro-

290 3548 395 3612 cedere
410 3548 448 3611 ad
463 3547 579 3631 aliquid
593 3546 677 3610 aliud
696 3544 976 3629 contemplandum.
1021 3545 1187 3610 Distinctio
1206 3550 1287 3611 enim
1303 3549 1396 3613 iutel-

289 3659 387 3723 lectus
401 3680 420 3721 a
434 3657 599 3735 voluntate,
615 3667 651 3720 ut
669 3677 762 3739 snpra
775 3654 907 3718 vidimus
930 3656 977 3734 (n,¹
994 3658 1061 3736 43),
1085 3677 1146 3718 non
1169 3666 1216 3720 est
1239 3657 1395 3722 distinctio

288 3771 333 3834 rei
347 3793 365 3833 a
378 3791 421 3848 re,
437 3768 491 3832 sed
505 3779 552 3832 eet
573 3767 728 3831 distinctio
749 3767 842 3828 nnius
864 3774 894 3829 et
916 3765 1053 3830 eiusdem
1071 3767 1113 3828 rei
1128 3789 1146 3829 a
1160 3768 1269 3851 seipsa,
1284 3791 1394 3833 secun·

288 3882 362 3945 dum
385 3880 469 3966 quod
497 3879 644 3962 accipitur
677 3878 763 3961 prins
793 3875 993 3959 inadaequate,
1024 3885 1055 3939 et
1086 3875 1196 3940 deinde
1225 3877 1392 3962 adaequete.

287 3993 375 4057 Idem
398 4013 471 4075 erge
493 4001 539 4055 est
562 3991 680 4054 dicere:
702 3989 836 4051 volcmar
857 3987 984 4070 applicat
1010 3988 1195 4066 intellectum,
1218 4012 1252 4053 ac
1275 3991 1393 4057 dicere:

286 4105 449 4168 intellectus
467 4102 617 4184 conplere
638 4101 785 4182 ᾳιιίεεοωιε
799 4101 831 4160 in
844 4120 876 4159 re
891 4100 1006 4180 coquito
1023 4099 1144 4162 alimus
1157 4102 1293 4182 procedit
1314 4105 1393 4166 intu-

286 4216 367 4278 endo.
413 4211 519 4276 Simile
534 4221 635 4274 autem
652 4209 760 4272 accidit
775 4209 807 4271 in
824 4229 957 4289 corpore,
973 4208 1065 4291 quod,
1082 4219 1205 4292 accepto
1219 4221 1307 4274 motu
1322 4215 1392 4276 uni·

286 4324 386 4400 sormi,
401 4321 537 4405 procedit
552 4322 590 4383 de
603 4321 654 4382 ndi
668 4320 700 4381 in
715 4320 774 4381 ndi.
820 4317 972 4381 Velocitas
992 4319 1071 4380 enim
1092 4319 1228 4398 actualis,
1246 4343 1306 4404 qne
1321 4345 1392 4406 pro-

1584 499 1588 685 l
