3200 4975
231 378 299 421 cae.
319 358 374 441 rr]
685 382 727 423 un
746 381 894 425 nonina.
1279 372 1340 434 179

229 543 412 609 vincendos:
435 566 529 628 quare
553 567 616 609 non
643 545 792 611 inutiliter
819 558 999 631 argumenta
1020 551 1168 616 Valentiae
1189 553 1246 618 hoc
1272 555 1339 619 loco

122 729 129 740 ,
229 655 367 741 exposita
381 665 464 719 sunt.

271 771 323 831 48.
349 766 506 843 Quaeritur
526 768 742 848 tenimentum
763 771 863 833 anima
878 771 1005 834 humanu
1027 774 1067 836 sit
1081 775 1246 839 substantio
1267 778 1338 840 sim·

223 881 296 962 pica
311 902 346 944 ec
359 881 534 962 spiritualis.

274 992 456 1077 Respondeo
471 993 669 1071 affirmative;
699 1001 730 1056 et
744 993 874 1058 resultat
893 1018 928 1058 ex
944 994 1042 1059 dietis.
1088 995 1170 1060 Nam
1187 1019 1249 1060 non
1264 1021 1336 1062 con·

229 1103 360 1187 cipimus
378 1105 470 1169 oliam
493 1105 707 1185 substantiam,
730 1105 791 1169 nisi
816 1105 1002 1170 materialem
1024 1107 1072 1172 vel
1094 1108 1353 1176 immaterialem·

230 1214 336 1291 Quum
358 1216 508 1283 autemid
530 1216 614 1301 quod
633 1226 680 1281 est
703 1216 736 1280 in
760 1217 885 1292 homine
907 1227 1016 1302 praeter
1038 1220 1193 1283 materiam
1210 1243 1273 1283 non
1297 1223 1336 1284 sit

229 1328 401 1392 substantia
422 1328 596 1407 materialis,
620 1328 760 1414 sequitur
781 1351 847 1392 esse
868 1329 1070 1393 substantiam
1093 1331 1334 1396 immaterialem.

230 1437 340 1502 Omnis
362 1448 465 1503 autem
481 1439 655 1504 substantia
676 1439 886 1504 immaterialis
909 1449 955 1504 est
977 1440 1102 1526 physice
1125 1442 1262 1527 simplex,
1281 1466 1336 1508 seu

229 1571 334 1613 carens
359 1549 508 1634 partibus,
535 1573 632 1634 quum
657 1557 758 1634 partes
783 1549 886 1613 dicant
908 1541 1076 1616 materiam.
1122 1551 1335 1617 Immaterialis

228 1671 331 1725 autem
354 1661 526 1727 substantia
543 1661 591 1727 vel
605 1669 652 1726 est
675 1662 880 1745 cognoscitiva
902 1661 1142 1746 intelligibilium
1166 1675 1198 1728 et
1214 1664 1335 1728 univer·

228 1772 348 1853 salium,
360 1782 391 1836 et
406 1773 476 1837 talis
492 1781 527 1837 ut
541 1776 639 1858 possit
654 1772 720 1836 sine
732 1771 795 1835 ulla
811 1771 1015 1856 dependentia
1029 1796 1047 1836 a
1062 1775 1189 1838 materia
1200 1797 1335 1840 exercere

228 1907 299 1947 suus
321 1884 521 1968 operationes,
548 1884 595 1948 vel
620 1893 668 1947 est
695 1884 900 1968 cognoscitiva
927 1884 1116 1948 sensibilium
1141 1894 1272 1965 tanturn,
1300 1909 1335 1950 ac

162 1995 166 2001 ’
228 1995 298 2060 talis
316 2005 429 2061 utnon
450 1997 547 2081 possit
562 2019 698 2065 exercere
713 2018 785 2060 suas
807 1996 998 2080 operationes
1013 1997 1072 2060 nisi
1096 1997 1303 2082 dependenter
1318 2021 1335 2062 a

228 2109 363 2172 materia.
397 2109 431 2173 Si
440 2109 584 2192 primum,
597 2107 771 2172 substantia
782 2106 895 2171 dicitur
906 2107 1092 2191 spiritualis:
1117 2108 1142 2172 si
1155 2110 1333 2188 secundum,

229 2220 341 2285 dieitur
356 2221 534 2305 simpliciter
543 2220 761 2285 immaterialis.
806 2219 904 2304 Atqui
916 2219 1017 2284 anima
1029 2220 1165 2298 bominis
1179 2223 1334 2306 cognoscit

228 2331 421 2416 intelligibile
439 2341 470 2396 et
490 2332 670 2409 universale,
689 2340 720 2395 et
740 2339 841 2416 potest
863 2351 998 2396 exercere
1019 2354 1106 2395 suam
1128 2333 1334 2416 operationem

227 2443 421 2529 intelligendi
439 2445 682 2530 independenter
697 2466 715 2507 a
736 2426 873 2512 materia.
917 2443 1001 2529 Ergo
1016 2443 1117 2509 anima
1140 2443 1274 2513 humana
1288 2454 1335 2511 est

229 2557 407 2641 spiritualis.
538 2544 547 2563 ⁶

273 2668 364 2745 Quod
379 2668 481 2732 anima
496 2668 632 2732 humana
647 2674 810 2751 cognoscat
824 2662 1016 2749 intelligibile
1031 2675 1061 2730 et
1077 2666 1254 2746 universale,
1271 2690 1334 2732 non

229 2788 276 2843 est
290 2779 493 2864 probandum,
509 2779 562 2843 sed
586 2778 752 2843 assumitur
766 2786 803 2841 ut
817 2785 927 2841 notum
949 2776 1078 2862 cuique:
1102 2779 1173 2843 etsi
1194 2779 1262 2864 quis
1277 2780 1335 2844 hoc

229 2901 366 2975 negaret,
382 2914 451 2955 cnm
467 2914 503 2955 eo
525 2890 714 2975 impossibile
728 2897 808 2953 esset
831 2888 997 2973 disputare,
1013 2888 1084 2974 quia
1098 2889 1153 2973 qui
1174 2889 1288 2955 fatetur
1303 2914 1335 2955 se

230 3026 293 3067 non
317 3004 487 3087 intelligere
512 3002 695 3068 universalia
717 3024 753 3067 eo
778 3001 846 3086 ipso
871 3001 1021 3084 negatae
1046 3000 1216 3085 intelligere
1244 3025 1336 3086 argn-

229 3114 460 3178 mentationem.
506 3112 598 3189 Quod
617 3122 719 3177 antem
737 3111 840 3175 anima
855 3110 923 3175 ideo
945 3111 1017 3194 quia
1032 3133 1213 3195 cognoscere
1234 3122 1335 3197 potest

229 3225 408 3305 universale,
428 3226 540 3290 babeat
565 3224 773 3310 operationem
797 3222 1051 3306 independentem
1075 3246 1092 3286 a
1114 3225 1249 3303 materia,
1272 3226 1333 3289 iam

229 3360 322 3421 supra
345 3337 538 3421 probavimus
566 3338 611 3419 (n.
631 3338 687 3420 46)
715 3358 751 3399 ex
779 3336 811 3399 S,
832 3335 958 3413 Thoma,
984 3342 1015 3398 et
1043 3334 1095 3399 hic
1125 3337 1331 3403 confirmatur.

231 3448 313 3512 Nam
341 3448 477 3533 operatio
505 3446 692 3511 intellectiva
723 3444 952 3523 universalium,
982 3468 1077 3530 quum
1110 3446 1273 3531 recipiatur
1302 3448 1335 3512 in

229 3560 420 3643 intelligente
452 3560 518 3651 (qui
547 3568 593 3623 est
623 3558 795 3623 substantia
824 3557 968 3621 distincta
997 3579 1015 3619 a
1044 3558 1180 3638 materia,
1211 3568 1245 3623 ut
1273 3560 1335 3625 iam

230 3671 369 3753 scimus),
384 3693 448 3734 non
463 3678 564 3755 potest
582 3669 693 3733 habere
715 3666 950 3751 dependentiam
971 3688 989 3730 a
1010 3667 1136 3735 materia
1150 3668 1210 3732 nisi
1231 3670 1278 3735 vel
1300 3678 1337 3737 ut

230 3782 269 3846 ab
295 3782 422 3860 obiecto,
449 3782 496 3845 vel
527 3789 562 3845 ut
591 3779 631 3844 ab
654 3780 868 3843 instrumento.
924 3777 1021 3863 Atqui
1052 3786 1207 3843 neutrum.
1252 3781 1334 3847 Nam

229 3894 339 3978 primo,
355 3915 452 3978 quum
466 3892 552 3955 nulla
568 3890 693 3955 materia
708 3889 749 3953 sit
764 3888 952 3973 universalis,
968 3889 1102 3972 operatio
1118 3890 1334 3958 universalium

220 4006 414 4071 'intellectiva
423 3992 532 4090 nequit
547 4002 679 4089 pendere
689 4025 707 4066 a
718 4000 845 4067 materia
857 4011 893 4065 ut
906 4000 1029 4085 proprio
1040 4001 1169 4067 obiecto.
1194 4004 1335 4071 Secundo

231 4119 471 4183 instrumentum
487 4115 641 4182 materiale
654 4116 687 4179 in
709 4122 833 4179 tantum
848 4114 1014 4199 requiritur
1028 4114 1066 4177 ad
1088 4116 1286 4200 operandum,
1302 4118 1335 4183 in

231 4240 382 4316 quantum
405 4228 586 4314 attingenda
609 4236 656 4293 est
685 4227 821 4307 materia,
848 4228 880 4291 in
911 4250 972 4313 qua
1002 4227 1065 4291 sola
1093 4227 1335 4323 instrumentum

230 4342 385 4407 materiale
400 4340 530 4407 exerceri
544 4346 664 4425 potest:
687 4338 775 4403 nullo
790 4347 893 4405 autem
917 4338 1007 4403 modo
1023 4338 1189 4427 requiritur
1211 4341 1250 4405 ad
1264 4364 1337 4427 ope-

1106 4470 1127 4513 n
1143 4455 1164 4515 2
