3200 4975
259 370 325 434 826
638 388 681 431 na
696 384 952 431 aocrnunrrsus.
1219 358 1306 441 [aar.
1324 372 1365 415 11.

261 564 390 629 tentiam
412 562 651 629 confirmandam
673 561 778 626 confer
799 580 868 644 quae
891 558 1019 622 dicimus
1038 555 1118 635 infra
1132 576 1164 618 n.
1180 555 1234 631 38,
1250 560 1366 635 atquae

263 675 422 741 docuimus
431 675 606 740 intractata
620 673 658 737 de
672 672 779 757 primis
793 670 951 756 principiis
966 691 998 733 n.
1011 670 1064 747 20,
1077 670 1130 745 30,
1143 666 1180 730 de
1195 662 1367 729 differentia

264 786 402 873 specifica
423 785 602 851 substantia
630 782 813 861 materialis3
837 804 932 867 quum
955 780 1038 845 enim
1059 787 1145 843 actus
1167 772 1367 840 accidentales

264 898 423 964 imitentur
452 905 538 963 actus
567 893 792 974 substantiales,
819 877 933 958 similes
954 912 1077 978 quoque
1098 888 1214 953 habent
1235 884 1369 950 rationes

265 1006 470 1075 distinctionis
485 1008 639 1094 specifica.

625 1354 810 1397 aarlcunus
827 1352 1008 1396 sucunnus.

700 1493 748 1555 De
755 1493 904 1575 passione.

311 1649 366 1713 85.
389 1644 544 1725 Quaeritur
558 1644 609 1708 hic
624 1644 733 1729 primo,
748 1645 822 1729 quid
833 1646 874 1707 ait
882 1646 994 1728 passio.

312 1757 503 1844 Respondes,
515 1756 687 1843 passionem
701 1764 783 1820 recte
798 1755 918 1820 definiri
934 1756 1089 1820 tramitum
1097 1757 1238 1841 potentio
1246 1756 1373 1839 passiva

268 1874 300 1936 s'n
321 1893 374 1935 cao
398 1891 459 1934 osae
480 1869 612 1933 natarali
635 1869 800 1933 constituto
824 1868 859 1931 do
882 1876 950 1933 octa
964 1870 1062 1951 primo
1080 1868 1121 1931 od
1131 1869 1302 1933 comodum:
1326 1866 1373 1930 vel

268 1979 436 2065 simplicius
456 1979 516 2044 dici
535 2000 624 2064 posse
645 1978 728 2064 quod
744 1981 846 2063 passio
869 1988 913 2044 ast
935 1981 1064 2043 octootio
1080 1981 1222 2063 potentio
1235 1981 1374 2063 passivo.

270 2092 351 2156 Nam
367 2090 468 2175 passio
482 2098 529 2154 est
543 2088 586 2168 id,
601 2099 726 2175 propter
740 2089 824 2176 quod
838 2090 975 2175 potentia
990 2089 1133 2175 quaelibet
1148 2092 1267 2175 passiva
1280 2090 1374 2153 deno-

270 2203 407 2267 minatur
434 2200 683 2267 denominatione
703 2201 869 2267 intrinseca
888 2202 1112 2267 accidentaliter
1130 2204 1268 2288 patiens:
1291 2204 1377 2289 atqui

270 2312 486 2380 denominatur
507 2311 732 2378 accidentaliter
751 2314 873 2398 patiens
889 2336 944 2398 per
959 2316 1121 2378 transitum
1138 2312 1176 2379 ab
1192 2323 1263 2379 actu
1277 2315 1376 2398 primo

271 2427 310 2494 ad
340 2425 519 2507 secundum,
550 2448 646 2512 quum
681 2448 736 2511 per
765 2436 868 2492 actum
901 2426 1036 2512 primurn
1066 2450 1129 2492 non
1164 2427 1378 2493 denominetur

265 2524 394 2626 potioni,
410 2539 464 2605 sed
472 2541 605 2624 passivo,
629 2561 683 2604 seu
704 2547 809 2623 parata
831 2539 871 2603 ad
893 2541 1072 2624 patiendum
1081 2567 1092 2619 3
1115 2563 1198 2624 ergo.
1243 2540 1378 2604 Additur

271 2673 340 2718 vero
366 2653 398 2715 in
425 2673 479 2716 sao
508 2673 569 2715 esse
597 2650 729 2715 aaaron
757 2651 923 2714 constituto
953 2650 992 2714 ad
1021 2651 1245 2716 excludendum
1274 2658 1376 2714 actum

271 2763 502 2831 constitutivum
524 2761 670 2847 potentiae
691 2762 827 2846 passivae,
850 2785 912 2848 quo
927 2761 1067 2828 videlicet
1090 2765 1154 2828 haec
1174 2764 1311 2848 potentia
1331 2772 1378 2827 est

272 2877 305 2940 in
327 2884 436 2939 natura
458 2896 570 2953 rerum,
593 2881 629 2938 ut
651 2873 838 2937 advertimus
860 2873 952 2938 etiam
975 2895 1069 2960 supra
1087 2899 1120 2939 n.
1140 2879 1182 2940 25
1204 2874 1323 2959 agendo
1341 2873 1379 2938 de

273 2987 400 3052 actione.

317 3100 418 3165 Dices.
441 3097 546 3162 Passio
560 3105 606 3161 est
621 3104 708 3164 actus
728 3098 881 3163 secundus
901 3101 1046 3184 potentiae
1063 3101 1205 3186 passiva,
1228 3122 1292 3164 non
1306 3121 1381 3184 ergo

274 3220 321 3276 est
334 3210 483 3275 transitus
497 3209 563 3295 ipse
577 3208 616 3273 de
630 3218 703 3274 actu
716 3209 815 3294 primo
830 3209 870 3275 ad
886 3211 1065 3277 secundnm.

318 3322 500 3407 Respondeo
522 3321 590 3386 drot.
612 3330 675 3386 ont.
720 3321 825 3386 Passio
848 3323 881 3386 in
903 3324 984 3388 iacto
1006 3346 1071 3388 esse
1092 3347 1118 3389 e.
1142 3333 1215 3404 ont,
1230 3324 1331 3410 passio
1348 3322 1382 3387 in

274 3434 339 3498 fieri
353 3457 383 3498 n.
404 3441 477 3511 ant,
499 3432 621 3517 proprie
642 3442 747 3497 autem
769 3433 935 3518 loquendo,
959 3435 1137 3521 simpliciter
1158 3446 1289 3521 negatur
1310 3457 1380 3520 pro·

275 3544 396 3631 positio.
441 3544 522 3608 Nam
538 3544 659 3629 proprie
679 3544 832 3629 loquendo
841 3549 913 3630 poti
927 3555 974 3611 est
988 3547 1121 3633 recipere
1140 3549 1300 3626 actionem,
1316 3571 1379 3613 non

275 3681 340 3725 esse
356 3655 546 3722 subactione
565 3664 705 3743 recepta:
728 3666 760 3721 et
775 3656 819 3721 sic
834 3658 958 3743 quando
973 3659 1042 3745 quis
1058 3659 1171 3739 scribit,
1187 3659 1291 3724 charta
1305 3670 1380 3725 tunc

274 3771 393 3858 patitur
406 3768 529 3854 quando
543 3768 650 3853 recipit
670 3769 870 3852 scripturam:
893 3769 975 3835 iacta
996 3779 1099 3836 autem
1122 3771 1295 3856 scriptione,
1318 3793 1381 3836 non

189 3888 192 3897 ’
276 3884 389 3950 dicitur
410 3881 541 3966 amplius
563 3879 679 3965 aliquid
700 3880 765 3965 pati
786 3903 805 3946 a
827 3882 943 3947 calamo
958 3883 1005 3948 vel
1024 3907 1042 3948 a
1062 3907 1167 3964 manu,
1183 3885 1229 3949 vel
1244 3885 1283 3948 ab
1303 3895 1383 3948 atra·

277 4005 390 4061 mento.
428 3993 532 4058 Passio
544 4015 613 4058 vero
628 4000 719 4077 prout
734 4001 781 4056 est
795 3993 829 4056 in
843 3993 924 4058 facto
939 4017 1015 4074 essa,
1028 3995 1176 4081 accipitur
1191 4005 1226 4060 ut
1241 3995 1382 4080 qualitas,

276 4117 307 4171 et
322 4108 365 4172 sic
380 4115 426 4171 est
440 4106 473 4169 in
488 4105 548 4169 alio
562 4104 810 4190 praedicamento.
1157 4175 1159 4180 ¹

320 4219 459 4282 Instatis.
482 4218 587 4282 Passio
601 4216 633 4280 in
649 4217 713 4280 lieri
732 4226 779 4281 est
802 4217 930 4302 quidam
954 4228 1065 4282 motus.
1111 4219 1172 4284 Sed
1193 4231 1296 4284 motus
1318 4243 1381 4284 non

277 4331 402 4415 ponitur
417 4329 449 4392 in
469 4329 711 4413 praedicamento,
733 4329 804 4413 quia
825 4352 943 4414 semper
964 4337 1010 4394 e'st
1025 4330 1056 4393 in
1072 4331 1146 4409 fieri,
1163 4340 1193 4396 et
1209 4355 1378 4416 numquam
