3200 4975
280 350 346 414 268
734 372 777 415 nr
795 372 942 417 uoursn.
1227 351 1315 437 [car.
1333 369 1390 417 111.

279 538 452 610 universali.
498 533 706 632 Consequitur
719 570 756 611 ex
771 547 872 611 dictis.
918 547 959 609 ut
974 536 1042 610 ideo
1059 546 1084 609 si
1100 545 1254 611 obiectum
1269 547 1302 611 in
1317 547 1392 612 uni-

281 655 387 721 versali
402 657 569 742 cogitatum
585 656 778 743 comparetur
789 647 832 722 'ad
854 657 1125 722 determinationes
1145 681 1274 743 quarum
1294 682 1392 744 capax

280 776 337 848 est,
363 778 451 833 tanto
476 771 606 834 extendit
635 792 666 834 se
683 770 890 854 potentialiter
914 769 952 833 ad
978 768 1083 853 plures
1108 768 1388 849 determinationes,

280 890 398 964 quanto
411 880 612 946 universalius
627 881 807 966 concipitur.

325 991 452 1070 Quane,
461 993 544 1078 quod
556 993 730 1079 philosophi
741 993 888 1059 vocabulo
899 994 1163 1077 comprehensionis
1174 1002 1390 1077 expresserunt

280 1112 380 1167 totum
396 1103 429 1167 id
443 1105 527 1189 quod
541 1115 612 1169 actu
625 1106 746 1170 exhibet
764 1106 832 1170 idea
852 1104 975 1183 obiecti,
992 1112 1023 1168 et
1043 1103 1191 1168 vocabulo
1211 1107 1391 1170 estensionis

279 1215 384 1279 omnia
397 1238 433 1280 ea
446 1215 485 1279 ad
500 1238 568 1301 quae
582 1217 704 1282 extendi
718 1225 819 1302 potest
834 1214 1009 1301 predicatio
1024 1214 1104 1279 iacta
1120 1214 1157 1279 de
1172 1214 1290 1279 obiecto
1304 1216 1389 1280 illius

279 1324 364 1390 idea.
412 1325 544 1403 Quidam
559 1350 638 1407 vero,
654 1351 690 1393 eo
699 1328 782 1413 quod
797 1326 933 1392 extensio
948 1326 1024 1390 idea
1039 1326 1220 1390 universalis
1237 1326 1389 1392 diceretur

279 1436 410 1515 infinita,
426 1437 502 1502 falso
517 1438 697 1519 intulerunt,
714 1438 950 1503 abstractionem
966 1437 1152 1523 praecisivam
1169 1460 1233 1502 non
1251 1440 1388 1503 sufficere

281 1548 320 1614 ad
341 1549 518 1613 formandas
540 1549 622 1613 ideas
645 1549 828 1614 universales
839 1575 849 1627 3
872 1549 945 1634 quia
968 1548 1168 1633 praescindere
1182 1572 1246 1612 non
1261 1558 1307 1614 est
1321 1572 1387 1613 am-

278 1660 373 1745 pliare
394 1668 576 1746 conceptum
596 1660 752 1741 realitatis,
768 1660 823 1724 sed
841 1660 940 1745 magis
963 1660 1155 1743 restringere,
1171 1670 1207 1725 ut
1222 1661 1313 1725 etiam
1328 1684 1386 1725 uos

280 1772 423 1838 diximus.
466 1772 510 1837 At
525 1772 558 1836 hi
568 1772 713 1836 vocabulo
727 1772 912 1837 extensionis
928 1772 1047 1857 decepti
1063 1780 1146 1852 sunt,
1156 1781 1187 1837 et
1202 1784 1385 1859 acceperunt

279 1906 336 1969 pro
358 1884 458 1969 aliqua
480 1884 616 1948 realitate
638 1884 671 1947 id
692 1884 775 1969 quod
797 1884 829 1947 in
854 1884 922 1948 idea
944 1883 1107 1948 universali
1128 1895 1173 1948 est
1189 1907 1243 1969 per
1258 1884 1383 1950 modum

280 2018 365 2081 purae
379 1995 622 2081 potentialitatis.
666 1995 813 2061 Extensio
828 1995 920 2076 enim,
933 2018 1026 2082 quam
1041 1996 1208 2060 tribuimus
1223 1997 1298 2061 ideae
1313 1998 1383 2065 uni·

279 2106 396 2186 versali,
412 2129 473 2172 non
489 2115 536 2171 est
554 2107 638 2171 aliud
658 2107 717 2171 nisi
739 2107 805 2171 eius
826 2107 1036 2193 potentialitas
1055 2106 1221 2192 recipiendi
1242 2107 1384 2174 determi-

280 2219 418 2283 nationes
432 2226 519 2282 tanto
535 2218 646 2303 plures,
662 2229 777 2303 quanto
792 2227 839 2282 est
854 2218 1052 2283 universalior
1067 2220 1144 2283 idea.
1176 2218 1287 2299 Quare,
1305 2220 1384 2283 sicut

280 2329 380 2394 dicere
395 2331 672 2413 comprehensionem
686 2339 733 2393 est
749 2330 848 2394 dicere
863 2328 895 2393 id
910 2330 993 2414 quod
1013 2329 1046 2392 in
1066 2352 1101 2394 ea
1121 2338 1192 2394 actu
1214 2330 1382 2408 exhibetur,

282 2443 325 2507 ita
340 2441 438 2507 dicere
453 2444 647 2507 ecteneionem
661 2442 736 2506 ideae
751 2450 798 2507 est
814 2442 912 2506 dicere
934 2442 999 2507 cius
1018 2441 1272 2527 potentialitatem
1293 2443 1332 2507 ad
1351 2442 1384 2507 id

281 2563 381 2620 totum
407 2554 490 2640 quod
504 2556 538 2619 in
552 2578 588 2619 ea
602 2564 674 2619 actu
689 2576 752 2618 uon
768 2555 952 2638 attingitur:
983 2553 1066 2618 uude
1080 2553 1224 2638 perfectio
1238 2555 1316 2619 ideae
1335 2563 1383 2619 est

280 2667 419 2732 absolute
441 2675 528 2731 tanto
548 2668 658 2745 minor,
674 2675 789 2750 quanto
808 2665 904 2728 maior
923 2673 970 2728 est
985 2665 1050 2728 eius
1067 2665 1201 2728 extensio
1216 2673 1247 2728 et
1262 2665 1382 2729 univer·

280 2780 400 2844 solitast
424 2789 455 2844 et
475 2780 507 2842 in
528 2787 649 2843 tantum
665 2778 748 2842 ideas
764 2776 948 2840 universales
965 2776 1219 2860 magnifacimus,
1235 2777 1268 2840 in
1284 2800 1381 2863 quan-

279 2903 347 2957 tum
367 2892 429 2958 illae
443 2891 665 2978 perminorem
686 2912 773 2954 suam
797 2887 1098 2974 comprehensionem
1122 2887 1267 2954 exhibent
1292 2888 1381 2954 nobis

279 3005 412 3069 rationes
433 3003 550 3089 aliquas
572 3000 780 3085 intelligibiles
797 3001 901 3064 miuus
923 2998 1103 3085 complexas,
1124 3001 1196 3084 quia
1217 3010 1380 3084 separatas,

278 3140 355 3202 quas
368 3115 480 3180 idcirco
495 3114 593 3198 magis
607 3112 704 3176 nitide
718 3112 944 3197 apprehendere
958 3133 1132 3195 possumus,
1144 3119 1176 3175 et
1187 3111 1219 3174 iu
1230 3121 1381 3198 quantum

280 3252 333 3314 per
347 3229 490 3292 maiorem
506 3249 592 3290 suam
607 3223 863 3310 potentialitatem
875 3224 1043 3308 comparari
1053 3233 1184 3309 possunt
1195 3233 1287 3310 atque
1298 3248 1380 3290 com-

279 3341 353 3427 poni
370 3363 441 3405 cum
461 3339 567 3403 miultis
586 3337 652 3402 aliis
671 3359 722 3401 eas
745 3334 946 3401 diversimode
971 3334 1247 3399 determinantibus
1258 3362 1268 3414 3
1298 3336 1381 3421 quod

277 3454 365 3520 valde
379 3452 454 3517 utile
469 3460 500 3516 et
515 3451 718 3515 necessarium
732 3458 778 3514 est
794 3449 834 3512 ad
848 3445 1007 3512 formanda
1022 3446 1135 3510 iudicia
1150 3446 1331 3512 universalia
1348 3457 1379 3512 et

278 3563 533 3630 ratiocinationes.
576 3561 660 3646 Ergo
674 3560 820 3645 perfectio
834 3559 939 3638 maior,
956 3580 1049 3642 quam
1064 3580 1120 3622 uos
1143 3558 1308 3644 aliquando
1325 3560 1379 3623 tri·

278 3677 403 3742 buimus
422 3675 498 3739 ideis
518 3672 739 3738 universalibus
761 3695 821 3736 non
843 3678 887 3735 est
912 3671 1046 3735 absoluto
1071 3679 1103 3735 et
1123 3671 1287 3736 intrinseca
1304 3672 1380 3736 ideis

277 3791 339 3856 illis
354 3787 521 3854 secuudum
537 3807 709 3870 remquam
729 3789 959 3868 repraesentant,
975 3781 1029 3845 sed
1049 3789 1093 3845 cst
1113 3790 1176 3845 toto
1197 3784 1322 3847 relativa
1341 3785 1383 3847 od

277 3903 330 3967 nos
340 3927 350 3980 ;
373 3920 430 3964 nec
455 3896 638 3984 predicatur
664 3895 701 3959 de
724 3893 785 3957 illis
809 3891 995 3977 simpliciter,
1020 3891 1074 3955 sed
1099 3890 1268 3955 secuudum
1294 3893 1379 3976 quid,

279 4015 393 4079 scilicet
408 4013 448 4077 ob
462 4011 607 4075 maiorem
623 4031 714 4073 usum
730 4030 821 4093 quem
836 4004 951 4071 habent
965 4004 998 4068 in
1019 4002 1246 4088 operationibus
1268 4004 1380 4090 quibus

278 4124 451 4191 intellectus
465 4123 631 4207 perficitur.

324 4236 441 4313 Quinto
456 4234 590 4312 tandem,
600 4232 683 4318 quod
698 4255 752 4318 per
768 4216 914 4316 praedicta
928 4228 1047 4292 videtur
1062 4227 1221 4312 adaequate
1233 4235 1263 4291 et
1278 4227 1382 4291 claris·

282 4353 357 4417 aime
372 4345 447 4412 solvi
462 4354 527 4409 tota
542 4345 672 4428 quaestio
688 4343 725 4407 de
740 4341 858 4426 origine
873 4339 1020 4418 idearum,
1038 4360 1100 4403 non
1116 4337 1218 4402 miuus
1234 4361 1324 4422 quam
1345 4338 1385 4403 de
