3200 4975
268 325 335 388 224
402 367 406 378 -
721 350 764 394 nu
781 351 928 394 uourua.
1234 329 1318 414 [esa.
1336 349 1374 394 11.

266 522 550 607 consequentiarum
566 523 835 608 comparationem,
847 546 902 607 per
918 545 986 607 quae
1000 522 1103 586 omnia
1114 523 1291 606 pervenitur
1305 530 1372 586 tan·

267 632 336 697 dem
346 633 385 698 ad
395 634 536 699 ultimam
545 634 679 718 aliquam
689 634 927 714 conclusionem,
940 658 993 699 seu
1006 635 1045 698 ad
1057 635 1193 697 iudicium
1197 636 1373 717 practicam,

265 744 349 828 quod
368 754 415 809 est
434 746 571 830 proxima
591 744 746 809 electionis
766 746 957 830 praeparatio.
1003 747 1099 809 Actus
1120 745 1242 809 volendi
1262 745 1373 809 cadens

265 857 298 920 in
319 856 471 922 obiectum
488 857 547 922 hoc
566 855 657 921 modo
678 856 850 922 discussum
876 856 989 922 dicitur
1008 857 1110 921 electio
1124 856 1172 920 vel
1186 857 1287 920 nolitia
1302 857 1373 920 deli-

267 968 407 1033 bactu&

310 1078 413 1159 llacto,
429 1101 492 1143 uuo
507 1101 544 1144 ex
557 1080 608 1145 his
621 1081 731 1160 modis,
746 1080 859 1145 iudicio
874 1079 1008 1165 practico
1024 1089 1213 1165 proponente
1227 1078 1303 1164 quid
1322 1079 1372 1143 hic

266 1197 297 1252 et
312 1211 395 1254 nune
409 1190 449 1254 sit
464 1190 581 1256 bonum
596 1192 743 1272 subiecto,
759 1193 858 1276 oritur
879 1192 982 1256 statim
1005 1200 1107 1256 motus
1128 1190 1294 1270 effectivus,
1310 1212 1372 1253 uon

267 1301 366 1365 solum
392 1303 490 1387 qualis
513 1303 611 1368 oritur
633 1328 670 1370 ex
695 1305 935 1390 apprehensione
959 1304 1088 1388 simplici
1104 1303 1284 1389 cuiusquam
1300 1301 1372 1366 boni

266 1412 448 1497 speculative
477 1415 668 1494 considerati,
693 1417 748 1482 sed
776 1424 864 1480 tanto
894 1415 1052 1495 intensior,
1073 1423 1189 1499 quanto
1219 1413 1370 1478 obiectum

267 1524 366 1607 magis
385 1524 540 1589 iudicatur
562 1549 730 1610 congruere
751 1549 822 1591 cum
840 1527 984 1612 praesenti
1002 1533 1084 1589 statu
1108 1525 1255 1603 subiecti;
1280 1525 1372 1588 habet

266 1637 348 1700 enim
360 1646 560 1720 augmentum
573 1639 760 1703 intensitatis
770 1662 808 1703 ex
819 1638 1047 1702 intensitatibus
1057 1637 1196 1702 omnium
1206 1638 1370 1701 affectuum

265 1770 335 1812 cum
354 1770 389 1812 eo
411 1749 662 1833 conspirantium.
707 1751 853 1834 Sequitur
875 1757 979 1814 autem
999 1749 1056 1814 hoc
1077 1749 1225 1813 iudicium
1241 1757 1272 1812 et
1288 1748 1370 1813 huuc

266 1868 385 1922 motum
400 1860 620 1944 complacentia
635 1861 774 1946 quaedam
783 1864 898 1946 partim
910 1862 1011 1940 libera,
1024 1861 1056 1924 in
1068 1870 1219 1946 quantum
1231 1861 1371 1925 voluntas

266 1969 360 2034 libere
390 1970 499 2035 direxit
528 1971 728 2057 operationes,
755 1994 810 2057 per
835 1995 912 2057 quas
937 1980 1063 2036 ventum
1089 1979 1136 2035 est
1161 1971 1199 2035 ad
1225 1971 1372 2035 iudicium

265 2081 444 2165 practicam,
453 2085 568 2165 partim
582 2084 736 2162 naturalis,
753 2083 786 2147 in
801 2093 950 2168 quantum
967 2083 1066 2146 omnis
1081 2090 1184 2146 motus
1199 2104 1371 2165 congruens

267 2215 337 2258 cum
362 2193 538 2278 passivitate
567 2195 705 2260 affectiva
733 2195 894 2260 constituit
918 2194 979 2260 vim
1009 2193 1140 2258 activam
1172 2202 1371 2278 spontaneam

265 2305 430 2369 voluntatis
445 2314 516 2370 actu
531 2306 760 2392 proportionato
775 2314 937 2370 actuatam.

311 2419 364 2482 67.
388 2417 449 2481 Sed
462 2418 538 2482 bene
549 2417 769 2482 advertendum
781 2425 837 2497 est,
852 2440 904 2502 per
914 2416 979 2480 haec
995 2416 1098 2480 omnia
1113 2414 1251 2478 nondum
1266 2414 1371 2478 haberi

267 2529 492 2594 nisimatcriclc
509 2532 657 2595 volitiones
677 2533 789 2594 libera:
814 2530 897 2615 quod
917 2530 966 2593 hic
988 2538 1126 2613 superest
1144 2528 1370 2607 declarandum,

267 2641 306 2706 ad
327 2642 552 2727 praeveniendas
567 2642 772 2721 difficultates,
787 2664 856 2727 quae
871 2643 949 2706 circa
963 2640 1135 2705 libertatem
1150 2640 1216 2704 fieri
1230 2648 1369 2725 possunt.

269 2752 302 2817 si
320 2754 532 2817 admitteretur
555 2753 705 2817 sententia
720 2753 909 2831 Bellarmini,
926 2753 980 2837 qui
1000 2752 1088 2837 pouit
1112 2752 1298 2815 voluntatem
1319 2752 1373 2815 de-

267 2864 423 2928 terminari
446 2888 464 2928 a
484 2864 597 2929 iudicio
616 2864 759 2949 practico,
780 2863 829 2929 vix
847 2863 1013 2927 salvaretur
1032 2862 1215 2927 sufficienter
1236 2862 1371 2941 libertas,

302 3017 317 3052 '¹‘
336 3015 401 3070 Tres
418 3016 465 3071 isti
483 3016 557 3070 modi
574 3016 742 3088 praeparandi
760 3022 852 3071 actum
864 3014 1010 3071 volitivum
1028 3013 1195 3069 conveniunt
1211 3032 1266 3067 non
1283 3014 1371 3068 solum

266 3102 378 3171 homini,
388 3103 436 3157 sed
448 3102 531 3157 etiam
542 3102 630 3157 brutis
640 3102 811 3172 animalibus,
823 3102 895 3156 intra
905 3100 1008 3155 limites
1019 3100 1157 3155 facultatis
1170 3100 1369 3172 cognoscitivae,

265 3206 319 3259 qua
330 3189 441 3261 pollent.
478 3188 539 3243 Etsi
551 3188 625 3242 enim
636 3188 717 3243 bmta
728 3193 864 3260 nequeant
882 3188 1031 3243 secundum
1049 3187 1161 3241 tertium
1179 3188 1291 3241 modum
1308 3205 1370 3261 pro·

265 3276 322 3348 prie
340 3276 459 3330 iudicare
477 3281 506 3329 et
523 3276 655 3330 deducere
671 3275 821 3329 formaliter
839 3273 1052 3347 consequentias,
1070 3272 1173 3329 habent
1196 3280 1286 3328 tamen
1305 3292 1373 3347 ope-

266 3363 383 3417 rationes
398 3363 526 3434 analogas
540 3362 674 3417 inferioris
686 3362 796 3431 ordinis,
810 3367 933 3434 utsupra
944 3362 1071 3416 vidimus.
1108 3362 1194 3416 Facto
1206 3368 1298 3417 autem
1312 3362 1371 3434 ipso

266 3448 454 3520 comprobatur
470 3448 532 3503 haec
552 3448 693 3503 brutorum
713 3466 777 3502 cum
799 3448 910 3505 homine
934 3448 1060 3520 aliqualis
1081 3448 1232 3503 similitudo
1251 3448 1281 3501 in
1300 3466 1370 3521 prae·

265 3535 383 3608 parando
401 3539 464 3589 actu
476 3535 607 3605 volitivo;
626 3552 697 3607 saepe
713 3534 787 3588 enim
804 3534 912 3604 animal,
926 3540 1071 3607 antequem
1083 3540 1154 3607 agat,
1167 3540 1277 3608 apparet
1288 3535 1370 3591 haesi·

266 3627 332 3690 tare,
344 3621 410 3692 quid
421 3622 577 3675 faciendum
589 3622 626 3677 sit
637 3621 759 3677 nondum
776 3622 843 3676 satis
855 3621 958 3691 videns,
972 3623 1123 3694 praesertim
1137 3623 1256 3677 instante
1267 3623 1332 3677 hinc
1344 3628 1372 3677 et

265 3708 329 3763 inde
346 3708 483 3781 periculo:
501 3713 595 3762 utrum
615 3708 701 3780 fugiat
718 3726 765 3780 per
776 3707 858 3777 viam,
872 3725 907 3762 an
924 3726 972 3780 per
989 3726 1092 3780 agrum,
1105 3715 1134 3763 et
1151 3727 1211 3781 quae
1227 3709 1263 3763 sit
1275 3710 1372 3764 melior

265 3794 360 3848 salutis
371 3793 455 3847 ratio:
475 3797 567 3847 utrum
579 3794 678 3848 debeat
689 3794 799 3865 aggredi
811 3794 935 3847 hostem:
960 3794 1033 3865 quod
1045 3794 1082 3849 sit
1094 3801 1263 3849 momentum
1273 3813 1371 3867 oppor-

265 3887 364 3936 tunum
381 3880 416 3934 ad
434 3880 664 3952 aggrediendum:
684 3880 745 3953 quis
762 3880 838 3936 locus
854 3880 941 3951 magis
958 3886 1035 3935 tutus
1053 3882 1088 3935 ad
1100 3882 1257 3936 latendum:
1277 3882 1372 3937 atalia

265 3969 362 4022 horum
374 3966 481 4021 similia
512 3967 579 4021 Post
591 3968 660 4022 tales
672 3972 764 4021 autem
776 3966 971 4036 haesitationes,
984 3973 1016 4021 ut
1028 3985 1076 4040 per
1084 3967 1273 4022 associationes
1284 3969 1371 4042 phan-

265 4060 413 4109 tasmatum
427 4053 534 4126 (iudicii
546 4072 578 4109 ac
589 4054 726 4109 ratiocinii
737 4054 828 4109 locum
840 4056 977 4123 tenentes)
986 4054 1164 4127 deprehendit
1176 4055 1242 4126 quid
1253 4056 1371 4127 practice

265 4137 363 4191 melius
385 4136 429 4205 sit,
454 4135 549 4191 statim
564 4138 680 4192 resrdtat
696 4142 787 4191 motus
805 4136 946 4191 effectivus
963 4138 1120 4208 praevalens,
1143 4143 1172 4191 et
1189 4138 1371 4193 determinans

231 4253 234 4259 ·
265 4228 357 4278 acmm
377 4221 564 4295 appetitivum,
585 4230 614 4278 et
633 4231 695 4296 post
714 4224 787 4279 hunc
809 4223 1014 4295 applicationis
1035 4224 1146 4279 motivae
1168 4225 1203 4279 ad
1222 4225 1371 4296 urgendum

265 4310 460 4365 executionem
