3200 4975
214 386 286 430 cnr.
302 364 357 450 rs]
527 388 569 430 ns
586 386 788 431 suerranum
803 388 1004 432 srrarrvnnr.
1277 369 1321 429 57

212 547 378 628 voluntate,
394 549 481 634 quasi
495 551 528 613 in
549 549 630 614 bono
655 560 784 617 naturae.
828 551 946 616 Verum
969 558 1025 629 eat,
1043 547 1127 634 quod
1140 547 1172 611 in
1188 556 1319 633 utroque

214 682 285 725 casu
300 661 358 725 hoc
377 659 494 725 honum
508 684 572 725 non
591 670 639 726 est
658 662 740 727 intra
762 664 862 749 ipsam
887 662 1051 727 essentiam
1065 658 1205 739 volentis,
1220 681 1317 744 quum

214 770 253 835 sit
279 770 396 855 aliquid
419 771 646 837 accidentaliter
670 774 914 859 apprehensum3
937 773 991 839 sed
1013 773 1072 837 hoc
1091 772 1159 836 ideo
1173 783 1230 851 est,
1246 771 1319 855 quia

213 883 333 967 agimus
348 882 554 964 devolitione,
570 893 700 969 quaeest
719 894 806 961 aetus
825 884 1037 951 accidentalis:
1060 890 1091 947 et
1106 882 1213 947 codem
1228 881 1319 946 modo
1436 878 1438 883 ’

214 994 379 1059 dicendum
390 1004 437 1059 est
450 995 542 1060 etiam
559 995 597 1059 de
611 996 851 1083 apprehensione
864 995 1047 1060 intellectus.
1078 996 1181 1079 Atque
1191 1016 1246 1078 per
1255 993 1320 1057 haec

212 1116 307 1192 patet,
325 1108 519 1176 intellectum
542 1116 572 1171 et
587 1108 774 1173 voluntatem
796 1130 860 1172 non
882 1107 994 1172 habere
1016 1106 1169 1171 diversum
1192 1104 1319 1170 modum

212 1219 358 1285 tendendi
373 1218 412 1284 ad
426 1220 548 1305 propria
562 1219 679 1285 obiecta
687 1248 696 1301 3
720 1229 751 1285 et
766 1220 809 1285 sic
823 1220 902 1285 nihil
921 1219 1081 1305 impedire,
1101 1218 1265 1303 quominus
1280 1216 1318 1280 ab

212 1331 340 1396 invicem
363 1331 593 1416 distinguantur
613 1333 703 1398 unice
726 1333 894 1397 secundum
917 1333 1067 1399 rationem
1089 1328 1266 1415 incomplati
1286 1334 1318 1391 et

215 1442 366 1528 completi.

256 1555 309 1617 43.
334 1553 490 1631 Quaeritur
503 1576 595 1635 nono,
610 1563 711 1619 atram
728 1555 891 1619 intellectae
902 1563 932 1620 et
945 1555 1080 1619 velantes
1098 1555 1318 1638 distinguantur

214 1665 400 1731 distinctione
414 1668 498 1731 reali.

256 1777 449 1863 Respondeo,
471 1778 621 1863 distingui
643 1778 839 1843 distinctione
861 1778 934 1843 reali
954 1777 1171 1865 metaphysica,
1187 1800 1242 1841 seu
1255 1777 1316 1841 for-

213 1888 295 1969 mali,
318 1911 382 1955 non
410 1900 513 1955 autem
544 1891 743 1956 distinetione
771 1890 845 1955 reali
873 1890 1009 1977 physica.
1055 1889 1137 1955 Nam
1159 1889 1241 1954 idem
1263 1911 1318 1953 ens

211 2000 372 2087 physicum
394 2011 424 2065 et
446 2003 570 2089 physice
593 2002 721 2087 simplex
742 2002 951 2068 consideratur
973 2001 1142 2066 secundum
1164 2001 1317 2086 duplicem

212 2112 425 2178 formalitatem
441 2114 652 2199 cognoscentis
668 2123 699 2178 et
711 2114 885 2199 diligentis:
908 2124 940 2177 et
950 2115 1008 2178 hoc
1018 2114 1130 2178 sufficit
1141 2113 1180 2177 ad
1192 2113 1319 2178 distinc-

212 2224 327 2289 tionem
353 2225 521 2304 formalem,
544 2236 580 2289 ut
601 2234 697 2311 patet.
743 2224 776 2289 Si
798 2234 902 2290 autem
931 2224 1106 2289 intellectus
1127 2232 1158 2287 et
1178 2224 1319 2289 voluntas

212 2349 425 2422 comparentur
439 2360 503 2401 non
516 2338 597 2402 inter
612 2361 654 2417 se,
676 2336 730 2403 sed
750 2360 821 2402 cum
843 2338 909 2422 ipsa
931 2336 1112 2416 substantia,
1132 2336 1220 2401 cuius
1235 2346 1319 2417 sunt,

210 2448 379 2516 virtualiter
393 2460 516 2517 tantum
531 2451 568 2516 ah
584 2474 619 2517 ea
630 2451 875 2537 distinguuntur,
886 2450 958 2537 quia
970 2450 1141 2516 substantia
1152 2449 1319 2536 spiritualis

212 2561 285 2627 dicit
315 2563 469 2648 quoddam
498 2587 563 2628 esse
592 2564 813 2628 intellectivam
841 2575 872 2628 et
894 2564 1053 2629 volitivum
1083 2562 1174 2627 simul
1184 2590 1195 2642 3
1226 2584 1318 2649 quare
1378 2643 1382 2652 Ι

211 2682 377 2758 utrumque
394 2674 599 2738 identificatur
613 2675 734 2740 realiter
748 2698 819 2739 cum
833 2675 901 2760 ipsa
916 2674 1105 2741 substantia:
1127 2674 1318 2758 inadaequate

212 2795 333 2864 tamen3
356 2784 428 2870 quia
450 2785 631 2863 substantia,
654 2794 690 2848 ut
712 2786 898 2852 intellectiva
925 2787 1059 2871 praecise,
1081 2786 1221 2850 nondum
1244 2785 1317 2849 dicit

211 2918 276 2960 esse
289 2896 454 2976 volitivam‚
470 2897 554 2982 quod
567 2906 671 2961 tamen
686 2906 732 2962 est
748 2897 785 2962 de
805 2897 922 2962 ratione
944 2898 1041 2982 ipsius
1063 2897 1252 2975 substantiae‚
1276 2909 1317 2975 et,

213 3018 247 3071 ut
269 3008 390 3074 volitiva
411 3009 543 3094 praecise,
563 3010 710 3094 supponit
732 3009 794 3073 iarn
816 3031 882 3072 esse
903 3009 1129 3074 intellectivam.
1174 3009 1317 3094 Denique

211 3120 381 3185 differentia
401 3120 694 3185 interintellectum
716 3129 746 3186 et
761 3121 950 3186 voluntatem
973 3144 1036 3185 non
1056 3130 1103 3186 est
1123 3121 1182 3185 uisi
1197 3121 1317 3186 realitas

210 3232 426 3318 metaphysica,
442 3231 610 3296 secundum
631 3255 723 3317 quam
740 3231 881 3297 voluntas
901 3232 1018 3296 excedit
1037 3232 1227 3296 intellectum
1236 3258 1246 3310 3
1270 3242 1317 3298 est

209 3351 313 3408 autem
321 3344 428 3408 ultima
439 3345 605 3408 terminatio
617 3366 672 3428 per
683 3365 775 3428 quam
787 3344 958 3428 completur
969 3343 1140 3408 substantia
1151 3343 1317 3428 spiritualis

209 3454 243 3519 in
259 3478 314 3520 suo
329 3478 403 3535 esse,
420 3463 450 3519 et
464 3455 500 3519 fit
515 3454 675 3539 suiipsius
690 3455 824 3520 domina.
870 3455 946 3520 Hac
967 3455 1049 3519 enim
1071 3453 1247 3520 terminatio
1261 3479 1317 3542 per

210 3575 392 3650 conceptum
408 3564 602 3649 superaddita
616 3565 785 3630 intellectui
800 3566 954 3651 praecisive
969 3566 1157 3631 considerato
1172 3566 1228 3631 sub
1240 3590 1317 3652 pura

208 3678 328 3754 ratione
342 3677 525 3758 intellectus,
540 3676 656 3762 prabet
675 3686 857 3762 conceptum
873 3676 1038 3742 voluntatis
1057 3686 1094 3741 ut
1109 3683 1200 3764 supr'a
1217 3679 1316 3743 docla-

210 3799 311 3855 ratum
328 3799 384 3854 est.

252 3903 306 3965 44.
331 3900 486 3977 Quoeritur
501 3899 629 3979 decimo,
645 3907 745 3963 utram
758 3898 895 3974 volantes
908 3902 949 3964 eit
956 3903 1095 3982 potentia
1109 3923 1196 3966 coeca.

253 4011 435 4096 Respondeo
449 4009 598 4095 negative.
644 4009 686 4072 Et
700 4031 750 4073 res
765 4008 803 4073 de
815 4031 847 4072 se
858 4009 981 4074 evidens
995 4019 1052 4090 est,
1068 4033 1163 4096 quum
1175 4009 1316 4076 voluntas

210 4145 274 4189 non
294 4123 414 4188 sitnisi
435 4131 522 4188 aetus
544 4120 756 4187 substantialis
778 4121 981 4187 intellectivus
1002 4122 1112 4186 ultimo
1133 4122 1315 4187 terminatus

210 4259 264 4320 per
296 4235 546 4319 complacentiam
577 4233 807 4298 substantialem
841 4233 879 4298 de
908 4257 964 4298 suo
985 4257 1059 4299 esse.
1105 4234 1202 4299 Actus
1232 4235 1313 4298 enim

210 4347 412 4413 intellectivus
428 4347 534 4431 nequit
546 4369 612 4411 esse
627 4367 739 4410 coecus.
784 4346 827 4409 Et
842 4356 985 4430 praterea
999 4346 1077 4411 nihil
1087 4346 1226 4425 volitum,
1238 4346 1314 4430 quin
