3200 4975
309 340 370 401 112
631 360 674 403 na
689 360 892 405 sunsrnvrrs
908 362 1112 406 srrarrcnnr.
1261 344 1346 429 [car.
1364 367 1417 409 111.

305 522 403 588 sentia
416 521 604 587 obiectorum
626 524 660 587 iu
679 524 839 590 intellectu
860 526 1028 591 secundum
1050 527 1192 612 speciem,
1209 536 1239 591 et
1255 527 1288 591 in
1303 529 1413 593 voluu-

304 644 367 700 tate
381 636 550 701 secuudum
566 636 718 702 affectum.
765 637 847 714 Quia
861 660 941 717 vero,
957 646 993 703 ut
1009 638 1151 718 diximus,
1171 639 1295 704 habitus
1311 642 1414 726 acqui-

304 747 357 811 siti
371 746 551 813 naturaliter
563 747 698 812 resident
713 748 745 813 in
762 750 906 833 potentiis
927 750 1064 834 passivis,
1086 751 1251 816 dicendum
1267 754 1414 837 estquod

304 858 397 923 etiam
412 858 536 922 habitus
556 858 651 923 infusi
671 858 705 923 in
727 860 873 944 potentiis
894 861 1019 945 passivis
1043 864 1251 947 recipiuntur:
1275 887 1344 950 quae
1365 889 1412 930 res

304 970 395 1034 ctiam
408 970 529 1054 aptiori
542 971 666 1035 evidens
674 979 731 1050 est,
744 993 840 1056 quum
857 972 988 1058 recipere
1000 974 1040 1037 sit
1049 976 1207 1059 proprium
1217 976 1411 1060 passivitatis.

347 1084 400 1145 85.
430 1081 591 1158 Quaeritur
611 1082 825 1162 decimoctavo,
847 1085 922 1149 ande
942 1086 1100 1169 dependeat
1120 1089 1275 1152 intensitae
1295 1096 1412 1153 actuum

303 1195 466 1259 intellectus
480 1202 510 1257 et
524 1194 683 1259 voluntatis
697 1198 729 1259 in
737 1218 816 1280 puro
830 1198 949 1279 spiritu.

345 1307 536 1392 Respondeo,
556 1316 660 1372 actum
679 1307 896 1372 accidentalem
917 1308 1110 1393 intelligendi
1130 1310 1177 1374 vel
1197 1310 1317 1375 volendi
1337 1335 1409 1377 con-

300 1418 407 1484 sistere
426 1418 460 1482 in
473 1418 532 1482 hoc
547 1418 630 1503 quod
644 1428 732 1482 actus
747 1418 958 1483 substantialis
973 1420 1179 1484 intellectivus
1194 1421 1240 1485 vel
1256 1422 1409 1502 volitivus,

300 1529 364 1620 qui,
381 1539 416 1593 ut
430 1529 561 1594 ulterius
575 1529 800 1593 accidentaliter
814 1530 1026 1610 terminabilis,
1051 1541 1098 1596 est
1121 1542 1208 1597 actus
1228 1536 1346 1618 primus
1361 1535 1408 1599 in-

300 1640 459 1726 telligendi
474 1640 521 1705 vel
536 1640 657 1705 volendi
671 1640 907 1719 accidentaliter,
930 1642 1114 1705 terminetur
1134 1642 1174 1707 ad
1194 1642 1346 1708 obiectum
1362 1646 1409 1709 vel

298 1752 384 1816 utin
408 1751 507 1838 specie
530 1750 709 1830 exhibitum,
730 1752 777 1815 vel
801 1761 836 1815 ut
860 1752 893 1817 in
913 1752 1033 1817 affectu.
1091 1753 1193 1830 Quare
1212 1764 1299 1820 actus
1320 1766 1407 1821 tanto

300 1886 419 1950 semper
433 1864 491 1927 erit
506 1863 667 1948 perfectior
680 1863 713 1926 in
724 1863 843 1927 ratione
860 1872 957 1943 actus,
967 1873 1086 1948 quanto
1101 1866 1199 1949 magis
1215 1867 1408 1932 terminativa

298 1975 357 2039 erit
371 1975 498 2039 materia
512 1974 655 2060 adquam
670 1960 904 2039 terminabitur(
942 1975 1031 2039 Patet
1046 1985 1160 2055 autem,
1171 1979 1327 2043 materiam
1340 1980 1406 2043 eius

298 2110 365 2152 esse
379 2095 466 2151 tanto
489 2086 587 2169 magis
607 2085 842 2164 terminativam,
859 2096 976 2171 quanto
996 2087 1158 2171 perfectior
1180 2098 1227 2153 est
1247 2090 1324 2153 ratio
1344 2089 1406 2153 for-

298 2198 396 2277 malis,
419 2198 477 2262 sub
499 2220 560 2282 qua
583 2197 748 2281 attingitur
758 2223 769 2276 3
792 2220 895 2282 quare,
916 2220 1013 2282 quum
1034 2199 1187 2263 obiectum
1210 2200 1337 2265 formale
1355 2223 1404 2265 co·

297 2310 446 2395 guitionis
455 2310 495 2375 sit
504 2310 619 2395 species
630 2309 750 2388 obiecti,
760 2320 791 2373 et
802 2310 955 2374 obiectum
968 2310 1096 2375 formale
1111 2311 1263 2376 volitionis
1278 2313 1405 2377 affectus

296 2424 330 2488 in
353 2422 527 2509 passivitate
550 2421 687 2486 affectiva
712 2422 889 2507 impressus,
913 2431 1030 2508 quanto
1053 2422 1181 2488 lucidior
1206 2424 1264 2488 erit
1290 2426 1404 2510 species

297 2545 383 2601 tauto
398 2534 559 2620 perfectior
573 2534 631 2598 erit
645 2544 732 2598 actus
747 2533 971 2614 intellectualis,
993 2534 1047 2619 qui
1065 2558 1119 2619 per
1134 2558 1200 2599 eam
1214 2537 1355 2618 habetur,
1372 2549 1403 2603 et

295 2658 412 2735 quanto
441 2646 578 2712 intimior
600 2668 635 2710 ac
659 2645 839 2730 profundior
868 2645 1027 2730 impressio
1050 2647 1197 2726 affectiva,
1221 2656 1309 2713 tanto
1333 2651 1401 2730 erit,

296 2759 412 2824 caeteris
442 2757 576 2842 paribus,
607 2758 755 2821 intensior
784 2766 871 2822 actus
901 2758 1072 2823 adhaesivus
1097 2758 1274 2824 voluntatis.
1319 2762 1402 2848 Ergo

297 2871 374 2935 ratio
388 2869 575 2934 intensitatis
589 2867 699 2932 horum
715 2877 840 2932 actuum
855 2870 991 2953 proxime
1005 2869 1170 2954 repetenda
1184 2879 1231 2935 est
1246 2871 1284 2935 ab
1300 2873 1400 2938 inten-

295 2983 385 3046 sitate
403 2989 544 3045 motuum
563 2981 597 3042 in
618 2980 765 3065 potentiis
786 2980 915 3065 passivis
937 2989 1138 3065 receptorum.
1183 2982 1275 3047 Addo
1297 2993 1399 3049 autem

288 3095 435 3179 procime,
457 3091 529 3177 quia
550 3091 584 3155 in
605 3091 724 3156 actibus
744 3091 918 3156 deliberatis
940 3091 1103 3156 intersitas
1122 3093 1299 3177 passionum
1317 3119 1401 3161 rece-

294 3217 417 3291 ptarum
432 3205 493 3268 iam
507 3203 621 3288 pendet
635 3202 673 3267 ab
696 3202 873 3268 intersitate
899 3213 1024 3268 actuum
1046 3205 1284 3289 praecedentium
1306 3207 1400 3272 libere

295 3319 475 3404 positorum.

340 3429 401 3492 Sed
424 3437 567 3513 praeterea
592 3425 755 3491 intensitas
779 3437 866 3491 actus
889 3427 1066 3492 intellectivi
1092 3437 1122 3492 ct
1145 3427 1259 3492 volitivi
1285 3429 1399 3513 pendet

293 3541 386 3606 etiam
401 3563 419 3603 a
433 3540 530 3624 gradu
545 3540 724 3604 attentionis
744 3540 887 3623 praestitae
908 3539 1043 3603 obiectis.
1090 3538 1194 3615 Quum
1210 3541 1292 3603 enim
1308 3539 1399 3604 intel·

292 3653 390 3718 lectus
405 3664 436 3716 et
451 3652 592 3716 voluntas
606 3673 670 3715 non
689 3652 816 3714 unicum
838 3650 971 3714 habeant
993 3650 1156 3730 obiectum,
1177 3650 1229 3714 sed
1251 3650 1349 3736 plura,
1365 3652 1398 3716 id

292 3776 339 3830 est
353 3773 506 3849 quotquot
520 3786 575 3848 per
595 3763 727 3847 speciem
748 3772 1015 3846 repraesentantur,
1031 3761 1079 3827 vel
1098 3762 1241 3826 affectum
1262 3772 1397 3843 movent,

292 3899 348 3940 nec
370 3875 467 3960 possit
489 3875 553 3939 fieri
576 3883 611 3938 ut
634 3873 777 3937 omnibus
800 3872 892 3941 simul
921 3873 1108 3952 attendatur,
1138 3873 1233 3936 libera
1254 3874 1395 3953 attentio,

292 4011 361 4074 quae
389 3988 438 4051 his
462 3987 510 4051 vel
539 3987 600 4050 illis
629 3985 815 4064 conceditur,
844 3985 937 4049 habet
966 3985 1065 4069 magis
1095 3996 1126 4048 et
1157 3986 1276 4050 minus:
1301 3986 1397 4050 maior

291 4100 421 4165 attentio
450 4108 554 4164 causat
584 4097 814 4182 profundiorem
843 4096 1039 4160 intuitionem
1068 4096 1221 4159 rationum
1250 4097 1396 4181 intelligi·

289 4213 408 4291 bilium,
434 4233 510 4295 quas
532 4233 595 4294 prae
617 4232 649 4274 se
671 4209 731 4272 fert
752 4207 917 4285 obiectum,
944 4217 974 4270 et
1000 4208 1118 4292 perficit
1144 4218 1247 4272 actum
1274 4209 1393 4273 intelle-

288 4327 421 4389 ctivum:
446 4333 477 4385 et
491 4321 572 4384 idem
588 4320 750 4384 dicendum
773 4320 811 4382 de
834 4319 1002 4383 rationibus
1026 4319 1081 4382 sub
1105 4319 1217 4404 quibus
1240 4320 1394 4396 obiectum
