3200 4975
212 375 283 419 oar.
300 356 354 439 ιι]
526 376 568 419 ns
585 376 791 421 sunsrsurm
809 378 1009 421 sermenem.
1271 363 1313 425 63

255 540 359 624 Atque
378 538 428 602 hie
444 540 544 603 notari
567 549 676 625 potest,
691 540 776 625 quod
791 542 837 605 vis
854 542 1057 607 illuminativa
1073 543 1248 609 immediate
1261 568 1312 611 es-

212 651 298 715 hibet
320 650 444 736 aliquod
458 660 494 715 ut
509 651 711 736 intelligibile,
726 654 814 718 cuius
834 654 966 738 speciem
979 654 1129 739 imprimit
1143 656 1313 722 intellectui

212 762 354 827 alterius:
378 772 484 826 contra
498 761 544 827 vis
560 762 704 828 allicitiva
724 786 788 828 non
808 763 928 829 exhibet
951 764 1125 830 immediate
1146 766 1262 851 aliquid
1276 776 1313 832 ut

213 876 342 940 amabile
369 875 530 954 voluntati,
560 877 728 961 presertim
757 876 869 941 libera„
925 876 1032 954 Quum
1060 878 1143 942 enim
1172 880 1313 945 voluntas

212 996 343 1073 nequeat
357 988 487 1051 exerceri
500 988 559 1051 nisi
574 987 652 1051 cirea
665 987 820 1053 obiectum
834 987 995 1073 cognitum
1004 997 1041 1053 ut
1053 989 1111 1053 sibi
1120 991 1316 1070 conveniens,¹

212 1101 346 1165 ostensio
367 1108 470 1163 antem
493 1099 575 1177 boni,
591 1122 659 1184 quae
676 1100 712 1163 fit
731 1124 785 1184 per
799 1100 861 1165 vim
875 1100 1110 1166 illuminativam
1124 1103 1165 1166 sit
1179 1103 1313 1177 ostensio

214 1212 285 1277 boni
299 1222 336 1277 ut
351 1220 398 1276 est
412 1212 445 1275 in
461 1235 494 1275 se
513 1212 660 1291 absolute,
676 1234 740 1276 non
760 1223 797 1277 ut
816 1214 946 1278 refertur
960 1214 999 1277 ad
1014 1213 1186 1278 subiectum
1199 1215 1313 1279 illumi·

211 1326 277 1389 nati
300 1335 336 1389 ut
355 1324 405 1389 hic
426 1336 457 1388 et
479 1346 563 1389 nunc
585 1324 734 1409 dispositi,
755 1335 842 1390 aetus
863 1326 1049 1410 percipiendi
1070 1326 1252 1391 terminatus
1273 1328 1314 1393 ad

212 1437 365 1501 obiectum
378 1436 412 1499 in
427 1436 526 1520 specie
541 1459 683 1520 praesens,
700 1437 757 1501 erit
772 1437 810 1501 de
824 1460 857 1501 se
871 1439 1024 1522 perceptio
1038 1438 1112 1503 boni
1130 1440 1313 1523 speculative

212 1547 403 1627 considerati,
431 1548 571 1613 nondum
596 1549 654 1612 erit
684 1548 838 1634 perceptio
866 1549 910 1613 rei
933 1549 984 1613 hie
1007 1556 1040 1613 et
1068 1572 1152 1615 nunc
1180 1552 1313 1635 practice

212 1660 349 1724 amandae
377 1667 408 1724 et
431 1659 577 1725 volendae.
623 1660 705 1724 Nam
729 1660 850 1725 adhoc
872 1661 1018 1726 ultimum
1041 1662 1206 1746 requiritur
1229 1686 1312 1728 eom·

213 1773 330 1857 paratio
354 1774 434 1837 inter
453 1773 570 1837 bonum
588 1772 812 1857 apprehensum
829 1780 861 1835 et
880 1782 996 1837 statum
1013 1773 1184 1839 affectivum
1204 1799 1313 1861 appre-

213 1885 386 1965 hendentis,
400 1894 432 1949 et
453 1883 600 1948 iudicium
618 1884 786 1969 practieum
806 1883 843 1947 de
863 1884 1036 1969 aptitudine
1051 1886 1161 1951 obiecti
1181 1887 1221 1951 ad
1241 1888 1314 1952 sub-

213 1998 325 2061 iectum
348 1996 584 2080 perficiendum:
614 1994 943 2080 requiritur-videlicet,
958 2006 995 2060 ut
1013 1996 1145 2061 intuitus
1167 1997 1313 2064 bonitatis

213 2109 362 2175 absolutae
381 2108 490 2173 obiecti
513 2108 593 2193 (quae
613 2108 813 2173 confunditur
832 2130 903 2172 cum
923 2110 990 2173 eius
1010 2109 1166 2194 realitate)¹
1184 2112 1239 2174 fiat
1264 2112 1315 2176 in-

212 2222 311 2285 tuitus
329 2220 475 2285 bonitatis
495 2219 627 2284 relativae
647 2219 705 2283 sub
727 2220 969 2285 consideratione
992 2222 1126 2307 practica
1144 2224 1314 2298 secundum

213 2343 327 2399 statum
348 2334 498 2398 intuentis
523 2334 556 2397 in
579 2333 629 2397 hie
655 2341 686 2397 et
709 2356 803 2399 nunc.
848 2331 930 2409 Quia
949 2356 1022 2418 ergo
1042 2357 1105 2399 non
1125 2335 1257 2420 pertinet
1275 2337 1315 2401 ad

212 2447 448 2520 illuminantem,
464 2445 518 2510 sed
539 2444 579 2510 ed
600 2446 818 2524 illuminatum,
834 2445 996 2531 procedere
1012 2446 1052 2512 ad
1071 2447 1127 2512 has
1141 2448 1314 2514 considera-

212 2561 312 2624 tiones
335 2558 493 2644 practicas,
514 2559 652 2643 sequitur
671 2581 736 2622 esse
755 2558 788 2622 in
811 2566 963 2642 potestate
981 2558 1148 2622 illuminati
1165 2560 1265 2625 facere
1283 2585 1315 2626 se

212 2672 326 2736 moveri
340 2671 438 2754 magis
453 2670 500 2734 vel
515 2671 626 2748 minus,
643 2671 811 2748 efficaciter,
827 2670 873 2734 vel
888 2692 962 2748 non,
978 2670 1017 2734 ad
1031 2671 1204 2735 volendum.
1241 2673 1315 2738 Non

213 2791 259 2847 est
273 2806 346 2868 ergo
361 2783 406 2848 ris
421 2783 563 2848 allicitive
577 2782 670 2847 unius
686 2782 813 2867 spiritus
828 2805 900 2866 erga
915 2783 1009 2846 alium
1023 2785 1162 2868 potentia
1182 2785 1316 2869 perfecta

211 2896 246 2958 in
268 2897 366 2979 speeie
387 2895 545 2974 allicitivae,
569 2895 624 2958 sed
646 2903 766 2958 tantum
788 2894 941 2973 inchoata,
964 2919 1061 2980 quum
1082 2895 1219 2979 indigeat
1241 2917 1313 2960 con·

213 3029 306 3070 cursu
326 3007 468 3071 alterius:
492 3006 590 3092 posito
611 3014 715 3069 tamen
735 3005 860 3069 alterius
881 3028 1041 3083 concursu,
1062 3007 1183 3071 bonitas
1203 3008 1313 3073 obiecti

213 3120 420 3203 repraesentati
434 3141 503 3182 vere
518 3126 619 3182 movet
633 3127 664 3182 et
679 3117 783 3182 allicit.

256 3233 308 3296 49.
334 3231 366 3295 S.
381 3231 516 3296 Thomas
532 3230 569 3294 de
584 3230 641 3293 hao
656 3229 685 3294 vi
700 3229 852 3294 alliciendi
866 3229 1003 3315 loquitur
1016 3254 1048 3316 p.
1063 3235 1092 3295 l.
1108 3255 1140 3317 q.
1153 3233 1227 3296 106.
1243 3255 1270 3297 a.
1280 3236 1311 3313 2,

211 3342 266 3407 ubi
294 3343 402 3427 quaerit
431 3351 536 3406 utrum
565 3365 647 3406 unus
676 3342 805 3426 angelus
840 3344 938 3427 possit
974 3366 1094 3408 movere
1124 3344 1312 3409 voluntatem
1393 3334 1395 3337 ’

213 3454 347 3518 alterius.
393 3454 570 3538 Respondet
585 3462 688 3518 autem
703 3454 766 3518 sic:
794 3455 938 3519 Voluntas
952 3457 1124 3520 immutatur
1138 3457 1312 3541 dupliciter:

212 3589 268 3630 uno
283 3567 366 3630 mode
381 3589 418 3629 ee
425 3575 516 3650 parte
530 3568 642 3645 abiecti,
658 3567 717 3630 alio
732 3567 816 3632 moda
831 3588 869 3631 ea
877 3576 968 3651 parte
981 3570 1073 3652 ipsius
1080 3572 1230 3653 potentie.
1258 3571 1312 3634 Ee

206 3687 296 3762 parte
311 3679 425 3762 quidem
447 3679 551 3742 obiecti
574 3685 667 3741 maaet
680 3679 858 3743 uoluntatem
878 3687 908 3742 et
929 3682 1024 3763 ipsum
1046 3680 1160 3760 bouum,
1173 3683 1253 3765 quod
1268 3691 1312 3746 est

211 3791 372 3854 voluntatis
385 3791 535 3868 obiectum,
547 3791 623 3853 sieut
638 3791 794 3872 appetibile
808 3799 901 3854 maaet
916 3793 1087 3873 appetitum,
1097 3801 1127 3856 et
1140 3793 1190 3856 ille
1200 3795 1252 3877 qui
1262 3795 1311 3857 de·

211 3909 356 3966 monstrat
366 3903 517 3982 obiectum,
526 3911 605 3986 putu
621 3905 673 3986 qui
686 3903 867 3966 demonstrat
880 3904 996 3986 aliquid
1007 3906 1195 3970 essebonum.
1242 3908 1311 3986 Sed,

210 4017 287 4079 sicut
308 4037 399 4098 supra
421 4016 532 4079 dictum
556 4023 610 4094 est,
634 4015 695 4080 alia
725 4017 840 4099 quidese
869 4017 945 4081 bana
973 4018 1143 4102 aliqualiter
1168 4020 1312 4084 inclinant

210 4128 396 4206 uelumatem,
420 4129 473 4191 sed
498 4127 575 4190 nibil
600 4136 694 4191 mouet
716 4130 892 4210 sufficienter
917 4129 1107 4208 uoluntatem,
1125 4132 1184 4194 aiei
1206 4131 1311 4196 bouum

210 4239 380 4318 uniuersale,
391 4240 471 4322 quad
483 4247 526 4303 est
539 4240 645 4302 Deras:
670 4248 699 4303 et
713 4241 767 4304 laec
781 4240 885 4304 bouum
899 4243 978 4305 solua
991 4244 1052 4325 ipse
1067 4243 1200 4320 ostendit,
1212 4253 1246 4306 ut
1254 4267 1312 4327 per

211 4352 366 4415 essentium
388 4351 502 4415 uidetur
525 4374 544 4415 a
568 4351 661 4415 beatis
663 4399 772 4416 .....
784 4356 796 4416 ’.
814 4353 948 4437 Aupelus
970 4375 1038 4437 erpa
1061 4377 1118 4417 aaa
1138 4357 1313 4437 sufficienter
