<?xml version="1.0" encoding="UTF-8"?>
<!DOCTYPE html PUBLIC "-//W3C//DTD XHTML 1.0 Transitional//EN"
    "http://www.w3.org/TR/xhtml1/DTD/xhtml1-transitional.dtd">
<html xmlns="http://www.w3.org/1999/xhtml" xml:lang="en" lang="en">
 <head>
  <title>
</title>
<meta http-equiv="Content-Type" content="text/html;charset=utf-8" />
  <meta name='ocr-system' content='tesseract 3.04.00' />
  <meta name='ocr-capabilities' content='ocr_page ocr_carea ocr_par ocr_line ocrx_word'/>
</head>
<body>
  <div class='ocr_page' id='page_1' title='image "./realisphilosoph02baymgoog_0347.png"; bbox 0 0 3200 4975; ppageno 0'>
   <div class='ocr_carea' id='block_1_1' title="bbox 205 365 912 449">
    <p class='ocr_par' dir='ltr' id='par_1_1' title="bbox 205 365 912 449">
     <span class='ocr_line' id='line_1_1' title="bbox 205 365 912 449; baseline 0.001 -23"><span class='ocrx_word' id='word_1_1' title='bbox 205 384 276 426; x_wconf 78' lang='lat' dir='ltr'><strong>car.</strong></span> <span class='ocrx_word' id='word_1_2' title='bbox 295 365 349 449; x_wconf 71' lang='lat' dir='ltr'><strong>ru]</strong></span> <span class='ocrx_word' id='word_1_3' title='bbox 600 384 642 429; x_wconf 85' lang='lat' dir='ltr'><strong>nn</strong></span> <span class='ocrx_word' id='word_1_4' title='bbox 658 384 912 428; x_wconf 79' lang='lat' dir='ltr'><strong>scc1nnur1nus.</strong></span> 
     </span>
    </p>
   </div>
   <div class='ocr_carea' id='block_1_2' title="bbox 583 702 933 748">
    <p class='ocr_par' dir='ltr' id='par_1_2' title="bbox 583 702 933 748">
     <span class='ocr_line' id='line_1_2' title="bbox 583 702 933 748; baseline 0.006 -2"><span class='ocrx_word' id='word_1_5' title='bbox 583 702 768 747; x_wconf 71' lang='lat' dir='ltr'><strong>Alimentus</strong></span> <span class='ocrx_word' id='word_1_6' title='bbox 783 704 933 748; x_wconf 74' lang='lat' dir='ltr'><strong>nannum.</strong></span> 
     </span>
    </p>
   </div>
   <div class='ocr_carea' id='block_1_3' title="bbox 612 848 908 933">
    <p class='ocr_par' dir='ltr' id='par_1_3' title="bbox 612 848 908 933">
     <span class='ocr_line' id='line_1_3' title="bbox 612 848 908 933; baseline 0 -22"><span class='ocrx_word' id='word_1_7' title='bbox 612 848 908 933; x_wconf 59' lang='lat' dir='ltr'><strong>neptunum</strong></span> 
     </span>
    </p>
   </div>
   <div class='ocr_carea' id='block_1_4' title="bbox 208 993 1324 4430">
    <p class='ocr_par' dir='ltr' id='par_1_4' title="bbox 209 993 1313 1750">
     <span class='ocr_line' id='line_1_4' title="bbox 253 993 1311 1079; baseline -0.005 -18"><span class='ocrx_word' id='word_1_8' title='bbox 253 1000 305 1061; x_wconf 82' lang='grc'><strong>40.</strong></span> <span class='ocrx_word' id='word_1_9' title='bbox 330 996 379 1060; x_wconf 86' lang='lat' dir='ltr'><strong>De</strong></span> <span class='ocrx_word' id='word_1_10' title='bbox 394 995 514 1060; x_wconf 91' lang='lat' dir='ltr'><strong>duobus</strong></span> <span class='ocrx_word' id='word_1_11' title='bbox 525 995 574 1059; x_wconf 91' lang='lat' dir='ltr'><strong>his</strong></span> <span class='ocrx_word' id='word_1_12' title='bbox 589 1003 652 1060; x_wconf 88' lang='lat' dir='ltr'><strong>tam</strong></span> <span class='ocrx_word' id='word_1_13' title='bbox 668 995 787 1079; x_wconf 83' lang='lat' dir='ltr'><strong>copiose</strong></span> <span class='ocrx_word' id='word_1_14' title='bbox 797 1003 829 1059; x_wconf 92' lang='lat' dir='ltr'><strong>et</strong></span> <span class='ocrx_word' id='word_1_15' title='bbox 844 1002 982 1060; x_wconf 88' lang='lat' dir='ltr'><strong>accurate</strong></span> <span class='ocrx_word' id='word_1_16' title='bbox 997 994 1117 1078; x_wconf 84' lang='lat' dir='ltr'><strong>agimus</strong></span> <span class='ocrx_word' id='word_1_17' title='bbox 1131 993 1165 1057; x_wconf 90' lang='lat' dir='ltr'><strong>in</strong></span> <span class='ocrx_word' id='word_1_18' title='bbox 1180 1002 1311 1057; x_wconf 90' lang='lat' dir='ltr'><strong>tractatu</strong></span> 
     </span>
     <span class='ocr_line' id='line_1_5' title="bbox 211 1105 1312 1191; baseline -0.002 -20"><span class='ocrx_word' id='word_1_19' title='bbox 211 1108 248 1171; x_wconf 93' lang='lat' dir='ltr'><strong>de</strong></span> <span class='ocrx_word' id='word_1_20' title='bbox 262 1107 362 1171; x_wconf 89' lang='lat' dir='ltr'><strong>tribus</strong></span> <span class='ocrx_word' id='word_1_21' title='bbox 381 1106 545 1185; x_wconf 90' lang='lat' dir='ltr'><strong>continuis,</strong></span> <span class='ocrx_word' id='word_1_22' title='bbox 561 1115 597 1170; x_wconf 91' lang='lat' dir='ltr'><strong>ut</strong></span> <span class='ocrx_word' id='word_1_23' title='bbox 612 1106 660 1170; x_wconf 85' lang='lat' dir='ltr'><strong>vix</strong></span> <span class='ocrx_word' id='word_1_24' title='bbox 680 1106 812 1191; x_wconf 81' lang='lat' dir='ltr'><strong>supersit</strong></span> <span class='ocrx_word' id='word_1_25' title='bbox 835 1106 1002 1191; x_wconf 83' lang='lat' dir='ltr'>quidquam</span> <span class='ocrx_word' id='word_1_26' title='bbox 1023 1105 1232 1170; x_wconf 87' lang='lat' dir='ltr'><strong>adnotandum</strong></span> <span class='ocrx_word' id='word_1_27' title='bbox 1254 1105 1312 1169; x_wconf 93' lang='lat' dir='ltr'><strong>hoc</strong></span> 
     </span>
     <span class='ocr_line' id='line_1_6' title="bbox 209 1217 1311 1296; baseline -0.002 -15"><span class='ocrx_word' id='word_1_28' title='bbox 209 1219 285 1283; x_wconf 90' lang='lat' dir='ltr'><strong>loco.</strong></span> <span class='ocrx_word' id='word_1_29' title='bbox 331 1218 412 1295; x_wconf 79' lang='lat' dir='ltr'><strong>Quia</strong></span> <span class='ocrx_word' id='word_1_30' title='bbox 426 1227 530 1282; x_wconf 89' lang='lat' dir='ltr'><strong>tamen</strong></span> <span class='ocrx_word' id='word_1_31' title='bbox 546 1218 589 1281; x_wconf 94' lang='lat' dir='ltr'><strong>ibi</strong></span> <span class='ocrx_word' id='word_1_32' title='bbox 603 1218 859 1282; x_wconf 84' lang='lat' dir='ltr'><strong>consideravimus</strong></span> <span class='ocrx_word' id='word_1_33' title='bbox 873 1218 938 1282; x_wconf 86' lang='lat' dir='ltr'><strong>haec</strong></span> <span class='ocrx_word' id='word_1_34' title='bbox 953 1218 1015 1281; x_wconf 90' lang='lat' dir='ltr'><strong>duo</strong></span> <span class='ocrx_word' id='word_1_35' title='bbox 1030 1217 1188 1296; x_wconf 87' lang='lat' dir='ltr'><strong>abstracte,</strong></span> <span class='ocrx_word' id='word_1_36' title='bbox 1204 1226 1235 1281; x_wconf 90' lang='lat' dir='ltr'><strong>et</strong></span> <span class='ocrx_word' id='word_1_37' title='bbox 1250 1238 1311 1281; x_wconf 88' lang='lat' dir='ltr'><strong>non</strong></span> 
     </span>
     <span class='ocr_line' id='line_1_7' title="bbox 210 1327 1313 1414; baseline -0.002 -21"><span class='ocrx_word' id='word_1_38' title='bbox 210 1331 244 1393; x_wconf 89' lang='lat' dir='ltr'><strong>in</strong></span> <span class='ocrx_word' id='word_1_39' title='bbox 263 1329 369 1393; x_wconf 88' lang='lat' dir='ltr'><strong>ordine</strong></span> <span class='ocrx_word' id='word_1_40' title='bbox 389 1329 429 1393; x_wconf 88' lang='lat' dir='ltr'><strong>ed</strong></span> <span class='ocrx_word' id='word_1_41' title='bbox 451 1328 596 1407; x_wconf 86' lang='lat' dir='ltr'><strong>subiecta,</strong></span> <span class='ocrx_word' id='word_1_42' title='bbox 612 1327 650 1392; x_wconf 92' lang='lat' dir='ltr'><strong>de</strong></span> <span class='ocrx_word' id='word_1_43' title='bbox 670 1328 782 1413; x_wconf 93' lang='lat' dir='ltr'><strong>quibus</strong></span> <span class='ocrx_word' id='word_1_44' title='bbox 805 1328 1018 1413; x_wconf 86' lang='lat' dir='ltr'><strong>praedicantur,</strong></span> <span class='ocrx_word' id='word_1_45' title='bbox 1034 1338 1065 1393; x_wconf 88' lang='lat' dir='ltr'><strong>et</strong></span> <span class='ocrx_word' id='word_1_46' title='bbox 1085 1329 1156 1414; x_wconf 90' lang='lat' dir='ltr'><strong>quia</strong></span> <span class='ocrx_word' id='word_1_47' title='bbox 1176 1337 1313 1393; x_wconf 83' lang='lat' dir='ltr'><strong>auctores</strong></span> 
     </span>
     <span class='ocr_line' id='line_1_8' title="bbox 211 1440 1313 1527; baseline -0.004 -20"><span class='ocrx_word' id='word_1_48' title='bbox 211 1452 279 1507; x_wconf 89' lang='lat' dir='ltr'><strong>tum</strong></span> <span class='ocrx_word' id='word_1_49' title='bbox 302 1442 422 1527; x_wconf 77' lang='lat' dir='ltr'><strong>antiqui</strong></span> <span class='ocrx_word' id='word_1_50' title='bbox 436 1451 505 1505; x_wconf 88' lang='lat' dir='ltr'><strong>tum</strong></span> <span class='ocrx_word' id='word_1_51' title='bbox 524 1441 716 1519; x_wconf 85' lang='lat' dir='ltr'><strong>recentiores,</strong></span> <span class='ocrx_word' id='word_1_52' title='bbox 731 1440 771 1504; x_wconf 93' lang='lat' dir='ltr'><strong>ob</strong></span> <span class='ocrx_word' id='word_1_53' title='bbox 788 1441 954 1504; x_wconf 91' lang='lat' dir='ltr'><strong>contrarias</strong></span> <span class='ocrx_word' id='word_1_54' title='bbox 974 1441 1056 1504; x_wconf 88' lang='lat' dir='ltr'><strong>ideas</strong></span> <span class='ocrx_word' id='word_1_55' title='bbox 1075 1441 1112 1504; x_wconf 95' lang='lat' dir='ltr'><strong>de</strong></span> <span class='ocrx_word' id='word_1_56' title='bbox 1135 1440 1313 1504; x_wconf 87' lang='lat' dir='ltr'><strong>substantiae</strong></span> 
     </span>
     <span class='ocr_line' id='line_1_9' title="bbox 213 1551 1312 1638; baseline -0.002 -21"><span class='ocrx_word' id='word_1_57' title='bbox 213 1553 376 1618; x_wconf 89' lang='lat' dir='ltr'><strong>materialis</strong></span> <span class='ocrx_word' id='word_1_58' title='bbox 401 1552 612 1631; x_wconf 86' lang='lat' dir='ltr'><strong>continuitate,</strong></span> <span class='ocrx_word' id='word_1_59' title='bbox 632 1564 663 1615; x_wconf 95' lang='lat' dir='ltr'><strong>et</strong></span> <span class='ocrx_word' id='word_1_60' title='bbox 687 1551 725 1615; x_wconf 89' lang='lat' dir='ltr'><strong>dc</strong></span> <span class='ocrx_word' id='word_1_61' title='bbox 747 1552 856 1636; x_wconf 87' lang='lat' dir='ltr'><strong>spatio,</strong></span> <span class='ocrx_word' id='word_1_62' title='bbox 872 1552 1010 1638; x_wconf 85' lang='lat' dir='ltr'><strong>quaedam</strong></span> <span class='ocrx_word' id='word_1_63' title='bbox 1036 1574 1099 1615; x_wconf 89' lang='lat' dir='ltr'><strong>non</strong></span> <span class='ocrx_word' id='word_1_64' title='bbox 1121 1561 1156 1615; x_wconf 90' lang='lat' dir='ltr'><strong>ut</strong></span> <span class='ocrx_word' id='word_1_65' title='bbox 1178 1574 1234 1616; x_wconf 91' lang='lat' dir='ltr'><strong>nos</strong></span> <span class='ocrx_word' id='word_1_66' title='bbox 1261 1551 1312 1615; x_wconf 90' lang='lat' dir='ltr'><strong>de·</strong></span> 
     </span>
     <span class='ocr_line' id='line_1_10' title="bbox 212 1662 1151 1750; baseline -0.004 -20"><span class='ocrx_word' id='word_1_67' title='bbox 212 1666 334 1745; x_wconf 87' lang='lat' dir='ltr'><strong>finiunt,</strong></span> <span class='ocrx_word' id='word_1_68' title='bbox 350 1689 446 1750; x_wconf 88' lang='lat' dir='ltr'><strong>pauca</strong></span> <span class='ocrx_word' id='word_1_69' title='bbox 459 1664 510 1728; x_wconf 95' lang='lat' dir='ltr'><strong>hic</strong></span> <span class='ocrx_word' id='word_1_70' title='bbox 524 1664 672 1729; x_wconf 85' lang='lat' dir='ltr'><strong>addemus</strong></span> <span class='ocrx_word' id='word_1_71' title='bbox 686 1663 809 1728; x_wconf 89' lang='lat' dir='ltr'><strong>maioris</strong></span> <span class='ocrx_word' id='word_1_72' title='bbox 825 1662 1036 1728; x_wconf 88' lang='lat' dir='ltr'><strong>declarationis</strong></span> <span class='ocrx_word' id='word_1_73' title='bbox 1051 1686 1151 1728; x_wconf 90' lang='lat' dir='ltr'><strong>causa.</strong></span> 
     </span>
    </p>

    <p class='ocr_par' dir='ltr' id='par_1_5' title="bbox 208 1772 1324 4430">
     <span class='ocr_line' id='line_1_11' title="bbox 258 1772 1313 1861; baseline -0.004 -20"><span class='ocrx_word' id='word_1_74' title='bbox 258 1778 368 1841; x_wconf 83' lang='lat' dir='ltr'><strong>Suaren</strong></span> <span class='ocrx_word' id='word_1_75' title='bbox 393 1777 545 1861; x_wconf 87' lang='lat' dir='ltr'><strong>(Metaph.</strong></span> <span class='ocrx_word' id='word_1_76' title='bbox 562 1775 640 1859; x_wconf 88' lang='lat' dir='ltr'><strong>disp.</strong></span> <span class='ocrx_word' id='word_1_77' title='bbox 657 1774 679 1839; x_wconf 92' lang='lat' dir='ltr'><strong>l.</strong></span> <span class='ocrx_word' id='word_1_78' title='bbox 694 1785 766 1838; x_wconf 91' lang='lat' dir='ltr'><strong>sect.</strong></span> <span class='ocrx_word' id='word_1_79' title='bbox 785 1777 838 1857; x_wconf 81' lang='lat'><strong>12)</strong></span> <span class='ocrx_word' id='word_1_80' title='bbox 865 1775 988 1857; x_wconf 87' lang='lat' dir='ltr'><strong>exponit</strong></span> <span class='ocrx_word' id='word_1_81' title='bbox 1017 1798 1103 1838; x_wconf 89' lang='lat' dir='ltr'><strong>suam</strong></span> <span class='ocrx_word' id='word_1_82' title='bbox 1131 1772 1313 1838; x_wconf 89' lang='lat' dir='ltr'><strong>sententiam</strong></span> 
     </span>
     <span class='ocr_line' id='line_1_12' title="bbox 214 1887 1316 1974; baseline -0.004 -21"><span class='ocrx_word' id='word_1_83' title='bbox 214 1889 292 1953; x_wconf 84' lang='lat' dir='ltr'><strong>circa</strong></span> <span class='ocrx_word' id='word_1_84' title='bbox 317 1888 585 1974; x_wconf 67' lang='lat' dir='ltr'><strong>predicamentum</strong></span> <span class='ocrx_word' id='word_1_85' title='bbox 610 1888 745 1971; x_wconf 74' lang='lat' dir='ltr'><strong>qmndo:</strong></span> <span class='ocrx_word' id='word_1_86' title='bbox 769 1887 882 1971; x_wconf 89' lang='lat' dir='ltr'><strong>aitque,</strong></span> <span class='ocrx_word' id='word_1_87' title='bbox 908 1909 969 1951; x_wconf 88' lang='lat' dir='ltr'><strong>esse</strong></span> <span class='ocrx_word' id='word_1_88' title='bbox 994 1887 1079 1950; x_wconf 70' lang='lat' dir='ltr'><strong>lanius</strong></span> <span class='ocrx_word' id='word_1_89' title='bbox 1100 1887 1316 1970; x_wconf 64' lang='lat' dir='ltr'><strong>praedicamenti</strong></span> 
     </span>
     <span class='ocr_line' id='line_1_13' title="bbox 213 1999 1315 2082; baseline -0.002 -19"><span class='ocrx_word' id='word_1_90' title='bbox 213 2001 351 2063; x_wconf 66' lang='lat' dir='ltr'><strong>conditui</strong></span> <span class='ocrx_word' id='word_1_91' title='bbox 373 1999 527 2062; x_wconf 79' lang='lat' dir='ltr'><strong>dnmtueet</strong></span> <span class='ocrx_word' id='word_1_92' title='bbox 542 2021 600 2082; x_wconf 85' lang='lat' dir='ltr'><strong>per</strong></span> <span class='ocrx_word' id='word_1_93' title='bbox 614 2001 800 2062; x_wconf 74' lang='lat' dir='ltr'><strong>intrinsecam</strong></span> <span class='ocrx_word' id='word_1_94' title='bbox 819 2000 999 2062; x_wconf 82' lang='lat' dir='ltr'><strong>durationem</strong></span> <span class='ocrx_word' id='word_1_95' title='bbox 1021 2000 1244 2082; x_wconf 82' lang='lat' dir='ltr'><strong>uniuscuiusque</strong></span> <span class='ocrx_word' id='word_1_96' title='bbox 1262 2001 1315 2063; x_wconf 88' lang='lat' dir='ltr'><strong>rei.</strong></span> 
     </span>
     <span class='ocr_line' id='line_1_14' title="bbox 219 2110 1319 2194; baseline -0.004 -19"><span class='ocrx_word' id='word_1_97' title='bbox 219 2112 305 2183; x_wconf 88' lang='lat' dir='ltr'><strong>Qnod</strong></span> <span class='ocrx_word' id='word_1_98' title='bbox 316 2120 351 2175; x_wconf 84' lang='lat' dir='ltr'><strong>et</strong></span> <span class='ocrx_word' id='word_1_99' title='bbox 372 2111 554 2194; x_wconf 74' lang='lat' dir='ltr'><strong>intelliqotnc</strong></span> <span class='ocrx_word' id='word_1_100' title='bbox 569 2110 686 2188; x_wconf 80' lang='lat' dir='ltr'><strong>clern&#39;us,</strong></span> <span class='ocrx_word' id='word_1_101' title='bbox 702 2110 877 2194; x_wconf 69' lang='lat' dir='ltr'><strong>distinpnere</strong></span> <span class='ocrx_word' id='word_1_102' title='bbox 899 2118 1013 2194; x_wconf 84' lang='lat' dir='ltr'><strong>oportet</strong></span> <span class='ocrx_word' id='word_1_103' title='bbox 1027 2112 1096 2188; x_wconf 73' lang='lat' dir='ltr'><strong>trie,</strong></span> <span class='ocrx_word' id='word_1_104' title='bbox 1112 2132 1176 2193; x_wconf 78' lang='lat' dir='ltr'><strong>qne</strong></span> <span class='ocrx_word' id='word_1_105' title='bbox 1194 2112 1226 2172; x_wconf 88' lang='lat' dir='ltr'><strong>in</strong></span> <span class='ocrx_word' id='word_1_106' title='bbox 1240 2111 1319 2172; x_wconf 82' lang='lat' dir='ltr'><strong>omni</strong></span> 
     </span>
     <span class='ocr_line' id='line_1_15' title="bbox 210 2221 1319 2307; baseline -0.003 -21"><span class='ocrx_word' id='word_1_107' title='bbox 210 2224 434 2307; x_wconf 80' lang='lat' dir='ltr'><strong>predicamento</strong></span> <span class='ocrx_word' id='word_1_108' title='bbox 456 2223 612 2287; x_wconf 81' lang='lat' dir='ltr'><strong>accidentis</strong></span> <span class='ocrx_word' id='word_1_109' title='bbox 631 2222 808 2305; x_wconf 68' lang='lat' dir='ltr'><strong>distinpnere</strong></span> <span class='ocrx_word' id='word_1_110' title='bbox 828 2244 940 2285; x_wconf 85' lang='lat' dir='ltr'><strong>necesse</strong></span> <span class='ocrx_word' id='word_1_111' title='bbox 963 2230 1016 2299; x_wconf 89' lang='lat' dir='ltr'><strong>est,</strong></span> <span class='ocrx_word' id='word_1_112' title='bbox 1036 2223 1173 2284; x_wconf 84' lang='lat' dir='ltr'><strong>nimirum</strong></span> <span class='ocrx_word' id='word_1_113' title='bbox 1188 2221 1319 2305; x_wconf 83' lang='lat' dir='ltr'><strong>fonnem</strong></span> 
     </span>
     <span class='ocr_line' id='line_1_16' title="bbox 215 2332 1318 2417; baseline -0.003 -19"><span class='ocrx_word' id='word_1_114' title='bbox 215 2336 385 2417; x_wconf 69' lang='lat' dir='ltr'><strong>affidentem</strong></span> <span class='ocrx_word' id='word_1_115' title='bbox 399 2333 446 2397; x_wconf 84' lang='lat' dir='ltr'><strong>vel</strong></span> <span class='ocrx_word' id='word_1_116' title='bbox 461 2334 700 2411; x_wconf 83' lang='lat' dir='ltr'><strong>denominentem‚</strong></span> <span class='ocrx_word' id='word_1_117' title='bbox 714 2335 872 2397; x_wconf 77' lang='lat' dir='ltr'><strong>mbiectnm</strong></span> <span class='ocrx_word' id='word_1_118' title='bbox 887 2334 1024 2417; x_wconf 81' lang='lat' dir='ltr'><strong>effectum</strong></span> <span class='ocrx_word' id='word_1_119' title='bbox 1037 2332 1084 2396; x_wconf 82' lang='lat' dir='ltr'><strong>vel</strong></span> <span class='ocrx_word' id='word_1_120' title='bbox 1096 2334 1318 2410; x_wconf 82' lang='lat' dir='ltr'><strong>denominatum,</strong></span> 
     </span>
     <span class='ocr_line' id='line_1_17' title="bbox 215 2444 1320 2530; baseline -0.004 -18"><span class='ocrx_word' id='word_1_121' title='bbox 215 2457 245 2512; x_wconf 87' lang='lat' dir='ltr'><strong>et</strong></span> <span class='ocrx_word' id='word_1_122' title='bbox 258 2448 516 2512; x_wconf 79' lang='lat' dir='ltr'><strong>denominationem</strong></span> <span class='ocrx_word' id='word_1_123' title='bbox 529 2447 633 2529; x_wconf 66' lang='lat' dir='ltr'><strong>msam,</strong></span> <span class='ocrx_word' id='word_1_124' title='bbox 643 2467 701 2529; x_wconf 80' lang='lat' dir='ltr'><strong>qun</strong></span> <span class='ocrx_word' id='word_1_125' title='bbox 716 2445 879 2530; x_wconf 70' lang='lat' dir='ltr'><strong>explicetur</strong></span> <span class='ocrx_word' id='word_1_126' title='bbox 891 2446 940 2509; x_wconf 85' lang='lat' dir='ltr'><strong>ille</strong></span> <span class='ocrx_word' id='word_1_127' title='bbox 954 2444 1072 2529; x_wconf 81' lang='lat' dir='ltr'><strong>effeetus</strong></span> <span class='ocrx_word' id='word_1_128' title='bbox 1078 2444 1226 2528; x_wconf 83' lang='lat' dir='ltr'><strong>formalis,</strong></span> <span class='ocrx_word' id='word_1_129' title='bbox 1237 2467 1320 2529; x_wconf 83' lang='lat' dir='ltr'><strong>quem</strong></span> 
     </span>
     <span class='ocr_line' id='line_1_18' title="bbox 216 2558 1318 2644; baseline -0.003 -21"><span class='ocrx_word' id='word_1_130' title='bbox 216 2561 285 2624; x_wconf 85' lang='lat' dir='ltr'><strong>telis</strong></span> <span class='ocrx_word' id='word_1_131' title='bbox 298 2561 400 2644; x_wconf 85' lang='lat' dir='ltr'><strong>forme</strong></span> <span class='ocrx_word' id='word_1_132' title='bbox 415 2560 528 2643; x_wconf 86' lang='lat' dir='ltr'><strong>confert</strong></span> <span class='ocrx_word' id='word_1_133' title='bbox 544 2558 599 2622; x_wconf 86' lang='lat' dir='ltr'><strong>toli</strong></span> <span class='ocrx_word' id='word_1_134' title='bbox 612 2559 750 2622; x_wconf 79' lang='lat' dir='ltr'><strong>subiecto.</strong></span> <span class='ocrx_word' id='word_1_135' title='bbox 775 2605 783 2621; x_wconf 91' lang='lat'><strong>.</strong></span> <span class='ocrx_word' id='word_1_136' title='bbox 808 2606 816 2620; x_wconf 93' lang='lat'><strong>.</strong></span> <span class='ocrx_word' id='word_1_137' title='bbox 841 2606 849 2622; x_wconf 93' lang='lat'><strong>.</strong></span> <span class='ocrx_word' id='word_1_138' title='bbox 894 2559 933 2622; x_wconf 94' lang='lat' dir='ltr'><strong>In</strong></span> <span class='ocrx_word' id='word_1_139' title='bbox 947 2559 1082 2641; x_wconf 73' lang='lat' dir='ltr'><strong>decerpo</strong></span> <span class='ocrx_word' id='word_1_140' title='bbox 1093 2558 1318 2641; x_wconf 83' lang='lat' dir='ltr'><strong>predicamento</strong></span> 
     </span>
     <span class='ocr_line' id='line_1_19' title="bbox 208 2669 1318 2754; baseline -0.003 -20"><span class='ocrx_word' id='word_1_141' title='bbox 208 2671 319 2754; x_wconf 86' lang='lat' dir='ltr'><strong>forma,</strong></span> <span class='ocrx_word' id='word_1_142' title='bbox 342 2670 389 2732; x_wconf 84' lang='lat' dir='ltr'><strong>eet</strong></span> <span class='ocrx_word' id='word_1_143' title='bbox 413 2672 498 2752; x_wconf 73' lang='lat' dir='ltr'><strong>quusi</strong></span> <span class='ocrx_word' id='word_1_144' title='bbox 513 2669 625 2752; x_wconf 78' lang='lat' dir='ltr'><strong>sonno,</strong></span> <span class='ocrx_word' id='word_1_145' title='bbox 652 2670 684 2731; x_wconf 91' lang='lat' dir='ltr'><strong>in</strong></span> <span class='ocrx_word' id='word_1_146' title='bbox 706 2670 852 2732; x_wconf 78' lang='lat' dir='ltr'><strong>obstructo</strong></span> <span class='ocrx_word' id='word_1_147' title='bbox 877 2677 993 2753; x_wconf 85' lang='lat' dir='ltr'><strong>sumpto</strong></span> <span class='ocrx_word' id='word_1_148' title='bbox 1018 2677 1062 2733; x_wconf 87' lang='lat' dir='ltr'><strong>est</strong></span> <span class='ocrx_word' id='word_1_149' title='bbox 1087 2670 1203 2734; x_wconf 85' lang='lat' dir='ltr'><strong>duratio</strong></span> <span class='ocrx_word' id='word_1_150' title='bbox 1233 2671 1318 2753; x_wconf 64' lang='lat' dir='ltr'><strong>ipsm</strong></span> 
     </span>
     <span class='ocr_line' id='line_1_20' title="bbox 215 2779 1319 2862; baseline -0.002 -17"><span class='ocrx_word' id='word_1_151' title='bbox 215 2783 375 2845; x_wconf 80' lang='lat' dir='ltr'><strong>subiectum</strong></span> <span class='ocrx_word' id='word_1_152' title='bbox 399 2789 505 2858; x_wconf 76' lang='lat' dir='ltr'><strong>auten,</strong></span> <span class='ocrx_word' id='word_1_153' title='bbox 529 2779 577 2842; x_wconf 86' lang='lat' dir='ltr'><strong>vel</strong></span> <span class='ocrx_word' id='word_1_154' title='bbox 600 2782 685 2862; x_wconf 81' lang='lat' dir='ltr'><strong>qnasi</strong></span> <span class='ocrx_word' id='word_1_155' title='bbox 709 2781 878 2859; x_wconf 74' lang='lat' dir='ltr'><strong>mdiectnm,</strong></span> <span class='ocrx_word' id='word_1_156' title='bbox 904 2782 961 2844; x_wconf 80' lang='lat' dir='ltr'><strong>erit</strong></span> <span class='ocrx_word' id='word_1_157' title='bbox 986 2789 1091 2859; x_wconf 85' lang='lat' dir='ltr'><strong>motus,</strong></span> <span class='ocrx_word' id='word_1_158' title='bbox 1120 2781 1168 2844; x_wconf 86' lang='lat' dir='ltr'><strong>nel</strong></span> <span class='ocrx_word' id='word_1_159' title='bbox 1190 2781 1251 2844; x_wconf 84' lang='lat' dir='ltr'><strong>alin</strong></span> <span class='ocrx_word' id='word_1_160' title='bbox 1271 2803 1319 2844; x_wconf 82' lang='lat' dir='ltr'><strong>res</strong></span> 
     </span>
     <span class='ocr_line' id='line_1_21' title="bbox 217 2868 1318 2977; baseline -0.002 -21"><span class='ocrx_word' id='word_1_161' title='bbox 217 2894 350 2965; x_wconf 63' lang='lat' dir='ltr'><strong>decenam</strong></span> <span class='ocrx_word' id='word_1_162' title='bbox 372 2915 440 2955; x_wconf 89' lang='lat' dir='ltr'><strong>nam</strong></span> <span class='ocrx_word' id='word_1_163' title='bbox 454 2892 500 2954; x_wconf 81' lang='lat' dir='ltr'><strong>illi</strong></span> <span class='ocrx_word' id='word_1_164' title='bbox 515 2891 627 2977; x_wconf 88' lang='lat' dir='ltr'><strong>confert</strong></span> <span class='ocrx_word' id='word_1_165' title='bbox 650 2868 812 2974; x_wconf 77' lang='lat' dir='ltr'><strong>deciperem</strong></span> <span class='ocrx_word' id='word_1_166' title='bbox 826 2914 896 2970; x_wconf 84' lang='lat' dir='ltr'><strong>esse,</strong></span> <span class='ocrx_word' id='word_1_167' title='bbox 911 2893 990 2976; x_wconf 82' lang='lat' dir='ltr'><strong>quod</strong></span> <span class='ocrx_word' id='word_1_168' title='bbox 1009 2901 1052 2956; x_wconf 87' lang='lat' dir='ltr'><strong>est</strong></span> <span class='ocrx_word' id='word_1_169' title='bbox 1067 2893 1172 2956; x_wconf 86' lang='lat' dir='ltr'><strong>durare</strong></span> <span class='ocrx_word' id='word_1_170' title='bbox 1186 2895 1217 2955; x_wconf 82' lang='lat' dir='ltr'><strong>in</strong></span> <span class='ocrx_word' id='word_1_171' title='bbox 1239 2914 1318 2956; x_wconf 88' lang='lat' dir='ltr'><strong>esse:</strong></span> 
     </span>
     <span class='ocr_line' id='line_1_22' title="bbox 218 3003 1320 3087; baseline -0.001 -19"><span class='ocrx_word' id='word_1_172' title='bbox 218 3008 381 3068; x_wconf 85' lang='lat' dir='ltr'><strong>concretum</strong></span> <span class='ocrx_word' id='word_1_173' title='bbox 403 3011 500 3067; x_wconf 83' lang='lat' dir='ltr'><strong>eutem</strong></span> <span class='ocrx_word' id='word_1_174' title='bbox 520 3011 564 3066; x_wconf 83' lang='lat' dir='ltr'><strong>est</strong></span> <span class='ocrx_word' id='word_1_175' title='bbox 585 3004 639 3067; x_wconf 80' lang='lat' dir='ltr'><strong>doc</strong></span> <span class='ocrx_word' id='word_1_176' title='bbox 660 3004 763 3087; x_wconf 79' lang='lat' dir='ltr'><strong>ipsum,</strong></span> <span class='ocrx_word' id='word_1_177' title='bbox 779 3004 860 3086; x_wconf 81' lang='lat' dir='ltr'><strong>quod</strong></span> <span class='ocrx_word' id='word_1_178' title='bbox 882 3003 1046 3087; x_wconf 75' lang='lat' dir='ltr'><strong>eppeldztur</strong></span> <span class='ocrx_word' id='word_1_179' title='bbox 1067 3005 1183 3068; x_wconf 84' lang='lat' dir='ltr'><strong>durans.</strong></span> <span class='ocrx_word' id='word_1_180' title='bbox 1230 3003 1320 3068; x_wconf 90' lang='lat' dir='ltr'><strong>Hanc</strong></span> 
     </span>
     <span class='ocr_line' id='line_1_23' title="bbox 219 3115 1321 3202; baseline 0.002 -22"><span class='ocrx_word' id='word_1_181' title='bbox 219 3117 404 3202; x_wconf 90' lang='lat' dir='ltr'><strong>opinionem,</strong></span> <span class='ocrx_word' id='word_1_182' title='bbox 420 3139 481 3202; x_wconf 89' lang='lat' dir='ltr'><strong>qua</strong></span> <span class='ocrx_word' id='word_1_183' title='bbox 495 3117 650 3181; x_wconf 91' lang='lat' dir='ltr'><strong>meliorem</strong></span> <span class='ocrx_word' id='word_1_184' title='bbox 665 3116 782 3181; x_wconf 90' lang='lat' dir='ltr'><strong>nullam</strong></span> <span class='ocrx_word' id='word_1_185' title='bbox 805 3117 838 3180; x_wconf 92' lang='lat' dir='ltr'><strong>in</strong></span> <span class='ocrx_word' id='word_1_186' title='bbox 852 3115 938 3180; x_wconf 89' lang='lat' dir='ltr'><strong>libris</strong></span> <span class='ocrx_word' id='word_1_187' title='bbox 952 3116 1064 3196; x_wconf 87' lang='lat' dir='ltr'><strong>inveni,</strong></span> <span class='ocrx_word' id='word_1_188' title='bbox 1079 3126 1155 3202; x_wconf 91' lang='lat' dir='ltr'><strong>puto</strong></span> <span class='ocrx_word' id='word_1_189' title='bbox 1170 3117 1321 3202; x_wconf 83' lang='lat' dir='ltr'><strong>attingere</strong></span> 
     </span>
     <span class='ocr_line' id='line_1_24' title="bbox 219 3228 1320 3314; baseline -0.001 -21"><span class='ocrx_word' id='word_1_190' title='bbox 219 3229 387 3307; x_wconf 89' lang='lat' dir='ltr'><strong>veritatem,</strong></span> <span class='ocrx_word' id='word_1_191' title='bbox 403 3228 456 3292; x_wconf 89' lang='lat' dir='ltr'><strong>sed</strong></span> <span class='ocrx_word' id='word_1_192' title='bbox 479 3250 542 3292; x_wconf 92' lang='lat' dir='ltr'><strong>non</strong></span> <span class='ocrx_word' id='word_1_193' title='bbox 565 3252 602 3292; x_wconf 83' lang='lat' dir='ltr'><strong>ex</strong></span> <span class='ocrx_word' id='word_1_194' title='bbox 623 3238 699 3294; x_wconf 91' lang='lat' dir='ltr'><strong>toto.</strong></span> <span class='ocrx_word' id='word_1_195' title='bbox 742 3229 835 3292; x_wconf 87' lang='lat' dir='ltr'><strong>Ratio</strong></span> <span class='ocrx_word' id='word_1_196' title='bbox 859 3239 906 3292; x_wconf 90' lang='lat' dir='ltr'><strong>est</strong></span> <span class='ocrx_word' id='word_1_197' title='bbox 930 3229 1002 3314; x_wconf 90' lang='lat' dir='ltr'><strong>quia</strong></span> <span class='ocrx_word' id='word_1_198' title='bbox 1026 3231 1183 3294; x_wconf 83' lang='lat' dir='ltr'><strong>intrinsece</strong></span> <span class='ocrx_word' id='word_1_199' title='bbox 1204 3231 1320 3294; x_wconf 83' lang='lat' dir='ltr'><strong>duratio</strong></span> 
     </span>
     <span class='ocr_line' id='line_1_25' title="bbox 218 3340 1320 3425; baseline 0 -21"><span class='ocrx_word' id='word_1_200' title='bbox 218 3340 459 3425; x_wconf 89' lang='lat' dir='ltr'><strong>uniuscuiusque</strong></span> <span class='ocrx_word' id='word_1_201' title='bbox 474 3341 517 3405; x_wconf 87' lang='lat' dir='ltr'><strong>rei</strong></span> <span class='ocrx_word' id='word_1_202' title='bbox 532 3350 568 3405; x_wconf 91' lang='lat' dir='ltr'><strong>nt</strong></span> <span class='ocrx_word' id='word_1_203' title='bbox 583 3341 626 3405; x_wconf 92' lang='lat' dir='ltr'><strong>sic</strong></span> <span class='ocrx_word' id='word_1_204' title='bbox 639 3363 703 3405; x_wconf 91' lang='lat' dir='ltr'><strong>non</strong></span> <span class='ocrx_word' id='word_1_205' title='bbox 717 3341 810 3406; x_wconf 88' lang='lat' dir='ltr'><strong>habet</strong></span> <span class='ocrx_word' id='word_1_206' title='bbox 831 3342 979 3406; x_wconf 86' lang='lat' dir='ltr'><strong>rationem</strong></span> <span class='ocrx_word' id='word_1_207' title='bbox 995 3343 1161 3420; x_wconf 69' lang='lat' dir='ltr'><strong>(reddentis,</strong></span> <span class='ocrx_word' id='word_1_208' title='bbox 1177 3350 1224 3406; x_wconf 90' lang='lat' dir='ltr'><strong>est</strong></span> <span class='ocrx_word' id='word_1_209' title='bbox 1238 3342 1320 3406; x_wconf 89' lang='lat' dir='ltr'><strong>enim</strong></span> 
     </span>
     <span class='ocr_line' id='line_1_26' title="bbox 218 3450 1324 3537; baseline 0.001 -21"><span class='ocrx_word' id='word_1_210' title='bbox 218 3451 295 3516; x_wconf 88' lang='lat' dir='ltr'><strong>illud</strong></span> <span class='ocrx_word' id='word_1_211' title='bbox 310 3451 411 3536; x_wconf 92' lang='lat' dir='ltr'><strong>ipsum</strong></span> <span class='ocrx_word' id='word_1_212' title='bbox 427 3452 541 3536; x_wconf 78' lang='lat' dir='ltr'><strong>qnando</strong></span> <span class='ocrx_word' id='word_1_213' title='bbox 551 3450 753 3516; x_wconf 89' lang='lat' dir='ltr'><strong>intrinsecum</strong></span> <span class='ocrx_word' id='word_1_214' title='bbox 767 3463 798 3516; x_wconf 91' lang='lat' dir='ltr'><strong>et</strong></span> <span class='ocrx_word' id='word_1_215' title='bbox 813 3452 997 3531; x_wconf 91' lang='lat' dir='ltr'><strong>absolutum,</strong></span> <span class='ocrx_word' id='word_1_216' title='bbox 1010 3453 1093 3537; x_wconf 91' lang='lat' dir='ltr'><strong>quod</strong></span> <span class='ocrx_word' id='word_1_217' title='bbox 1107 3453 1324 3518; x_wconf 87' lang='lat' dir='ltr'><strong>invariabiliter</strong></span> 
     </span>
     <span class='ocr_line' id='line_1_27' title="bbox 219 3563 1322 3648; baseline 0.001 -21"><span class='ocrx_word' id='word_1_218' title='bbox 219 3573 249 3628; x_wconf 90' lang='lat' dir='ltr'><strong>et</strong></span> <span class='ocrx_word' id='word_1_219' title='bbox 276 3563 443 3627; x_wconf 90' lang='lat' dir='ltr'><strong>necessario</strong></span> <span class='ocrx_word' id='word_1_220' title='bbox 464 3563 545 3626; x_wconf 90' lang='lat' dir='ltr'><strong>inest</strong></span> <span class='ocrx_word' id='word_1_221' title='bbox 567 3563 620 3641; x_wconf 90' lang='lat' dir='ltr'><strong>rei,</strong></span> <span class='ocrx_word' id='word_1_222' title='bbox 644 3572 675 3627; x_wconf 91' lang='lat' dir='ltr'><strong>et</strong></span> <span class='ocrx_word' id='word_1_223' title='bbox 698 3563 764 3626; x_wconf 93' lang='lat' dir='ltr'><strong>sine</strong></span> <span class='ocrx_word' id='word_1_224' title='bbox 786 3586 847 3648; x_wconf 92' lang='lat' dir='ltr'><strong>quo</strong></span> <span class='ocrx_word' id='word_1_225' title='bbox 869 3587 917 3627; x_wconf 92' lang='lat' dir='ltr'><strong>res</strong></span> <span class='ocrx_word' id='word_1_226' title='bbox 942 3564 1069 3628; x_wconf 91' lang='lat' dir='ltr'><strong>omnino</strong></span> <span class='ocrx_word' id='word_1_227' title='bbox 1091 3586 1153 3628; x_wconf 92' lang='lat' dir='ltr'><strong>non</strong></span> <span class='ocrx_word' id='word_1_228' title='bbox 1175 3573 1264 3643; x_wconf 81' lang='lat' dir='ltr'><strong>esset,</strong></span> <span class='ocrx_word' id='word_1_229' title='bbox 1286 3573 1322 3629; x_wconf 90' lang='lat' dir='ltr'><strong>ut</strong></span> 
     </span>
     <span class='ocr_line' id='line_1_28' title="bbox 221 3674 1321 3760; baseline 0 -21"><span class='ocrx_word' id='word_1_230' title='bbox 221 3698 313 3760; x_wconf 90' lang='lat' dir='ltr'><strong>supra</strong></span> <span class='ocrx_word' id='word_1_231' title='bbox 338 3679 381 3758; x_wconf 77' lang='lat' dir='ltr'><strong>(n.</strong></span> <span class='ocrx_word' id='word_1_232' title='bbox 398 3677 431 3758; x_wconf 88' lang='lat'><strong>5)</strong></span> <span class='ocrx_word' id='word_1_233' title='bbox 448 3674 648 3753; x_wconf 88' lang='lat' dir='ltr'><strong>ostendimus,</strong></span> <span class='ocrx_word' id='word_1_234' title='bbox 664 3675 769 3738; x_wconf 88' lang='lat' dir='ltr'><strong>addita</strong></span> <span class='ocrx_word' id='word_1_235' title='bbox 789 3674 977 3739; x_wconf 88' lang='lat' dir='ltr'><strong>lucidissima</strong></span> <span class='ocrx_word' id='word_1_236' title='bbox 999 3674 1030 3740; x_wconf 87' lang='lat' dir='ltr'><strong>S.</strong></span> <span class='ocrx_word' id='word_1_237' title='bbox 1047 3675 1171 3739; x_wconf 81' lang='lat' dir='ltr'><strong>Thomae</strong></span> <span class='ocrx_word' id='word_1_238' title='bbox 1192 3675 1321 3760; x_wconf 86' lang='lat' dir='ltr'><strong>explica-</strong></span> 
     </span>
     <span class='ocr_line' id='line_1_29' title="bbox 220 3786 1322 3872; baseline -0.003 -19"><span class='ocrx_word' id='word_1_239' title='bbox 220 3788 314 3856; x_wconf 85' lang='lat' dir='ltr'><strong>tione.</strong></span> <span class='ocrx_word' id='word_1_240' title='bbox 369 3786 502 3851; x_wconf 88' lang='lat' dir='ltr'><strong>Necesse</strong></span> <span class='ocrx_word' id='word_1_241' title='bbox 527 3796 574 3850; x_wconf 91' lang='lat' dir='ltr'><strong>est</strong></span> <span class='ocrx_word' id='word_1_242' title='bbox 596 3787 701 3871; x_wconf 80' lang='lat' dir='ltr'><strong>igitur,</strong></span> <span class='ocrx_word' id='word_1_243' title='bbox 724 3787 763 3851; x_wconf 91' lang='lat' dir='ltr'><strong>ad</strong></span> <span class='ocrx_word' id='word_1_244' title='bbox 788 3787 963 3852; x_wconf 88' lang='lat' dir='ltr'><strong>habendum</strong></span> <span class='ocrx_word' id='word_1_245' title='bbox 994 3789 1109 3872; x_wconf 83' lang='lat' dir='ltr'><strong>qnando</strong></span> <span class='ocrx_word' id='word_1_246' title='bbox 1137 3788 1322 3867; x_wconf 84' lang='lat' dir='ltr'><strong>accidentale,</strong></span> 
     </span>
     <span class='ocr_line' id='line_1_30' title="bbox 220 3899 1321 3984; baseline -0.001 -20"><span class='ocrx_word' id='word_1_247' title='bbox 220 3899 410 3965; x_wconf 89' lang='lat' dir='ltr'><strong>considerare</strong></span> <span class='ocrx_word' id='word_1_248' title='bbox 425 3921 489 3963; x_wconf 92' lang='lat' dir='ltr'><strong>non</strong></span> <span class='ocrx_word' id='word_1_249' title='bbox 503 3899 696 3963; x_wconf 87' lang='lat' dir='ltr'><strong>durationem</strong></span> <span class='ocrx_word' id='word_1_250' title='bbox 709 3899 907 3964; x_wconf 88' lang='lat' dir='ltr'><strong>intrinsecam</strong></span> <span class='ocrx_word' id='word_1_251' title='bbox 921 3899 965 3964; x_wconf 90' lang='lat' dir='ltr'><strong>rei</strong></span> <span class='ocrx_word' id='word_1_252' title='bbox 980 3899 1167 3984; x_wconf 86' lang='lat' dir='ltr'><strong>simpliciter,</strong></span> <span class='ocrx_word' id='word_1_253' title='bbox 1183 3899 1236 3964; x_wconf 94' lang='lat' dir='ltr'><strong>sed</strong></span> <span class='ocrx_word' id='word_1_254' title='bbox 1250 3921 1321 3964; x_wconf 93' lang='lat' dir='ltr'><strong>cum</strong></span> 
     </span>
     <span class='ocr_line' id='line_1_31' title="bbox 221 4009 1323 4094; baseline 0 -18"><span class='ocrx_word' id='word_1_255' title='bbox 221 4012 326 4077; x_wconf 92' lang='lat' dir='ltr'><strong>addito</strong></span> <span class='ocrx_word' id='word_1_256' title='bbox 341 4012 490 4075; x_wconf 91' lang='lat' dir='ltr'><strong>rationem</strong></span> <span class='ocrx_word' id='word_1_257' title='bbox 505 4009 722 4074; x_wconf 80' lang='lat' dir='ltr'><strong>accidentalem</strong></span> <span class='ocrx_word' id='word_1_258' title='bbox 744 4011 968 4076; x_wconf 90' lang='lat' dir='ltr'><strong>introducente.</strong></span> <span class='ocrx_word' id='word_1_259' title='bbox 1015 4011 1102 4076; x_wconf 84' lang='lat' dir='ltr'><strong>Sicut</strong></span> <span class='ocrx_word' id='word_1_260' title='bbox 1115 4033 1188 4094; x_wconf 85' lang='lat' dir='ltr'><strong>ergo</strong></span> <span class='ocrx_word' id='word_1_261' title='bbox 1202 4011 1323 4076; x_wconf 74' lang='lat' dir='ltr'><strong>disratio</strong></span> 
     </span>
     <span class='ocr_line' id='line_1_32' title="bbox 220 4120 1323 4206; baseline -0.001 -20"><span class='ocrx_word' id='word_1_262' title='bbox 220 4123 384 4186; x_wconf 88' lang='lat' dir='ltr'><strong>intrinseca</strong></span> <span class='ocrx_word' id='word_1_263' title='bbox 406 4129 502 4200; x_wconf 87' lang='lat' dir='ltr'><strong>actus,</strong></span> <span class='ocrx_word' id='word_1_264' title='bbox 521 4129 557 4184; x_wconf 93' lang='lat' dir='ltr'><strong>ut</strong></span> <span class='ocrx_word' id='word_1_265' title='bbox 580 4120 757 4205; x_wconf 87' lang='lat' dir='ltr'><strong>simpliciter</strong></span> <span class='ocrx_word' id='word_1_266' title='bbox 782 4120 884 4185; x_wconf 89' lang='lat' dir='ltr'><strong>dantis</strong></span> <span class='ocrx_word' id='word_1_267' title='bbox 906 4121 1040 4206; x_wconf 90' lang='lat' dir='ltr'><strong>primum</strong></span> <span class='ocrx_word' id='word_1_268' title='bbox 1063 4143 1128 4184; x_wconf 89' lang='lat' dir='ltr'><strong>esse</strong></span> <span class='ocrx_word' id='word_1_269' title='bbox 1150 4122 1214 4185; x_wconf 89' lang='lat' dir='ltr'><strong>enti</strong></span> <span class='ocrx_word' id='word_1_270' title='bbox 1236 4123 1268 4184; x_wconf 87' lang='lat' dir='ltr'><strong>in</strong></span> <span class='ocrx_word' id='word_1_271' title='bbox 1291 4145 1323 4186; x_wconf 91' lang='lat' dir='ltr'><strong>se</strong></span> 
     </span>
     <span class='ocr_line' id='line_1_33' title="bbox 221 4230 1323 4314; baseline 0.002 -19"><span class='ocrx_word' id='word_1_272' title='bbox 221 4232 373 4310; x_wconf 86' lang='lat' dir='ltr'><strong>existenti,</strong></span> <span class='ocrx_word' id='word_1_273' title='bbox 383 4231 456 4295; x_wconf 89' lang='lat' dir='ltr'><strong>dicit</strong></span> <span class='ocrx_word' id='word_1_274' title='bbox 466 4231 580 4314; x_wconf 84' lang='lat' dir='ltr'><strong>qnando</strong></span> <span class='ocrx_word' id='word_1_275' title='bbox 592 4230 771 4294; x_wconf 85' lang='lat' dir='ltr'><strong>substantiae</strong></span> <span class='ocrx_word' id='word_1_276' title='bbox 781 4230 966 4310; x_wconf 86' lang='lat' dir='ltr'><strong>absolutum,</strong></span> <span class='ocrx_word' id='word_1_277' title='bbox 976 4231 1019 4294; x_wconf 90' lang='lat' dir='ltr'><strong>ita</strong></span> <span class='ocrx_word' id='word_1_278' title='bbox 1029 4232 1149 4295; x_wconf 88' lang='lat' dir='ltr'><strong>duratio</strong></span> <span class='ocrx_word' id='word_1_279' title='bbox 1160 4232 1323 4297; x_wconf 88' lang='lat' dir='ltr'><strong>intrinseca</strong></span> 
     </span>
     <span class='ocr_line' id='line_1_34' title="bbox 223 4342 1324 4430; baseline 0.002 -24"><span class='ocrx_word' id='word_1_280' title='bbox 223 4344 313 4421; x_wconf 84' lang='lat' dir='ltr'><strong>entis,</strong></span> <span class='ocrx_word' id='word_1_281' title='bbox 325 4352 359 4406; x_wconf 92' lang='lat' dir='ltr'><strong>ut</strong></span> <span class='ocrx_word' id='word_1_282' title='bbox 375 4342 477 4406; x_wconf 89' lang='lat' dir='ltr'><strong>dantis</strong></span> <span class='ocrx_word' id='word_1_283' title='bbox 487 4342 655 4407; x_wconf 90' lang='lat' dir='ltr'><strong>secundum</strong></span> <span class='ocrx_word' id='word_1_284' title='bbox 671 4364 736 4406; x_wconf 90' lang='lat' dir='ltr'><strong>esse</strong></span> <span class='ocrx_word' id='word_1_285' title='bbox 747 4343 846 4423; x_wconf 89' lang='lat' dir='ltr'><strong>alicui,</strong></span> <span class='ocrx_word' id='word_1_286' title='bbox 859 4343 892 4408; x_wconf 95' lang='lat' dir='ltr'><strong>id</strong></span> <span class='ocrx_word' id='word_1_287' title='bbox 902 4354 948 4408; x_wconf 91' lang='lat' dir='ltr'><strong>est</strong></span> <span class='ocrx_word' id='word_1_288' title='bbox 960 4344 1184 4409; x_wconf 90' lang='lat' dir='ltr'><strong>accidentaliter</strong></span> <span class='ocrx_word' id='word_1_289' title='bbox 1194 4347 1324 4430; x_wconf 86' lang='lat' dir='ltr'><strong>agentis,</strong></span> 
     </span>
    </p>
   </div>
   <div class='ocr_carea' id='block_1_5' title="bbox 0 0 1623 4975">
    <p class='ocr_par' dir='ltr' id='par_1_6' title="bbox 0 0 1623 4975">
     <span class='ocr_line' id='line_1_35' title="bbox 0 0 1623 4975; baseline 0 0"><span class='ocrx_word' id='word_1_290' title='bbox 0 0 1623 4975; x_wconf 95' lang='lat' dir='ltr'><strong> </strong></span> 
     </span>
    </p>
   </div>
  </div>
 </body>
</html>
