3200 4975
261 316 327 385 3oe
666 340 710 383 ns
724 340 980 385 accrnsrvrrsus.
1237 317 1325 402 [aar.
1342 336 1366 381 1.

261 502 386 589 propria
405 502 582 570 teminatio
602 513 650 571 est
671 506 857 593 conspiratio
879 506 919 571 ad
936 504 1197 572 coinexistendnm
1212 502 1245 567 in
1260 502 1366 566 eodem

262 616 377 699 quande
391 623 423 680 et
436 616 487 681 ubi
501 615 652 701 spirituali
666 617 827 684 absolutis.
871 619 1009 705 Apparet
1023 626 1136 697 antem,
1152 638 1272 701 semper
1285 614 1366 679 idem

262 725 383 793 realiter
397 724 468 804 diri,
484 726 547 793 sive
565 727 648 794 dieas
667 729 859 795 intellectum
881 738 1025 815 agentem
1045 729 1171 794 dantem
1192 750 1259 793 esse
1277 725 1367 791 intel-

262 834 357 901 leetui
384 837 524 921 patienti,
548 838 610 905 sive
639 839 722 905 dieas
750 840 942 906 intellectum
965 840 1121 926 passivum
1146 839 1184 904 ab
1210 838 1368 903 intellectu

263 955 373 1032 agente
387 957 555 1030 aetuatum,
567 951 629 1017 sive
644 951 727 1017 dieas
740 954 893 1019 unitatem
909 952 1141 1019 substantialem
1157 974 1194 1017 ex
1209 952 1369 1035 utriusque

263 1059 492 1128 coinexistentia
513 1063 712 1144 tenultatem
735 1087 856 1151 semper
877 1064 960 1129 enim
975 1064 1155 1149 designatur
1170 1061 1227 1130 sub
1243 1061 1369 1127 diversis

263 1172 440 1239 nominibus
454 1173 536 1241 idem
551 1174 689 1242 absolute
704 1176 841 1262 spiritus,
855 1176 927 1243 lieet
944 1186 1007 1243 tres
1027 1176 1086 1241 illae
1106 1174 1368 1241 denominationes

264 1304 300 1351 ex
324 1282 524 1353 relationibus
546 1287 697 1372 oppositis
726 1302 911 1354 sumantur:
941 1288 1024 1375 quod
1053 1288 1166 1353 iterum
1190 1288 1291 1352 looum
1317 1286 1369 1350 dat

263 1394 401 1463 elevandi
414 1409 549 1465 mentem
564 1399 603 1463 ad
618 1399 736 1465 divinas
750 1400 902 1466 Personas
915 1409 946 1467 et
961 1399 1209 1479 Personalitates,
1224 1408 1260 1463 ut
1276 1420 1368 1483 supra

264 1506 364 1571 visum
378 1518 435 1573 est.

310 1620 362 1685 17.
384 1618 435 1686 De
448 1620 643 1704 generatione
657 1628 761 1687 autem
775 1622 978 1687 accidentium
991 1625 1024 1686 in
1035 1621 1207 1687 substantia
1218 1617 1369 1706 spirituali

265 1730 370 1799 eadem
381 1730 444 1797 tere
453 1731 513 1797 diei
520 1740 650 1817 pessunt
659 1754 694 1799 aa
705 1756 774 1819 quae
783 1733 916 1799 diximus
928 1734 966 1798 de
977 1733 1136 1798 elementis
1150 1730 1368 1797 materialibus.

267 1840 301 1907 Si
322 1850 426 1927 posset
445 1862 530 1907 unus
551 1843 676 1929 spiritus
698 1846 826 1911 existere
849 1846 916 1910 sine
937 1844 1001 1911 ullo
1029 1845 1150 1910 obiecto
1172 1842 1370 1928 eognosoibili

267 1952 412 2021 distinete
427 1976 445 2019 a
459 1954 558 2040 seipsa
573 1965 786 2039 eognoseente,
802 1956 923 2021 nullum
945 1956 1084 2021 accidens
1099 1955 1260 2020 haberetur
1274 1954 1308 2017 in
1322 1975 1370 2030 eo,

267 2064 321 2132 aed
335 2073 457 2133 tantum
470 2065 538 2150 ipsa
552 2066 724 2135 substantia
737 2067 770 2133 in
786 2090 818 2132 se
840 2068 1003 2133 terminata
1023 2089 1077 2152 per
1096 2067 1302 2152 cognitionem
1323 2063 1371 2128 sui

267 2198 332 2244 esse
346 2176 549 2261 intelligibilis
562 2186 595 2243 et
608 2200 662 2263 per
676 2200 812 2245 amorem
827 2178 875 2244 sui
889 2201 954 2245 ease
969 2178 1097 2263 cogniti.
1140 2178 1182 2244 Et
1196 2177 1240 2243 sio
1250 2175 1370 2255 inDen,

266 2288 321 2374 qui
335 2290 566 2375 comprehendit
576 2290 610 2358 in
624 2314 680 2357 aua
693 2292 821 2357 entitate
836 2291 894 2357 sibi
909 2291 1067 2378 adaquata
1081 2290 1205 2375 oognita
1218 2311 1310 2353 omne
1323 2288 1371 2355 iu·

267 2400 437 2484 telligibilo,
452 2401 639 2488 impossibile
653 2412 700 2471 est
714 2403 820 2470 haberi
834 2403 983 2479 accidens.
1030 2402 1091 2468 Sed
1106 2402 1132 2468 si
1146 2401 1236 2466 aliani
1251 2400 1372 2487 spiritui

267 2523 368 2582 ereato
387 2513 532 2580 offeratur
549 2513 703 2582 obiectum
723 2515 916 2600 intelligibile
934 2515 1114 2584 distinctum
1135 2537 1153 2578 a
1172 2535 1229 2578 sno
1248 2512 1371 2598 proprio

268 2648 343 2705 ease,
357 2626 533 2694 immediate
554 2635 695 2710 exsurget
716 2629 794 2692 actio
817 2626 1019 2711 intelligibilis
1041 2627 1073 2691 in
1095 2626 1303 2711 passivitatem
1323 2624 1371 2690 ins

268 2737 419 2817 telleetus,
434 2740 537 2822 paaaio
561 2760 615 2806 seu
640 2739 772 2823 receptio
790 2739 911 2824 speciei,
935 2740 1012 2803 actio
1036 2760 1090 2803 seu
1112 2739 1237 2801 intuitio
1261 2737 1372 2802 obiecti

269 2849 437 2917 seeundum
461 2850 602 2936 speeiem,
611 2852 714 2934 penaio
733 2850 845 2917 iterum
865 2849 898 2914 in
918 2850 1029 2914 affeetu
1044 2849 1173 2915 exaitata
1195 2850 1233 2914 ab
1253 2849 1371 2913 obiecto

270 2971 305 3028 ut
328 2961 452 3046 oognito
474 2984 530 3048 per
554 2962 696 3048 speeiem,
722 2965 800 3026 notio
826 2962 938 3027 iterum
968 2985 1022 3026 seu
1047 2961 1178 3026 adbaesio
1205 2970 1371 3047 spontanea

269 3075 369 3159 primu
384 3074 540 3159 attingens
554 3074 706 3142 obiectum
721 3083 758 3140 ut
773 3073 806 3138 in
821 3073 932 3140 affeetu
946 3081 1003 3138 est.

314 3187 463 3254 Praeterea
476 3186 585 3252 existet
599 3208 662 3252 una
676 3207 747 3252 eum
763 3185 862 3272 speeie
879 3186 1028 3271 impressa
1048 3186 1099 3250 abi
1121 3183 1278 3270 spirituale
1295 3184 1374 3248 acci«

270 3298 400 3378 dentale,
430 3320 485 3364 seu
509 3298 660 3366 terminus
688 3297 813 3382 quidam
842 3295 1103 3381 intelligibilitatis
1131 3296 1295 3376 obieetivae,
1326 3319 1372 3360 se·

270 3409 405 3474 eundum
426 3431 519 3493 quem
541 3407 678 3492 eognitie
698 3416 851 3487 aetuatur,
874 3416 905 3472 et
925 3416 1050 3492 propter
1069 3429 1160 3493 quem
1186 3429 1373 3492 eognnsoens

270 3542 333 3585 non
349 3521 448 3585 solum
463 3520 520 3590 scit
533 3543 565 3588 ae
579 3543 640 3588 aare
654 3529 878 3605 cognomentum,
895 3519 949 3586 sed
963 3543 994 3586 ae
1008 3543 1069 3585 aare
1086 3521 1140 3584 boe
1159 3529 1373 3604 reposcentem

271 3635 469 3702 desemine.
513 3634 571 3700 Per
594 3633 651 3700 hoo
674 3633 757 3702 enim
783 3655 845 3699 aaa
867 3641 1093 3717 oopnoseentem,
1119 3632 1203 3718 quod
1225 3641 1271 3697 est
1297 3630 1373 3717 quid

269 3747 455 3827 absolutum,
484 3746 618 3814 trahitur
645 3745 685 3812 ad
713 3744 874 3813 relativum
902 3766 959 3829 per
998 3743 1218 3829 appositionem
1250 3743 1374 3808 termini

271 3859 430 3930 referibilis
451 3858 491 3923 ad
512 3858 630 3927 diversa
650 3879 706 3942 per
726 3857 936 3926 intellectam:
959 3865 990 3922 et
1008 3855 1051 3920 sia
1069 3857 1120 3919 abi
1135 3854 1310 3922 absolutum
1325 3855 1372 3919 in·

272 3971 341 4040 duit
363 3971 512 4042 rationem
541 3970 659 4039 relativi
687 3968 922 4038 aecidentaliter.
969 3968 1003 4032 Si
1027 3975 1129 4034 autem
1157 3967 1289 4032 existant
1311 3967 1373 4031 duo

273 4082 398 4167 spiritus
419 4083 453 4150 in
475 4104 531 4150 auo
552 4083 603 4148 abi
623 4080 774 4161 absoluto,
790 4103 846 4146 seu
866 4081 900 4148 in
922 4102 978 4146 suo
1000 4101 1065 4144 esse
1079 4079 1234 4164 cognitiva
1248 4080 1306 4158 sui,
1322 4102 1372 4143 ax·

272 4203 378 4279 surget
392 4194 499 4262 relatio
513 4194 653 4280 quaedam
667 4193 821 4259 d‘mtnntiae
835 4191 1059 4271 intellectualis,
1074 4200 1109 4256 ut
1130 4191 1172 4255 aio
1195 4191 1303 4272 dicam,
1319 4212 1374 4255 seu
1417 4229 1422 4238 ·

271 4306 423 4372 intervalli
437 4305 606 4389 separantis
620 4313 786 4387 utrumque
799 4303 976 4382 terminum,
992 4301 1120 4368 fundata
1141 4303 1175 4367 in
1196 4301 1373 4387 intelligibi-
