3200 4975
291 366 353 427 146
738 382 781 424 nn
799 382 945 425 nonme.
1267 360 1350 445 [cnr.
1369 380 1391 423 1.

330 554 383 615 24.
408 550 563 628 Qnaeritur
577 548 678 629 tertio,
693 550 854 613 cuiusmodi
863 549 998 634 facultas
1014 550 1175 633 appetitiva
1200 550 1240 612 sit
1261 550 1292 611 in
1315 570 1391 613 com·

286 666 383 747 posito
398 685 437 727 ec
450 664 557 747 spiritu
572 671 600 726 et
615 663 749 726 materie.

333 774 526 859 Respondeo,
552 772 635 859 quod
663 772 697 837 in
722 794 800 858 puro
827 770 939 858 spiritu
961 771 1159 837 inveniuntur
1185 770 1244 836 tris
1267 769 1306 835 ad
1331 770 1392 835 vim

289 886 486 971 appetitivam
502 884 679 970 spectantia,
694 907 823 969 nempe:

336 1001 379 1065 1⁰.
401 996 457 1061 Vis
465 999 565 1081 primo
580 997 717 1075 eliciticc,
733 1018 787 1060 seu
802 994 973 1081 expressiva
988 994 1114 1059 affectus
1130 991 1306 1078 spiritualis,
1323 1014 1391 1076 quae

289 1110 388 1195 primo
409 1108 574 1193 complacet
592 1108 650 1173 sibi
668 1116 834 1193 spontanee
857 1116 889 1171 et
908 1105 1088 1171 naturaliter
1103 1104 1141 1170 de
1156 1104 1237 1170 bono
1251 1103 1393 1169 rationali

289 1243 344 1306 per
358 1222 489 1307 speciem
504 1219 638 1305 cognito.

334 1338 378 1399 2⁰.
401 1334 542 1398 Potentia
557 1335 755 1397 conservativa
770 1331 935 1395 affectuum
951 1328 1168 1415 spiritualium,
1184 1350 1252 1414 quae
1266 1335 1313 1391 est
1324 1326 1392 1411 ipsa

289 1442 448 1529 passivitas
471 1443 609 1508 affectiva
631 1440 810 1506 substantiae
836 1441 1013 1526 spiritualis.
1060 1440 1197 1505 Affectus
1222 1439 1332 1503 servati
1357 1438 1391 1503 in

288 1556 346 1621 hac
368 1555 543 1641 passivitate
564 1563 720 1639 tamquam
743 1553 776 1617 in
798 1552 944 1632 subiecto,
959 1551 1074 1617 hsbent
1095 1552 1244 1617 rationem
1266 1550 1390 1616 habitus

288 1666 479 1752 disponentis
493 1666 532 1732 ad
547 1665 789 1751 prosecutionem
805 1664 879 1729 boni
895 1664 1072 1749 spiritualis.

331 1779 376 1843 3⁰.
399 1778 455 1842 Vis
463 1780 582 1842 colitica
590 1777 710 1860 replere
721 1799 776 1840 seu
785 1776 832 1840 vis
843 1775 936 1840 libere
948 1775 1082 1855 elective,
1091 1798 1160 1861 quae
1171 1784 1202 1839 et
1210 1774 1390 1841 electionem

287 1898 436 1975 praeperat
450 1898 482 1954 et
496 1889 655 1954 affectibus
669 1889 768 1982 primo
783 1888 931 1973 expressis
945 1910 1016 1952 cnm
1031 1887 1221 1953 advertentis
1238 1886 1390 1952 consentit

286 2001 333 2066 vel
348 2024 411 2066 non
426 2001 589 2067 consentit.

331 2112 420 2179 Circa
433 2114 568 2196 primum
583 2112 693 2175 horum
709 2110 805 2175 trium
819 2110 991 2174 notandum
1006 2119 1062 2191 est,
1080 2112 1141 2175 vim
1155 2110 1254 2195 primo
1268 2131 1388 2194 expres-

287 2226 382 2289 sivam
400 2224 527 2289 affectus
546 2222 714 2308 spiritualis
735 2244 800 2286 esse
821 2222 1106 2287 determinationem
1129 2221 1322 2287 essentialem
1341 2223 1389 2287 in·

288 2334 427 2399 tellectus
447 2333 567 2418 agentis
589 2341 620 2396 et
640 2332 785 2418 patientis
807 2332 846 2395 ad
866 2333 1105 2418 conspirandum
1122 2334 1156 2397 in
1173 2356 1271 2397 unum
1286 2343 1389 2397 actum

287 2446 505 2512 accidentalem
522 2443 782 2530 cognoscitivnm3
806 2452 903 2530 quum
925 2444 1008 2510 enim
1031 2468 1067 2510 ex
1088 2445 1146 2510 hec
1167 2444 1390 2532 conspiratione

287 2560 324 2624 ad
347 2558 523 2624 habendum
546 2557 706 2642 cognitum
728 2557 762 2621 in
784 2567 987 2642 cognoscente
1009 2557 1118 2624 debent
1138 2559 1286 2623 resultare
1312 2558 1389 2623 aeci·

287 2672 418 2737 dentalis
440 2671 566 2736 affectus
591 2669 840 2756 proportionetus
865 2669 1083 2735 convenientis
1106 2693 1200 2755 quam
1223 2669 1316 2735 habet
1340 2691 1389 2733 eo·

285 2784 409 2869 gnitum
437 2805 509 2847 cnm
538 2789 751 2865 cognoscente,
776 2781 844 2866 ipsa
867 2781 920 2845 ills
945 2779 1158 2847 determinatio
1182 2790 1228 2846 est
1251 2779 1391 2866 potentis

285 2894 457 2980 expressiva
470 2893 596 2958 affectus
610 2892 806 2958 accidentalis
821 2891 928 2956 directi
942 2900 974 2956 et
988 2893 1159 2978 spontanei.
1197 2893 1271 2957 Non
1285 2900 1389 2958 temen

285 3014 332 3072 est
354 3005 525 3091 expressiva
542 3004 582 3069 ad
600 3005 727 3070 modum
749 3025 848 3068 censae
869 3005 973 3068 stricte
993 3003 1160 3084 efficientis,
1179 3027 1275 3089 quum
1299 3027 1390 3070 eausa

285 3141 411 3182 movens
440 3117 583 3181 effectum
612 3115 653 3182 sit
678 3116 781 3201 ipsum
805 3115 968 3194 obiectum,
994 3138 1051 3181 nec
1077 3115 1116 3181 sd
1142 3117 1268 3184 modum
1291 3139 1390 3182 cansae

287 3229 391 3294 stricte
405 3227 550 3307 formalis,
566 3249 621 3291 sen
635 3235 722 3291 actus
736 3226 829 3311 primi
845 3226 947 3291 dentis
962 3249 1028 3292 esse
1044 3249 1099 3292 suo
1114 3228 1245 3293 termino
1262 3227 1390 3294 habenti

285 3341 434 3405 rationem
456 3339 599 3418 materiae,
615 3337 669 3403 sed
690 3338 730 3402 ed
751 3337 878 3402 modum
901 3361 999 3404 causae
1020 3339 1124 3424 potius
1146 3340 1390 3406 instrumentalis

286 3459 377 3515 motae
391 3450 430 3515 ab
445 3451 562 3515 obiecto
577 3459 608 3514 et
623 3450 662 3514 ed
676 3449 741 3514 eins
752 3449 895 3514 effectum
906 3459 1117 3530 concurrente,
1131 3473 1185 3515 sen
1196 3475 1250 3538 per
1261 3452 1388 3516 modum

285 3572 372 3629 actus
387 3561 513 3625 secundi
527 3561 704 3646 incompleti
723 3560 894 3646 indigentis
909 3584 964 3626 suo
980 3562 1090 3627 ultimo
1105 3563 1338 3648 complemento,
1354 3572 1390 3628 ut

285 3675 372 3740 facile
386 3672 515 3737 resultat
529 3695 565 3736 ex
578 3673 617 3736 iis
632 3695 703 3757 quae.
714 3671 847 3738 vidimus
861 3671 895 3737 in
914 3674 1102 3756 praecedente
1119 3681 1252 3740 tractatu
1276 3675 1320 3759 (n.
1336 3679 1389 3756 88,

283 3788 338 3872 39)
354 3813 361 3853 :
385 3809 457 3850 nam
472 3785 714 3870 unumquodque
729 3784 793 3868 agit
808 3792 900 3870 prout
915 3785 1009 3849 estin
1024 3796 1104 3864 actu,
1120 3792 1151 3850 et
1166 3787 1282 3870 patitur
1297 3796 1389 3873 prout

284 3900 377 3966 estin
392 3897 547 3984 potentia3
571 3904 602 3960 et
616 3895 660 3960 sic
674 3895 707 3961 in
722 3895 908 3980 explicandis
926 3895 1123 3962 facultatibus
1144 3896 1183 3961 ed
1204 3906 1291 3962 ectrrs
1311 3899 1388 3963 acci-

283 4011 420 4077 dentales
440 4007 600 4073 destinatis
618 4004 793 4092 accipienda
812 4015 858 4070 est
881 4028 994 4076 norma,
1002 4007 1041 4072 ab
1056 4007 1121 4093 ipss
1135 4007 1300 4076 intrinseca
1314 4009 1387 4074 snb·

283 4123 402 4190 stantiae
416 4120 644 4199 constitutione,
661 4119 882 4184 considerando
897 4128 983 4185 setus
1003 4121 1202 4186 accidentales
1222 4122 1388 4204 naturales,

280 4245 317 4300 ut
338 4234 486 4320 quasdam
508 4232 695 4296 imitationes
716 4239 803 4296 actus
826 4230 1046 4310 substantialis,
1069 4255 1086 4296 s
1113 4255 1174 4318 quo
1203 4233 1385 4319 procedunt.

282 4345 371 4410 Circe
389 4343 558 4408 secundum
578 4351 712 4422 notetur,
728 4342 811 4427 quod
834 4343 960 4410 affectus
976 4351 1191 4428 comparentur
1205 4345 1341 4410 motibus
1356 4355 1388 4411 et
