3200 4975
268 344 334 407 alo
655 365 698 410 nx
713 364 970 410 eccrnxumsus.
1237 346 1322 429 [cre.
1340 366 1378 409 11.

269 535 402 614 minatre,
437 532 557 598 etiamsi
591 542 717 619 propter
747 534 881 621 aliquam
916 535 1066 599 rationem
1096 557 1158 598 non
1199 535 1378 620 produceret

269 653 382 725 amum,
412 668 505 731 quem
538 654 694 712 connotat.
749 647 843 724 Quod
880 646 1013 726 additur,
1043 646 1183 711 videlicet
1217 649 1378 713 aecimis

269 759 382 821 intendi
403 765 529 842 propter
555 759 750 823 scortantium
774 758 854 822 nihil
880 759 1008 824 adrem
1035 768 1172 823 nostram
1199 759 1281 837 facit,
1306 760 1378 846 quia

269 868 348 933 actio
362 890 426 933 non
445 867 617 932 intenditur
632 877 758 953 propter
777 877 910 953 aponum
929 869 1097 935 formaliter
1117 880 1276 955 sumptum
1294 872 1376 952 (narn

266 1001 331 1043 non
346 988 392 1043 est
406 979 552 1064 perlectio
566 980 642 1059 eius,
657 1001 756 1065 quum
770 980 804 1044 in
819 1002 855 1045 eo
868 1002 932 1045 non
948 982 1123 1067 recipietur)
1137 982 1191 1045 sed
1205 981 1379 1046 intenditur

262 1099 386 1175 propter
399 1112 539 1175 percum:
562 1100 594 1155 et
619 1090 662 1155 uic
683 1091 821 1176 sequitur
844 1091 955 1172 solum,
982 1091 1133 1157 actionem
1160 1092 1376 1157 accidentalem

266 1201 385 1265 intendi
400 1211 525 1286 propter
538 1200 710 1266 subiectum
726 1202 759 1266 in
774 1224 837 1288 quo
852 1203 1009 1289 recipitur.

311 1313 362 1377 Ad
386 1313 508 1377 tertiam
531 1313 744 1399 probationem
767 1315 829 1377 iam
855 1336 1038 1399 responsum
1062 1314 1161 1378 estin
1184 1322 1316 1379 tractatu
1338 1316 1376 1380 de

268 1425 440 1490 substantie
454 1424 604 1510 spirituali
625 1448 656 1490 n.
673 1427 727 1505 41,
749 1448 841 1510 quem
856 1425 934 1490 vide.
982 1426 1043 1489 Hic
1060 1426 1191 1491 breviter
1208 1428 1376 1511 respondeo

269 1539 334 1602 diat.
352 1548 414 1603 aut.
430 1537 602 1603 substantia
623 1537 786 1603 cuiuslibet
809 1537 852 1601 rei
874 1538 956 1600 intra
974 1560 1039 1601 rem
1057 1537 1154 1623 ipsam
1172 1538 1374 1616 concluditur,

268 1651 461 1735 inquantum
476 1649 550 1714 (licit
565 1657 785 1727 autumaret,
799 1650 833 1712 in
848 1658 999 1733 quantum
1016 1648 1089 1714 dicit
1098 1649 1243 1713 virtutem
1259 1673 1289 1714 n.
1301 1658 1374 1727 aut,

268 1771 300 1825 et
322 1761 428 1825 eodem
451 1760 542 1827 modo
564 1760 817 1845 distinguendum
834 1769 881 1824 est
896 1782 1095 1846 consequens.
1140 1760 1191 1826 Ad
1206 1760 1316 1826 claram
1331 1762 1374 1826 rei

268 1873 498 1958 explicationem
513 1872 610 1937 recole
624 1872 766 1937 eumdem
782 1881 946 1937 tractatum
962 1895 994 1936 n.
1010 1874 1063 1936 30.

311 1985 363 2048 28.
392 1985 518 2047 Obiicies
539 1987 583 2048 2⁰.
611 1983 722 2048 Forma
744 1984 955 2049 substantialis
977 1983 1100 2069 respicit
1123 1984 1314 2050 existentiam
1337 1995 1374 2050 nt

268 2093 407 2158 ultimam
431 2116 517 2158 suam
541 2093 768 2172 actualitatem
791 2117 865 2178 ergo
883 2117 946 2159 non
967 2104 1069 2179 potest
1083 2096 1232 2182 respicere
1247 2097 1373 2162 actuali·

268 2215 363 2271 tatem
392 2206 549 2292 operandi,
571 2206 631 2270 nisi
660 2229 714 2291 per
743 2206 860 2292 aliquid
884 2206 942 2270 sibi
969 2208 1212 2292 superadditum.
1258 2209 1372 2274 Conse-

268 2319 395 2405 quentia
408 2328 514 2405 patet3
537 2341 633 2404 quum
649 2319 730 2383 enim
746 2319 865 2404 operari
880 2319 919 2382 sit
935 2329 1004 2403 post
1019 2319 1223 2399 existentiam,
1235 2322 1261 2384 si
1275 2322 1374 2385 forma

268 2430 476 2496 substantialis
509 2452 546 2494 ex
579 2452 611 2495 se
644 2430 806 2516 respiceret
836 2430 1042 2515 operationem
1077 2440 1112 2496 ut
1146 2441 1248 2496 actum
1282 2455 1371 2498 snum

267 2543 487 2623 immediatum,
503 2565 565 2607 non
589 2543 709 2607 sisteret
726 2543 759 2607 in
781 2542 942 2607 existentia
965 2551 1122 2628 tamquam
1145 2543 1179 2608 in
1194 2544 1303 2610 ultima
1317 2569 1373 2610 sua

268 2655 452 2719 actualitate.
498 2654 546 2718 lta
560 2655 643 2718 idem
659 2654 841 2718 Gourlinius.

311 2766 493 2851 Respondeo
507 2774 598 2830 trans.
615 2774 676 2830 ant.
692 2789 757 2849 nep.
773 2789 851 2830 coru.
867 2768 976 2830 eteius
994 2769 1184 2852 suppositum.
1232 2769 1372 2834 Sumitur

266 2879 347 2946 enim
371 2879 529 2943 cctuulr'tcs
549 2877 695 2962 operandi
720 2899 776 2962 pro
798 2879 951 2942 nativitate
973 2879 1011 2942 ad
1034 2878 1222 2964 operandum
1246 2889 1368 2964 parata:

267 2989 350 3076 quod
365 2998 409 3054 est
424 3000 544 3054 mutare
558 2989 767 3073 quaestionem,
775 3011 873 3073 quum
888 2990 1026 3054 activitas
1041 2990 1081 3054 sit
1092 2990 1197 3067 virtus,
1210 2993 1369 3056 actualitas

267 3102 411 3184 operandi
427 3101 467 3165 sit
481 3117 568 3166 actus
583 3101 715 3164 virtutis.
759 3101 800 3164 Et
816 3110 961 3184 praeterea
976 3103 1161 3186 supponitur
1175 3103 1267 3166 etiam
1287 3104 1369 3188 quod

267 3214 401 3279 conditio
410 3212 555 3297 requisita
565 3212 604 3276 ad
613 3213 672 3277 hoe
681 3221 718 3277 ut
728 3212 826 3276 virtus
835 3221 971 3277 transeat
981 3213 1020 3277 ad
1031 3222 1134 3278 actum
1144 3214 1369 3294 accidentalem,

266 3326 306 3389 ad
320 3347 411 3409 quem
424 3324 462 3388 de
477 3347 509 3389 se
523 3333 569 3388 est
585 3333 699 3408 parate,
715 3324 756 3388 sit
770 3323 887 3408 aliquid
902 3347 934 3388 se
949 3333 1058 3389 tenens
1078 3347 1114 3388 ex
1134 3333 1220 3408 parte
1238 3325 1368 3410 agentis,

266 3435 463 3521 quodetiam
485 3444 531 3498 est
553 3435 675 3514 falsum,
699 3457 796 3519 quum
819 3435 953 3499 conditio
975 3435 1125 3500 eiusmodi
1148 3437 1188 3500 sit
1210 3438 1369 3502 existentia

265 3546 390 3611 termini
404 3545 629 3611 accidentaliter
642 3545 813 3624 actuabilis,
824 3553 854 3608 et
870 3545 938 3610 idco
954 3569 985 3610 se
1000 3554 1102 3610 teneat
1117 3569 1153 3610 ex
1168 3555 1254 3631 parte
1268 3548 1368 3632 passi:

266 3670 297 3725 et
312 3657 431 3724 etiamsi
445 3680 478 3721 se
491 3665 609 3722 teneret
623 3679 659 3721 ex
680 3666 766 3742 parte
789 3657 969 3721 substantie
991 3658 1120 3741 agentis,
1137 3669 1173 3722 ut
1195 3659 1228 3722 in
1250 3659 1369 3723 actibus

196 3818 201 3828 .
266 3768 515 3848 immanentibus,
527 3776 705 3832 nontamen
717 3776 797 3830 essct
812 3766 928 3851 aliquid
944 3767 1173 3851 superadditum
1191 3768 1370 3834 substantiae

265 3885 297 3948 in
320 3883 427 3948 ordine
449 3881 487 3946 ad
509 3878 721 3965 complendam
744 3878 810 3943 eius
825 3878 980 3957 virtutem,
997 3878 1050 3942 sed
1072 3879 1105 3941 in
1128 3879 1234 3943 ordine
1249 3880 1288 3942 ad
1303 3880 1369 3944 cius

265 3995 470 4079 passivitatem
501 3992 694 4070 actuandam,
719 3998 756 4054 ut
781 3991 878 4054 virtus
908 3989 1018 4054 habeat
1047 3991 1214 4054 terminum
1245 3991 1277 4054 in
1307 4013 1369 4076 quo

264 4107 426 4191 recipiatur
447 4105 514 4168 eius
535 4112 631 4168 actua.
676 4100 754 4165 Vide
777 4101 815 4164 de
838 4101 1009 4165 substantia
1029 4100 1180 4185 spirituali
1196 4123 1228 4165 n.
1243 4105 1296 4181 32,
1313 4107 1369 4168 2⁰:

264 4217 337 4279 item
363 4216 399 4280 de
422 4215 521 4280 tribus
550 4213 705 4278 continuis
735 4236 765 4276 n.
790 4215 843 4276 63.
889 4213 1055 4277 Transmisi
1078 4236 1148 4277 vero
1177 4214 1368 4294 antecedens,

266 4330 338 4412 quia
358 4328 456 4390 forma
479 4325 688 4389 substantialis
710 4346 773 4388 non
797 4325 850 4388 dat
873 4325 972 4389 solum
996 4325 1135 4389 ultimam
1164 4327 1369 4392 actualitatem
