3200 4975
226 402 295 448 car.
311 381 366 467 11.]
675 403 718 445 nu
737 401 883 446 aculus.
1261 380 1324 446 201

225 568 296 656 quia
319 571 351 633 in
376 569 501 634 obiectis
525 569 623 653 prima
645 568 886 653 apprehensione
915 568 1066 653 perceptis
1095 569 1186 634 babet
1216 571 1325 636 lunda-

221 691 375 761 mentum,
387 683 458 746 licet
473 681 505 744 in
521 681 626 744 iisdem
642 703 704 744 non
719 681 832 744 habeat
847 681 1123 760 universalitatem
1140 684 1326 766 productam,

227 793 298 878 qnia
318 793 502 871 intellectus,
522 800 664 876 percepto
688 791 806 855 obiecto
829 793 1040 872 determinato,
1057 815 1074 856 a
1097 817 1158 877 quo
1178 805 1326 875 movetur,

226 902 414 969 excludendo
436 904 517 969 illius
533 904 800 968 determinationes
816 903 1027 983 individuales,
1044 917 1097 967 aut
1113 905 1195 982 alias,
1213 907 1327 990 cogitat
1422 910 1426 918 ’

228 1017 306 1081 illud
322 1017 565 1094 indeterminate,
581 1025 611 1080 et
632 1016 674 1079 sic
691 1015 830 1078 efformet
851 1015 909 1078 sibi
927 1025 1106 1098 conceptum
1127 1015 1326 1080 universalem

229 1129 267 1192 de
281 1130 357 1214 ipso,
373 1137 409 1191 ut
424 1127 523 1211 magis
537 1126 694 1211 apparebit
709 1126 788 1189 infra
806 1127 849 1209 (n.
865 1149 927 1210 seq.
943 1135 973 1188 et
989 1149 1020 1188 n.
1039 1129 1125 1208 105).

272 1241 400 1324 Propter
428 1239 511 1324 quod
541 1238 768 1315 concludemus,
797 1237 863 1300 iure
893 1237 1035 1321 antiquos
1064 1259 1136 1300 cum
1164 1238 1328 1304 Aristotele

225 1350 376 1428 docuisse,
391 1351 467 1413 nibil
487 1372 548 1413 esse
569 1351 601 1411 in
622 1349 779 1427 intellectu,
795 1349 874 1431 quod
887 1350 975 1431 prius
994 1349 1160 1432 consuerit
1177 1352 1208 1412 in
1225 1374 1328 1416 sensa:

229 1470 260 1524 et
274 1461 332 1524 hoc
347 1460 463 1523 axioma
475 1482 539 1523 esse
551 1458 741 1522 verissimum
754 1458 990 1521 fundamentum
1001 1458 1100 1522 omnis
1110 1460 1328 1544 explicationis,

229 1594 321 1656 quam
334 1571 403 1655 quis
412 1579 529 1634 tentare
538 1570 621 1648 velit,
633 1568 670 1632 de
681 1559 939 1633 intellectualibus
950 1559 1176 1653 operationibus
1185 1572 1328 1638 hominis.

230 1684 303 1746 Non
325 1691 429 1746 tamen
451 1683 588 1766 sequitur
610 1680 694 1766 quod
716 1680 897 1744 universalia
919 1690 949 1744 et
971 1681 1176 1766 intelligibilia
1197 1683 1327 1751 debeant

230 1795 316 1880 prius
330 1817 395 1858 esse
410 1793 576 1857 formaliter
591 1793 624 1856 in
639 1816 741 1872 sensu,
758 1816 850 1877 quam
864 1793 897 1855 in
914 1792 1071 1858 intellectu
1080 1821 1089 1873 3
1112 1793 1170 1860 hoc
1185 1796 1266 1860 eninr
1283 1809 1329 1862 est

230 1906 426 1991 impossibile,
442 1915 510 1968 tum
525 1905 597 1990 quia
611 1905 675 1969 baec
690 1926 752 1968 non
768 1903 883 1968 habent
897 1905 1124 1989 proportionem
1141 1928 1211 1971 cum
1227 1930 1329 1990 sensu,

231 2028 299 2082 tum
315 2019 387 2103 quia
400 2017 569 2081 universale
584 2038 646 2079 non
663 2015 755 2079 habet
769 2015 903 2100 aliquam
918 2015 1077 2094 actionem,
1094 2038 1190 2100 quum
1205 2041 1269 2083 non
1291 2020 1331 2084 sit

230 2131 263 2193 in
278 2138 389 2193 natura
402 2132 514 2192 rerum.
560 2128 626 2191 Nec
641 2128 757 2190 axioma
772 2127 951 2211 praedictum
967 2127 1010 2190 ita
1023 2128 1258 2212 intelligendum
1274 2143 1330 2211 est,

231 2251 267 2306 ut
290 2243 440 2325 significet
460 2240 614 2304 obiectum
635 2238 804 2302 secundum
825 2239 916 2318 idem,
932 2261 985 2302 seu
1007 2239 1064 2303 sub
1085 2241 1189 2304 eadem
1205 2243 1332 2324 ratione,

231 2354 317 2438 prius
335 2376 399 2417 esse
419 2353 452 2416 in
475 2374 568 2415 sensu
589 2359 621 2414 et
643 2350 712 2414 dein
736 2350 768 2413 in
790 2350 958 2428 intellectu,
975 2350 1029 2414 sed
1049 2351 1092 2414 ita
1114 2361 1149 2415 ut
1172 2353 1333 2436 significet,

231 2465 353 2530 nullum
376 2463 529 2529 obiectum
553 2462 652 2548 primo
676 2461 862 2546 apprehendi
892 2461 1060 2527 secundum
1085 2463 1216 2549 aliquam
1242 2466 1332 2531 intel-

231 2577 392 2642 lectualem
409 2577 568 2653 rationem,
584 2576 660 2659 quin
682 2576 774 2637 etiam
795 2575 1041 2659 apprehendatur
1054 2552 1148 2641 sensu
1163 2578 1331 2643 secuudum

232 2688 365 2773 aliquam
379 2689 528 2752 rationem
544 2686 727 2751 sensibilem.

276 2801 329 2863 60.
354 2799 494 2863 Secunda
514 2797 643 2862 facultas
659 2796 794 2860 hominis
811 2797 893 2860 inter
910 2798 1129 2880 cognoscitivas
1144 2807 1189 2863 est
1204 2800 1332 2865 saeuas

234 2913 390 2996 cogitativa
410 2905 478 2973 tum
498 2907 687 2974 sensibilium
708 2917 776 2971 tum
798 2907 1047 2992 intelligibilium,
1063 2931 1131 2993 quae
1153 2910 1212 2975 dici
1232 2920 1332 2995 potest

232 3023 325 3086 etiam
341 3022 473 3085 secundo
493 3019 720 3106 apprehensiva,
736 3019 808 3104 quia
827 3027 969 3103 operatur
990 3020 1068 3083 cirea
1088 3045 1135 3085 res
1152 3022 1213 3086 iam
1235 3024 1334 3108 primo

234 3132 448 3217 apprehensas.
492 3131 543 3195 Ad
565 3130 773 3215 explicandam
795 3130 1001 3214 operationem
1024 3132 1187 3214 cogitandi,
1204 3157 1272 3220 quae
1289 3143 1336 3199 est

236 3245 405 3330 multiplex,
426 3254 463 3310 ut
484 3246 585 3328 ipsum
609 3266 721 3307 nomen
743 3242 908 3327 cogitandi,
930 3266 983 3307 seu
1006 3244 1189 3327 coagitandi,
1209 3246 1334 3327 indicat,

236 3356 406 3420 notandum
422 3363 479 3434 est,
495 3354 577 3439 quod
593 3354 763 3439 intelligere
777 3353 939 3439 cogitando
954 3364 1001 3418 est
1016 3354 1185 3440 intelligere
1207 3380 1262 3442 per
1281 3359 1337 3423 ali·

237 3490 329 3553 quem
351 3490 441 3530 usum
466 3466 633 3551 specierum
655 3466 693 3529 ab
713 3457 838 3529 obiectis
859 3466 918 3528 iam
941 3474 1148 3550 receptarum:
1172 3468 1218 3532 uti
1234 3478 1336 3533 autem

238 3575 395 3663 speciebus
424 3576 575 3659 significat
597 3574 644 3639 vel
674 3569 852 3659 simpliciter
881 3582 1054 3640 convertere
1077 3578 1276 3643 attentionem
1299 3580 1338 3644 ad

237 3690 370 3774 aliquam
393 3688 533 3773 speciem,
550 3687 596 3751 vel
619 3686 659 3750 ad
680 3686 806 3771 aliquas,
822 3686 869 3751 vel
891 3686 1044 3771 significat
1066 3687 1218 3774 inquirere
1240 3700 1271 3755 et
1290 3692 1338 3755 in-

239 3802 352 3886 spicere
364 3800 496 3864 diversus
510 3799 643 3862 rationes
658 3797 876 3881 cognoscibiles
891 3798 923 3861 in
938 3798 1039 3883 aliqua
1055 3801 1152 3884 specie
1166 3802 1338 3887 implicitas,

238 3911 285 3976 vel
315 3910 466 3994 significat
495 3931 669 3993 comparare
698 3910 812 3992 species
838 3909 954 3993 aliquas
980 3932 1050 3974 cum
1078 3911 1144 3975 aliis
1170 3914 1339 3979 secundum

238 4022 385 4107 quasdam
402 4021 534 4084 rationes
548 4018 767 4102 cognoscibiles
781 4020 814 4083 in
829 4018 872 4083 eis
888 4018 1032 4085 detectas.
1068 4021 1181 4085 Praeter
1195 4023 1251 4088 hos
1266 4034 1338 4104 tres,

111 4210 121 4218 ,
239 4155 301 4197 non
317 4133 409 4197 datur
423 4127 532 4217 aliquis
547 4131 625 4195 alius
639 4154 714 4194 usus
729 4130 896 4215 specierum
912 4153 981 4215 quae
994 4130 1157 4196 habentur.

232 4265 235 4270 ’
284 4245 406 4307 Primus
429 4265 503 4307 usus
524 4242 691 4327 specierum
710 4242 823 4305 dicitur
838 4240 1015 4325 simpliciter
1030 4249 1113 4307 actua
1123 4246 1297 4325 attendendi,
1315 4248 1340 4310 si

239 4356 372 4418 intuitus
393 4354 506 4437 figatur
527 4354 560 4416 in
583 4349 712 4417 obiecto
723 4362 757 4416 ut
775 4354 807 4415 in
831 4352 932 4437 aliquo
948 4351 1092 4417 distincto
1107 4377 1124 4417 a
1139 4354 1274 4420 subiecto
1291 4378 1339 4421 co·
