3200 4975
284 366 327 427 24
599 388 639 431 on
658 390 857 435 accessuris
874 392 1075 437 sirnirnani.
1235 361 1239 371 ’
1261 370 1345 458 [car.
1363 392 1386 433 1.

282 570 338 613 nec
353 572 442 634 posse
461 573 527 616 esse
542 552 631 637 plura
649 553 798 619 elementa
817 555 984 621 materialia
1000 555 1136 620 eiusdem
1160 555 1280 640 speciei.
1326 555 1387 621 Sed

283 659 341 726 hoc
356 684 544 748 consequens
559 674 605 729 est
620 665 741 730 falsum.
774 667 898 753 Ergoet
908 668 1099 734 antecedens.
1132 667 1386 733 Concludendnm

282 784 329 837 est
344 796 428 859 ergo,
444 776 525 861 quod
542 777 620 842 sicut
636 778 808 843 substantia
827 780 1001 860 materialis,
1015 789 1052 844 ut
1067 781 1119 856 sic,
1136 789 1182 845 est
1197 802 1259 844 una
1274 780 1388 864 species

283 886 500 975 metaphysica,
532 899 566 953 ut
596 888 668 954 alibi
698 890 840 970 diximus,
867 892 900 956 in
926 915 987 978 qna
1010 902 1097 957 actus
1122 892 1215 957 babet
1238 892 1387 957 rationem

282 999 413 1082 generis,
430 1008 460 1065 et
482 1002 642 1087 passivitas
665 1003 886 1083 locomotionis,
902 1028 956 1069 sen
979 1005 1114 1083 materia,
1129 1004 1277 1069 rationem
1301 1003 1387 1068 diffe-

281 1108 387 1174 rentiae
405 1110 502 1196 (unde
522 1112 613 1176 etiam
629 1135 647 1176 a
662 1113 868 1199 peripateticis
884 1114 1030 1179 definitur
1047 1138 1098 1180 eac
1112 1116 1240 1198 mobile),
1256 1115 1300 1178 ita
1313 1113 1386 1178 sub-

281 1220 394 1285 stantia
418 1222 584 1307 spiritualis
610 1220 709 1289 creata
732 1233 779 1289 est
805 1247 869 1289 una
894 1225 1018 1310 species,
1039 1227 1071 1290 in
1096 1238 1268 1311 quoactus
1293 1226 1385 1291 habet

280 1330 427 1397 rationem
445 1336 575 1418 generis,
590 1344 621 1400 et
636 1337 795 1422 passivitas
810 1337 996 1402 intellectiva
1010 1338 1159 1402 rationem
1175 1338 1362 1403 differentia.

325 1445 379 1507 23.
398 1444 495 1521 Quod
512 1455 613 1511 autem
632 1449 664 1512 S.
680 1448 815 1513 Thomas
829 1472 865 1513 ex
880 1449 1045 1515 Aristotele
1059 1450 1185 1535 profert,
1199 1452 1308 1533 species
1325 1472 1387 1514 esee

279 1557 356 1619 sieut
373 1578 515 1637 nummos,
532 1562 584 1642 qai
603 1560 743 1644 differunt
760 1583 819 1644 per
833 1562 1009 1625 additionem
1028 1570 1057 1625 ct
1075 1563 1300 1626 subtractionem
1319 1564 1385 1625 ant-

281 1670 363 1749 totis,
375 1668 407 1733 id
423 1670 610 1735 nullomodo
621 1693 743 1735 necesse
754 1656 800 1736 est
816 1672 991 1736 concedere.
1029 1673 1161 1737 Numeri
1169 1673 1250 1736 enim
1260 1683 1385 1758 possent

280 1780 399 1845 differre
428 1804 483 1866 per
511 1783 698 1848 additionem
723 1794 754 1849 et
775 1770 1024 1849 'subtractionem
1050 1784 1178 1849 unitatis
1202 1785 1383 1869 dupliciter:

279 1890 388 1974 primo,
404 1892 436 1956 in
459 1903 609 1979 quantum
629 1894 748 1959 additio
769 1894 886 1979 praebet
900 1917 1010 1958 novam
1029 1895 1199 1973 materiam,
1216 1896 1383 1959 subtractio

278 2022 348 2064 vero
363 2002 464 2083 tollit;
487 2014 518 2069 et
533 2005 597 2070 haec
612 2005 783 2069 differentia
797 2014 843 2069 est
858 2005 1022 2070 materialis
1038 2014 1179 2070 tantum:
1202 2006 1335 2071 secundo
1350 2007 1382 2070 in

278 2123 427 2197 quantum
440 2115 566 2180 materia
581 2116 642 2194 illa,
659 2139 713 2180 scu
727 2117 862 2180 unitates
876 2139 993 2194 omnes,
1009 2116 1069 2181 alio
1084 2117 1189 2181 etalio
1204 2118 1295 2181 modo
1310 2140 1382 2182 con·

279 2225 452 2289 stitnuntur
474 2250 555 2291 unus
576 2251 732 2307 numerus,
749 2250 803 2292 seu
824 2229 855 2291 in
879 2236 1030 2313 quantum
1052 2229 1122 2292 talis
1143 2230 1269 2293 materia
1289 2229 1383 2293 habet

278 2337 357 2401 hanc
371 2338 421 2403 vel
439 2338 525 2403 illam
545 2340 684 2419 sormam,
700 2364 718 2403 a
732 2364 793 2426 qua
816 2342 924 2425 accipit
944 2342 1106 2420 unitatem,
1122 2350 1153 2404 et
1175 2341 1287 2405 dicitur
1300 2365 1382 2405 unus

277 2470 443 2530 numerus3
466 2461 497 2516 et
511 2452 588 2530 haec,
605 2452 631 2516 si
654 2452 786 2531 daretur,
803 2462 882 2517 esset
899 2452 1069 2517 differentia
1085 2452 1231 2517 formalis.
1276 2452 1382 2530 Quum

277 2585 350 2646 ergo
372 2562 542 2627 differentia
557 2565 696 2647 specifica
714 2566 746 2628 in
771 2566 940 2649 composito
959 2565 1033 2628 reali
1053 2565 1219 2648 accipiatur
1236 2588 1254 2628 a
1273 2565 1381 2643 forma,

276 2697 338 2738 non
359 2676 527 2755 amateria,
543 2677 568 2739 si
586 2676 706 2740 numeri
731 2685 886 2740 mutarent
905 2676 1034 2760 speciem
1056 2684 1180 2760 propter
1194 2675 1380 2740 additionem

276 2787 322 2851 vel
346 2787 582 2853 subtractionem
609 2789 747 2868 unitatis,
773 2788 938 2852 dicendum
962 2795 1053 2867 esset,
1074 2787 1212 2872 singulos
1238 2810 1381 2852 numeros

274 2901 386 2965 habere
409 2901 556 2967 diversam
586 2901 725 2980 formam,
752 2923 769 2965 a
798 2923 860 2986 qua
886 2885 1041 2984 accipiunt
1067 2921 1142 2963 esse.
1187 2899 1285 2983 Atqui
1307 2922 1378 2963 con-

276 3011 405 3075 trarium
425 3012 543 3076 accidit.
588 3013 672 3097 Ilugo
691 3035 840 3076 numerus
859 3034 921 3074 non
946 3019 1047 3074 mutat
1065 3010 1195 3094 speeiem
1218 3033 1274 3095 per
1296 3011 1381 3074 addi-

206 3167 209 3174 *
276 3123 392 3187 tionem
406 3123 454 3188 vel
469 3124 708 3189 subtractionem
723 3124 862 3188 unitatis.
900 3122 1006 3185 Minor
1020 3142 1090 3184 vero
1105 3121 1261 3204 probatur.
1297 3122 1379 3185 Nam

275 3234 388 3312 addita,
400 3235 447 3298 vel
462 3236 618 3299 subtracta
631 3235 760 3313 unitate,
772 3242 910 3298 mutatur
923 3232 1047 3317 quidem
1062 3231 1200 3309 materia,
1212 3231 1266 3294 sed
1280 3231 1379 3296 forma

274 3345 350 3409 dans
372 3346 433 3409 illis
458 3346 628 3411 unitatibus
652 3368 717 3410 esse
743 3369 842 3409 unum
863 3366 1026 3407 numerum
1047 3365 1221 3427 numquam·
1242 3343 1379 3426 specifice

275 3466 422 3536 mutatur,
435 3480 531 3543 quum
547 3458 615 3522 haec
626 3459 723 3522 forma
738 3458 778 3520 sit
789 3455 821 3520 id
837 3479 899 3540 quo
910 3455 999 3538 plura
1009 3453 1049 3517 ad
1063 3475 1162 3517 unum
1171 3454 1378 3518 reducuntur:

274 3579 306 3634 at
329 3568 419 3654 plura
438 3569 542 3632 reduci
565 3569 603 3633 ad
629 3593 726 3633 unum
750 3567 902 3652 significat
918 3566 969 3629 hic
991 3565 1081 3649 plura
1106 3565 1209 3650 colligi
1228 3565 1261 3628 in
1283 3588 1377 3629 unam

274 3703 435 3745 summam.
481 3681 555 3745 Tam
572 3689 674 3744 antem
697 3680 885 3764 colliguntur
899 3679 931 3742 in
947 3700 1040 3741 unam
1056 3700 1209 3741 summam
1223 3685 1286 3740 tres
1308 3677 1377 3740 uni-

273 3804 362 3872 tates,
379 3813 470 3876 quam
487 3791 609 3856 decern:
632 3791 665 3855 id
679 3799 725 3854 est
748 3812 811 3853 non
826 3788 909 3854 aliud
931 3798 988 3867 est,
1004 3809 1065 3873 quo
1080 3788 1206 3851 materia
1223 3788 1378 3872 tripartita

273 3904 421 3989 accipitur
445 3912 482 3966 ut
505 3926 612 3982 unum,
640 3902 722 3966 aliud
745 3924 807 3986 quo
828 3900 954 3965 materia
974 3899 1154 3983 decipartita
1176 3899 1324 3984 accipitur
1342 3910 1380 3964 ut

272 4039 388 4080 unum:
412 4038 498 4080 secus
521 4024 567 4079 tot
583 4023 683 4078 essent
706 4014 820 4098 species
835 4014 1045 4098 operationum
1068 4013 1329 4077 arithmeticorum
1345 4015 1378 4077 in

272 4127 436 4206 additione,
452 4135 527 4211 quot
543 4135 615 4190 sunt
638 4125 768 4202 numeri,
784 4124 896 4210 quibus
911 4123 983 4188 addi
1004 4133 1106 4208 potest
1121 4124 1234 4187 unitas.
1279 4125 1379 4211 Atqui

272 4238 386 4302 additio
407 4247 454 4300 est
474 4237 564 4301 unica
578 4238 685 4321 specie·
699 4237 845 4321 operatio,
861 4245 892 4299 et
912 4234 1050 4299 similiter
1071 4234 1248 4299 subtractio.
1293 4237 1378 4321 Ilrgo

271 4349 434 4414 dicendum
450 4358 504 4427 est,
521 4371 663 4411 numeros
679 4347 828 4432 distingui
849 4355 970 4412 tantum
987 4346 1156 4410 seeundum
1173 4349 1376 4431 quantitatem
