3200 4975
241 379 309 423 cnr.
328 360 383 443 ιι]
683 385 727 426 nn
746 386 891 427 nommn.
1286 369 1347 431 177

237 573 240 578 ·
284 543 421 607 Primum
437 556 483 608 est
494 544 569 610 boc:
589 547 680 610 Omne
692 548 822 627 illatae
838 573 894 632 qno
905 552 1070 613 substantio
1082 551 1181 634 utiquo
1194 553 1347 614 intrinsece

239 658 436 733 constituitur,
445 665 490 721 est
503 659 678 736 substantia,
691 667 720 722 et
734 683 793 722 non
805 661 947 724 occidens.
993 663 1055 724 Sed
1068 685 1103 724 en
1115 665 1211 726 animo
1221 664 1346 727 hnmano

239 769 369 850 quadarn
382 769 547 832 substantio
568 772 764 849 comtitnitnr,
775 781 853 854 puto
869 774 963 835 tomo.
1008 773 1093 857 Erpa
1108 775 1206 836 areima
1221 776 1346 838 larnano

237 889 281 944 est
309 881 473 943 substantia
502 888 532 943 et
560 904 618 944 non
647 883 787 946 accimus.
833 882 975 947 Valentia
1005 892 1095 968 putat
1120 885 1267 949 minorem
1299 885 1346 948 sui

235 991 409 1076 syllogismi
432 1016 497 1056 esse
524 995 561 1056 de
582 993 653 1072 tide,
668 1017 704 1057 eo
724 995 810 1079 quod
832 996 870 1058 de
889 996 948 1059 fide
971 996 1165 1060 sitammam
1187 1007 1218 1060 et
1236 1019 1346 1080 corpus

239 1104 423 1169 constituere
449 1128 546 1168 unum
568 1105 735 1170 hominem.
782 1107 843 1171 Sed
867 1109 966 1191 primo
991 1108 1098 1192 negari
1125 1116 1225 1192 potest
1251 1108 1347 1172 maior

239 1215 448 1280 universaliter
471 1227 602 1302 accepta,
623 1217 696 1302 quia
719 1220 846 1282 materia
868 1227 898 1282 et
922 1219 1021 1282 forma
1043 1218 1251 1283 substantialis
1274 1241 1346 1282 con·

236 1327 373 1390 stituunt
391 1327 604 1407 substantiam,
620 1338 651 1392 et
671 1339 776 1393 tamen
799 1352 855 1393 nec
879 1330 1005 1394 materia
1023 1341 1069 1394 est
1093 1331 1273 1408 substantia,
1289 1352 1345 1393 nec

237 1439 336 1502 forma
350 1449 396 1502 est
419 1438 600 1504 substantia.
646 1441 787 1505 Secundo
810 1451 911 1525 potest
934 1443 1040 1525 negari
1056 1441 1164 1518 minor,
1181 1441 1253 1526 qnia
1272 1464 1344 1504 con-

232 1551 364 1614 stituere
379 1573 476 1614 unum
498 1551 654 1615 hominem
668 1562 792 1616 nonest
816 1553 1001 1616 constituere
1017 1576 1110 1617 unam
1132 1553 1344 1631 substantiam,

237 1661 292 1725 sed
306 1685 399 1725 unam
415 1670 567 1727 naturam.
608 1663 724 1727 Verum
738 1663 862 1747 quidem
877 1674 933 1742 est,
945 1665 1024 1728 hano
1040 1674 1183 1728 naturam
1198 1664 1344 1728 constitui

238 1796 273 1837 ex
285 1773 404 1838 duabus
419 1775 616 1853 substantiis,
640 1776 695 1840 sed
709 1776 734 1838 si
746 1777 804 1839 hoe
814 1777 879 1841 iure
888 1799 1051 1861 possumus
1065 1775 1164 1839 dicere
1179 1786 1344 1860 postquam

230 1885 433 1969 ..probavimus
454 1886 587 1950 animam
610 1909 675 1950 esse
697 1887 912 1965 substantiam,
931 1910 1003 1979 'non
1026 1909 1188 1970 possumus
1214 1885 1248 1949 id
1270 1906 1344 1969 sup-

238 2020 348 2080 ponere
360 1996 392 2060 in
407 1997 474 2081 ipso
489 2007 681 2080 argumento,
691 2020 753 2083 quo
768 1999 902 2062 animam
917 2021 982 2062 esse
998 1997 1200 2062 substantiam
1214 1996 1343 2080 probare

238 2109 388 2173 volumus.
434 2108 537 2185 Quare
551 2120 627 2192 puto
642 2110 721 2173 haue
736 2110 947 2194 probationem
963 2133 1026 2174 non
1042 2132 1107 2172 esse
1122 2109 1283 2172 efficacem.

282 2220 457 2284 Secundum
476 2232 523 2284 est
545 2221 622 2285 hoc:
649 2222 736 2293 Quod
754 2222 930 2286 naturaliter
952 2232 996 2285 est
1012 2222 1290 2304 prestantissimnm
1312 2223 1344 2283 in
1416 2267 1420 2274 .

238 2334 361 2412 homine,
387 2355 446 2396 non
470 2341 514 2396 est
536 2334 679 2410 neumas,
701 2334 754 2396 sed
773 2335 948 2397 substantio.
995 2333 1106 2396 Animo
1131 2341 1174 2395 est
1196 2333 1343 2395 eiusmodi.

238 2446 322 2530 Enyo
337 2447 434 2510 onium
449 2467 507 2509 non
526 2454 570 2510 est
584 2447 725 2525 coctum,
740 2447 793 2510 sed
812 2447 996 2512 snbstantiu.'
1032 2445 1071 2510 In
1094 2446 1151 2510 hoc
1167 2444 1343 2531 syllogismo

239 2557 334 2620 maior
348 2566 394 2620 est
409 2555 541 2635 evidens,
558 2556 658 2642 inquit
679 2558 816 2621 Auctor:
840 2558 894 2622 aed
909 2556 994 2643 quid,
1013 2557 1039 2620 si
1061 2556 1237 2621 incredulus
1253 2557 1343 2634 dieat,

238 2669 270 2733 id
285 2668 368 2754 quod
382 2678 428 2732 ast
444 2668 729 2752 praestantissimum
745 2670 778 2733 in
792 2679 938 2733 anteesse
953 2670 1082 2734 formam
1099 2668 1343 2746 substantialem,

238 2791 269 2844 et
284 2781 414 2845 formam
433 2780 513 2844 hane
528 2803 589 2844 non
610 2804 676 2845 esse
696 2781 924 2845 substantiam?
971 2781 1050 2859 Scio,
1066 2781 1145 2844 hanc
1165 2780 1344 2871 instantiam

229 2916 304 2957 esse
328 2892 458 2971 sutilem,
482 2914 611 2976 eamque
633 2892 775 2977 superius
798 2893 927 2956 refutavi
953 2895 995 2973 (n.
1016 2894 1091 2975 43):
1116 2892 1171 2955 sed
1194 2892 1345 2970 Valentia,

239 3005 351 3089 aliique
365 3027 482 3082 omnes,
499 3006 553 3088 qui
569 3014 675 3068 tenent
690 3005 824 3069 animam
839 3027 904 3069 esse
922 3004 1049 3069 formam
1065 3004 1190 3069 dantem
1210 3005 1344 3089 primum

240 3140 305 3181 esse
328 3117 456 3201 corpori,
476 3126 507 3180 et
531 3118 583 3201 qui
605 3127 727 3201 ponunt
749 3116 905 3181 hominem
923 3139 989 3180 esse
1014 3139 1107 3181 unam
1131 3116 1343 3193 substantiam,

239 3238 388 3312 cogentur
417 3228 516 3306 fateri,
542 3229 674 3292 animam
700 3250 763 3291 non
789 3250 854 3291 esse
885 3227 944 3290 nisi
973 3237 1090 3311 partem
1116 3226 1345 3291 constitutivam

240 3339 431 3417 substantiae,
462 3339 494 3403 id
526 3349 573 3403 est
598 3340 738 3418 formam,
767 3362 830 3402 non
866 3360 936 3401 vero
970 3338 1184 3402 substantiam.
1244 3337 1345 3414 Quare

239 3453 372 3517 secunda
386 3453 450 3516 haec
465 3452 604 3537 probatio
619 3452 651 3516 in
667 3452 819 3516 sententia
833 3451 954 3517 illorum
970 3461 1130 3515 auctorum
1145 3473 1208 3515 non
1224 3449 1344 3515 videtur

227 3565 402 3629 sufficiens.

283 3676 421 3741 Tertium
452 3686 498 3741 est
528 3677 606 3740 hoc:
630 3676 755 3739 Nullum
784 3678 918 3740 condens
946 3686 990 3742 est
1013 3678 1143 3760 primum
1167 3676 1347 3759 prinn‘pinrn

239 3790 440 3871 operationum
473 3789 617 3853 vitalium.
678 3790 739 3852 Sed
765 3791 859 3853 omnis
895 3791 1002 3867 animo,
1032 3797 1120 3871 utque
1149 3788 1220 3851 odeo
1250 3788 1347 3849 animo

225 3900 372 3977 nomines,
384 3908 429 3963 est
444 3900 502 3963 tale
510 3900 701 3982 prinerpinm.
739 3900 825 3983 Erpa
839 3900 921 3963 nullu
936 3902 1033 3963 anima
1049 3907 1093 3962 est
1107 3899 1247 3975 condens,
1259 3905 1348 3979 utque

224 4010 310 4098 -crteo
324 4033 416 4093 neque
430 4012 528 4073 oninrn
542 4011 677 4073 hominis.
722 4010 827 4073 Maior
840 4010 1007 4093 probatum
1031 4011 1102 4091 quio
1117 4030 1199 4071 omne
1216 4008 1349 4071 aesinus

240 4123 303 4203 opit
326 4122 358 4183 in
381 4122 490 4185 uirtute
514 4121 693 4199 substantie,
709 4121 792 4183 euius
810 4129 854 4185 cst
873 4121 1015 4198 commus,
1031 4128 1065 4183 nt
1086 4120 1166 4183 color
1188 4121 1220 4182 in
1240 4121 1349 4184 uirtute

240 4234 410 4297 substantie
432 4235 517 4317 tynis,
532 4234 619 4297 etsie
638 4234 672 4296 de
694 4232 771 4296 aliis.
821 4233 912 4296 Caicus
928 4233 1007 4295 ratio
1021 4240 1075 4309 est,
1091 4233 1160 4315 quio
1174 4232 1250 4295 sient
1272 4234 1348 4296 acci-

224 4344 313 4406 nens
332 4344 437 4427 pendet
459 4345 656 4409 osnbstontia
677 4344 710 4405 in
728 4364 798 4421 esse,
814 4345 859 4408 ita
880 4344 968 4409 etium
982 4344 1014 4406 in
1036 4344 1152 4425 opnori
1163 4370 1172 4405 :
1196 4350 1283 4425 utque
1304 4345 1349 4409 ito

288 4474 363 4518 von.
381 4474 421 4518 11.
1028 4490 1030 4494 ·
1151 4472 1173 4517 u
