3200 4975
217 387 290 431 osv.
306 365 346 451 1.]
670 388 713 430 on
730 387 878 431 nonrnn.
1263 368 1321 429 141

261 556 308 618 30.
332 553 392 618 Vis
414 554 582 638 capitatim,
604 551 652 617 vel
675 552 809 617 secundo
830 548 1047 639 apprehensiva
1073 550 1322 637 intelligibilium,

217 686 286 749 quae
301 686 334 727 sc
347 663 485 727 extendit
499 662 538 727 ad
552 685 675 726 omnem
690 662 899 747 operationem
921 660 1157 727 intellectualem
1178 662 1256 727 circa
1270 663 1325 727 ob·

219 777 307 855 iecta,
323 797 454 860 quorum
469 775 584 860 species
598 775 660 838 iam
674 774 777 838 existit
787 775 820 838 in
836 772 1003 838 intellectu.

263 887 411 951 Similiter
424 887 457 950 in
473 885 610 951 subiecto
625 886 786 964 sentiente,
802 895 839 949 ut
854 885 907 965 sic,
922 894 954 950 et
967 884 1198 969 praescindendo
1213 885 1251 949 ab
1266 885 1324 950 hoc

217 999 301 1086 quod
323 1000 426 1065 anima
443 999 509 1064 cius
529 1000 569 1065 sit
587 998 781 1077 intellectiva,
804 997 912 1063 haberi
934 996 1046 1062 debent
1061 997 1120 1061 tria
1134 996 1183 1063 his
1199 1020 1324 1084 respon-

222 1112 343 1177 dentia:
367 1133 479 1196 nempe

265 1227 307 1288 1⁰.
330 1223 387 1288 Vis
410 1224 617 1308 cpprctemiva
639 1244 694 1308 per
717 1222 932 1307 phantasmate
955 1220 987 1285 in
1015 1221 1189 1307 passivitate
1219 1245 1326 1287 sensus

220 1337 333 1401 directe
346 1336 496 1422 impressa
509 1334 548 1399 ab
563 1333 700 1400 obiectis.

263 1452 308 1513 20.
330 1447 472 1513 Potentia
490 1450 633 1511 retentiva
650 1446 820 1532 specierum
840 1445 1041 1525 sensibilium,
1061 1469 1115 1510 seu
1130 1446 1327 1533 phantasma-

221 1568 289 1624 tum
304 1560 403 1644 primo
417 1558 688 1645 apprehensorum.

263 1674 309 1736 3⁰.
330 1670 386 1734 Vis
400 1672 573 1735 armciativa
583 1672 832 1755 phantasmatum,
848 1692 902 1733 seu
913 1668 1084 1754 phantasia,
1097 1690 1165 1753 quae
1177 1691 1209 1732 se
1224 1678 1328 1734 exten·

221 1783 267 1847 dit
290 1782 330 1846 ad
354 1805 461 1847 omnes
484 1782 683 1868 operationes,
710 1781 824 1868 quibus
852 1781 970 1846 obiecta
1001 1780 1094 1845 semel
1123 1781 1245 1866 cognita
1274 1804 1329 1867 per

222 1893 336 1978 species
351 1892 519 1971 sensibiles,
535 1890 669 1956 secundo
683 1890 871 1976 apprehendi
885 1899 1025 1975 possunt.

267 2006 342 2069 Haec
353 2014 457 2069 antem
471 2004 531 2067 tria
544 2003 687 2068 facillime
701 2002 916 2067 ostenduntur.
951 2002 1034 2067 Nam
1052 2005 1094 2081 1⁰,
1106 2024 1203 2087 quum
1217 2002 1330 2087 princi-

222 2117 309 2202 pium
324 2116 502 2181 sensitivam
517 2116 660 2194 activum,
678 2138 729 2179 seu
747 2138 855 2179 sensns
870 2137 974 2199 agens,
996 2114 1036 2178 sit
1054 2114 1246 2200 perceptivus
1261 2138 1330 2179 sen·

222 2228 357 2293 sibilium
372 2226 541 2293 secundum
557 2227 672 2312 speeies
683 2225 721 2290 ab
736 2225 863 2290 obiectis
874 2226 950 2311 ipsis
962 2225 1156 2290 sensibilibus
1167 2226 1330 2312 impressas

222 2342 255 2404 in
270 2362 360 2405 sensu
375 2340 512 2425 patiente
529 2340 595 2422 (sen
609 2339 641 2402 in
657 2337 780 2423 organis
795 2349 831 2401 ut
846 2338 1003 2402 vivificatis
1017 2337 1056 2402 ab
1071 2338 1197 2422 anima),
1210 2338 1331 2402 eviden-

221 2462 269 2518 ter
277 2452 323 2519 vis
334 2476 369 2518 ea
383 2450 580 2539 percipiendi,
590 2474 645 2516 seu
659 2450 796 2537 potentia
807 2450 992 2516 terminandi
1001 2459 1103 2516 actum
1115 2451 1329 2517 accidentalem

223 2566 263 2630 ad
277 2566 339 2645 illa,
354 2567 412 2629 erit
426 2564 555 2629 facultas
569 2563 798 2649 apprehensiva.
844 2565 887 2627 2⁰.
912 2563 1073 2626 Terminus
1087 2563 1225 2647 passivus
1235 2564 1331 2627 sensi-

224 2679 362 2757 bilitatis,
378 2700 433 2742 seu
447 2699 555 2741 sensus
568 2676 698 2761 patiens,
715 2675 789 2740 dicit
804 2675 960 2758 regionem
971 2674 1135 2759 quamdam
1149 2676 1331 2760 receptivam

224 2812 488 2876 quarumcumque
499 2789 666 2873 specierum
679 2786 881 2866 sensibilium,
892 2809 946 2850 seu
955 2785 1222 2871 phantasmatum:
1239 2787 1331 2866 unde,

226 2925 321 2986 quum
333 2903 399 2966 eius
410 2900 555 2986 potentiae
564 2901 604 2964 sit
619 2901 759 2980 retinere,
770 2901 857 2964 cuius
869 2908 915 2962 est
930 2898 1061 2984 recipere
1075 2898 1158 2982 (nam
1173 2899 1332 2985 impressio

226 3012 319 3080 semel
333 3021 456 3098 recepta
471 3012 502 3077 in
527 3011 665 3096 potentie
686 3034 763 3096 pure
784 3011 903 3096 passiva
917 3010 955 3074 de
970 3033 1003 3074 sc
1016 3020 1153 3074 remanet
1175 3010 1208 3074 in
1226 3011 1331 3075 eadem

227 3126 375 3212 potentia,
392 3148 487 3209 quum
509 3124 574 3188 haec
593 3139 725 3209 nequeat
744 3146 867 3208 reagere
885 3122 924 3186 ad
944 3145 1009 3186 eam
1026 3121 1196 3202 delendam,
1212 3131 1243 3186 et
1258 3144 1333 3202 non,

227 3241 286 3303 nisi
300 3261 354 3324 per
369 3236 519 3316 accidens,
539 3259 591 3300 scu
616 3258 672 3322 per
694 3257 815 3299 cansam
840 3233 1066 3314 accidentalem,
1091 3234 1184 3299 deleri
1205 3237 1331 3320 potest),

227 3349 363 3436 potentia
389 3348 536 3412 retentiva
562 3346 813 3432 phantasmatum
839 3345 897 3411 erit
922 3345 955 3409 in
982 3368 1074 3410 sensu
1097 3344 1164 3431 ipso
1186 3347 1331 3432 patiente,

226 3463 320 3525 immo
335 3461 392 3524 erit
407 3460 472 3544 ipsc
488 3482 595 3524 sensus
609 3459 728 3544 patiens
748 3467 784 3522 ut
803 3457 896 3522 semel
913 3467 1053 3522 actuatus
1068 3459 1185 3523 actione
1199 3460 1331 3524 obiecto-

227 3595 296 3637 rum
320 3571 522 3636 sensibilium.
574 3572 620 3635 3⁰.
643 3569 780 3634 'landem
807 3591 902 3633 nexus
925 3571 1053 3633 intimus
1080 3593 1187 3634 sensus
1213 3574 1332 3656 agentis

227 3706 297 3750 cum
314 3706 369 3746 sua
382 3682 557 3768 passivitate
571 3681 822 3766 phantasmatum
837 3681 986 3766 receptiva
1001 3690 1031 3745 et
1046 3683 1203 3762 retentiva,
1218 3685 1333 3768 praebet

228 3805 410 3883 potestatem
427 3793 626 3859 connectendi
642 3817 739 3857 nnnm
754 3793 938 3879 phantasma
949 3817 1020 3858 cum
1035 3795 1094 3860 alio
1109 3795 1333 3882 phantasmate,

228 3922 259 3976 et
281 3933 380 3974 unum
403 3909 491 3994 quasi
514 3908 547 3972 in
571 3917 715 3973 contactu
739 3907 873 3993 quodam
897 3930 967 3972 cum
991 3908 1051 3972 alio
1076 3910 1333 3994 apprehendendi,

229 4021 351 4110 quando
367 4043 466 4084 unum
480 4041 543 4084 non
559 4028 605 4084 est
620 4017 708 4084 alteri
722 4019 809 4084 valde
819 4019 973 4084 dissimile.
1019 4021 1111 4098 Nam,
1123 4044 1218 4106 quum
1231 4023 1333 4086 omnia

228 4135 443 4220 phantasmata
456 4130 519 4196 sint
532 4130 566 4194 in
580 4131 632 4195 illa
647 4131 737 4195 unica
750 4132 874 4216 regione
888 4154 992 4196 eorum
1003 4132 1134 4216 propria,
1144 4155 1212 4219 quae
1222 4133 1333 4199 dicitnr

229 4269 337 4310 sensus
350 4243 481 4330 patiens,
496 4251 527 4308 et
546 4243 611 4308 haec
626 4242 710 4326 regio
725 4244 765 4307 sit
780 4251 845 4308 tota
859 4250 968 4328 patens
983 4243 1086 4308 sensui
1100 4245 1214 4328 agenti,
1229 4255 1264 4308 ut
1280 4269 1333 4330 per

229 4381 296 4422 eam
311 4356 414 4440 vagari
430 4377 463 4420 ac
479 4355 603 4440 spatiari
614 4356 720 4438 possit,
736 4354 860 4419 evidens
875 4363 931 4434 est,
942 4364 1043 4419 actum
1060 4354 1228 4418 naturalem
1238 4355 1334 4439 ipsius
