3200 4975
313 394 355 457 76
627 418 670 461 nr
687 420 886 465 sussraurri
904 418 1104 467 srrsmuinr.
1275 406 1359 491 [cnr.
1376 429 1416 471 11.

310 599 471 662 corporum
498 580 642 645 maiorem
668 604 761 666 quam
786 585 889 649 anima
912 586 1055 663 humana,
1083 598 1119 652 ut
1139 598 1224 673 patet
1238 590 1270 654 in
1285 614 1415 676 energu-

310 690 418 769 menis,
434 690 554 755 videtur
570 692 662 756 etiam
682 693 793 758 habere
808 695 952 761 virtutem
973 700 1153 763 actuativam
1169 701 1239 765 vitae
1258 703 1413 783 maiorem,

310 822 403 884 quam
419 801 522 866 anima
536 802 680 883 bumana,
696 828 792 890 quum
808 818 941 892 nequeat
958 831 1037 873 unus
1052 820 1138 874 actus
1159 811 1300 897 principii
1314 813 1414 877 vitulis

310 910 349 975 ad
363 920 446 975 extra
460 934 526 977 esse
547 914 669 980 relative
692 918 863 1000 perfectior,
889 920 964 1004 quin
991 922 1092 1005 ipsum
1116 921 1304 1007 principium
1323 924 1413 987 vitale

309 1022 350 1086 sit
364 1022 487 1088 relative
508 1026 671 1110 perfectius
692 1028 784 1092 ctiam
806 1030 839 1093 in
859 1031 965 1096 ordine
984 1032 1024 1095 ad
1041 1045 1134 1113 extra,
1149 1047 1180 1098 et
1195 1046 1415 1119 consequenter

308 1133 408 1217 magis
422 1135 608 1200 actuativum
624 1138 694 1202 vitae
713 1148 797 1204 extra
820 1140 963 1225 seipsum,
985 1165 1076 1227 quam
1092 1144 1204 1224 anima,
1221 1146 1247 1209 si
1261 1153 1363 1209 tamen
1380 1147 1412 1209 in

308 1246 480 1310 actuatione
495 1248 565 1311 vitae
580 1248 671 1313 datur
687 1251 784 1334 magis
799 1259 830 1315 et
845 1252 958 1319 minus.
1005 1253 1066 1317 Sed
1086 1256 1339 1320 considerandum
1355 1268 1411 1336 est,

308 1356 401 1441 quod,
428 1357 463 1435 si,
490 1358 590 1442 posito
620 1381 743 1443 corpore
768 1362 802 1423 in
829 1364 966 1446 potentia
991 1364 1083 1427 vitam
1113 1364 1254 1441 habente,
1284 1367 1413 1450 angelus

307 1468 417 1552 aliquis
432 1468 589 1534 iuberetur
603 1470 681 1534 illud
696 1472 868 1553 informare,
885 1473 935 1537 ille
955 1474 1083 1557 angelus
1109 1497 1127 1537 a
1152 1484 1235 1539 statu
1261 1477 1410 1542 nobiliore

306 1580 346 1644 ad
360 1579 573 1663 ignobiliorem
588 1581 801 1661 adduceretur,
816 1592 848 1647 et
864 1586 1067 1669 compositum
1084 1586 1235 1650 resultans
1250 1598 1329 1653 essct
1341 1590 1409 1673 qui-

307 1698 376 1761 dem
392 1695 530 1759 naturale
547 1716 584 1757 ex
602 1703 689 1778 parte
714 1700 847 1778 corporis
867 1695 1016 1773 vivificati,
1044 1717 1107 1759 non
1132 1705 1234 1761 tamen
1260 1720 1296 1761 cx
1322 1707 1409 1783 parte

306 1807 433 1893 spiritus
453 1805 641 1883 vivificantis,
661 1806 711 1869 cui
736 1805 839 1889 potius
866 1806 935 1870 talis
961 1806 1136 1870 informatio
1161 1816 1240 1872 esset
1266 1810 1407 1887 violenta,

306 1923 377 2006 quia
392 1941 454 1983 non
468 1918 633 1982 inclinatur
648 1917 827 1981 naturaliter
841 1916 879 1980 ad
895 1927 1008 1981 statum
1024 1918 1234 2002 ignobiliorem
1248 1943 1283 1984 eo
1298 1921 1330 1984 in
1346 1944 1407 2006 quo

305 2022 370 2110 est,
393 2031 475 2095 unde
489 2030 559 2094 talis
575 2030 750 2093 informatio
765 2029 804 2092 ad
820 2052 974 2093 summum
996 2030 1117 2093 admitti
1137 2042 1249 2114 posset,
1267 2034 1292 2095 si
1307 2034 1407 2097 conci-

305 2154 427 2230 peretur
441 2143 553 2207 habere
566 2142 715 2205 rationem
727 2163 836 2225 poenae.
882 2141 999 2205 Censeo
1011 2144 1123 2226 itaque,
1136 2144 1279 2226 angelum
1295 2145 1410 2210 habere

305 2256 472 2339 simplicem
488 2263 518 2317 et
539 2253 709 2317 absolutam
736 2253 946 2317 sufficientiam
971 2253 1009 2316 ad
1030 2254 1227 2318 animandum
1248 2278 1357 2340 corpus
1372 2258 1405 2321 in

303 2367 439 2452 potentia
453 2366 547 2430 vitam
562 2362 688 2444 habens,
701 2364 755 2429 sed
769 2387 832 2429 non
848 2365 959 2428 habere
974 2365 1105 2449 aliquam
1121 2366 1348 2431 inclinationem
1365 2370 1404 2433 ad

302 2480 334 2544 id
349 2477 565 2565 praestandum,
588 2500 624 2542 eo
647 2476 729 2561 quod
750 2477 860 2542 melius
883 2477 926 2542 illi
949 2476 988 2542 sit
1011 2501 1076 2542 csse
1099 2477 1302 2544 substantiam
1317 2503 1402 2565 sepa-

302 2601 409 2656 ratam.
454 2590 592 2654 Tertium
615 2611 685 2654 vero
707 2613 742 2653 ex
765 2589 826 2653 illis
856 2588 954 2653 tribus
976 2589 1095 2653 videtur
1125 2601 1234 2674 sponte
1260 2593 1345 2677 sequi
1366 2616 1403 2658 ex

302 2704 422 2768 duobus
436 2703 598 2788 prioribus.
645 2702 716 2766 Sola
730 2702 812 2765 enim
832 2701 934 2765 anima
955 2700 1100 2779 humana,
1123 2724 1158 2766 eo
1181 2703 1263 2786 quod
1284 2714 1403 2768 creetur

300 2817 333 2878 in
348 2838 482 2900 corpore,
497 2824 616 2878 creatur
633 2823 759 2877 aetuans
774 2813 867 2877 vitam
881 2814 915 2875 in
930 2813 1061 2876 termino
1080 2813 1258 2892 extrinseco,
1272 2817 1303 2878 'ct
1318 2827 1399 2880 caret

299 2926 487 3012 praecedente
510 2949 568 2989 usu
591 2935 622 2988 et
643 2924 826 3009 experientia
849 2932 946 2987 status
968 2923 1120 3001 melioris;
1142 2924 1234 3004 unde,
1253 2948 1349 3008 quum
1364 2951 1401 2990 ex

297 3063 360 3104 una
373 3049 460 3124 parte
474 3038 609 3102 inveniat
624 3038 680 3101 sibi
702 3037 817 3100 bonum
840 3058 904 3100 esse
926 3037 1052 3100 existere
1075 3036 1108 3099 in
1129 3058 1262 3120 corpore,
1285 3039 1400 3103 exalia

299 3174 369 3217 vero
392 3173 455 3215 non
477 3158 640 3232 cognoscat
663 3148 820 3211 meliorem
843 3157 967 3226 statum,
994 3147 1125 3210 libenter
1147 3150 1265 3232 corpori
1288 3151 1400 3215 sociata

297 3271 411 3342 manet,
434 3271 465 3325 ct
487 3276 568 3325 amat
591 3282 701 3343 corpus
723 3282 741 3323 a
764 3282 796 3322 se
818 3259 1026 3337 informatum,
1056 3281 1126 3322 cum
1156 3282 1217 3344 quo
1239 3262 1398 3325 constituit

296 3397 391 3438 unam
408 3382 560 3451 naturam,
576 3381 607 3436 et
623 3373 716 3435 sentit
735 3370 964 3434 inclinationem
980 3370 1018 3433 ad
1039 3371 1277 3454 permanendum
1293 3373 1326 3435 in
1342 3396 1397 3436 suo

296 3485 394 3548 officio
408 3484 485 3547 illud
498 3483 694 3547 informandi.
739 3483 780 3546 Et
794 3482 881 3545 iuxta
894 3480 973 3545 hanc
988 3481 1218 3564 explicationem
1239 3483 1396 3547 inclinatio

294 3596 347 3659 illa
376 3617 440 3657 non
469 3602 516 3657 est
537 3595 660 3676 praecise
691 3591 911 3670 substantialis,
946 3592 999 3656 scd
1030 3592 1187 3672 naturalis,
1210 3593 1241 3657 id
1264 3603 1310 3658 est
1333 3616 1395 3657 non

295 3706 422 3771 rcsultat
447 3705 571 3790 praecise
593 3729 628 3768 ex
650 3705 781 3768 essentia
814 3703 993 3767 substantiae
1024 3703 1142 3782 animae,
1174 3703 1227 3768 sed
1256 3728 1291 3768 ex
1317 3707 1396 3770 facto

290 3817 433 3898 naturali,
459 3817 492 3881 id
518 3826 564 3882 cst
588 3841 624 3881 ex
650 3824 733 3881 statu
756 3817 789 3879 in
818 3837 880 3900 quo
907 3824 1043 3880 versatur
1068 3838 1085 3878 a
1111 3838 1166 3879 sua
1188 3817 1341 3881 creatione
1364 3827 1396 3881 et

290 3931 443 4014 deinceps.
488 3929 529 3993 Ilt
560 3929 603 3992 sic
632 3929 742 3992 animae
763 3927 933 4005 beatorum,
963 3927 1047 3990 iuxta
1070 3949 1126 4005 me,
1150 3949 1205 3991 nec
1229 3938 1300 3991 sunt
1324 3928 1395 3992 sub-

288 4044 408 4109 stantia
430 4045 519 4108 utsic
541 4041 742 4125 incompletee,
765 4061 822 4103 nec
844 4039 917 4122 angi
938 4038 1278 4122 naturaliterpossuut,
1302 4041 1393 4104 etiam

285 4135 515 4239 praescindendo
531 4176 548 4216 a
564 4151 762 4229 beatitudine,
786 4150 823 4214 de
847 4151 1035 4234 separatione
1056 4172 1227 4234 acorpore;
1253 4161 1394 4235 namqui

285 4267 408 4330 meliore
429 4266 521 4330 modo
544 4274 600 4342 est,
630 4285 691 4326 non
724 4263 848 4345 angitur
879 4284 914 4325 co
946 4261 1028 4345 quod
1059 4262 1191 4345 peiorem
1226 4262 1391 4348 reliquerit,

282 4377 394 4440 Anima
411 4386 512 4439 autem
530 4384 666 4459 separata
682 4371 773 4437 habet
790 4372 913 4436 meliore
929 4372 1018 4436 modo
1035 4381 1103 4455 post
1113 4374 1344 4456 separationem,
1358 4393 1391 4439 et
