3200 4975
217 368 290 412 car.
308 349 348 433 u]
668 368 711 411 nn
728 367 876 412 nonius.
1258 346 1321 406 127

216 536 253 599 fit
274 536 307 598 in
327 535 462 619 potentia
481 534 575 599 vitam
600 533 726 613 habens,
741 542 774 597 et
795 540 1026 617 consequenter,
1042 530 1150 597 debere
1170 528 1263 594 creari
1287 529 1319 591 in

217 646 286 731 ipso
296 667 430 730 corpore,
440 644 524 709 iuxta
533 653 713 729 praesentem
728 643 827 729 ipsius
838 642 1031 727 exigentiam,
1043 652 1079 706 ut
1090 642 1188 706 eidem
1204 639 1321 725 corpori

218 765 339 822 maneat
354 757 536 822 coniunctus
549 757 583 821 in
599 756 718 821 unitate
732 765 851 821 naturae
865 754 1012 841 quamdiu
1026 754 1128 840 ipsum
1143 774 1252 839 corpus
1263 752 1321 815 erit

219 869 404 954 dispositum
419 868 458 934 ad
473 868 665 954 operationes
679 868 758 933 vitae.

261 980 378 1045 Utrum
400 988 504 1046 autem
528 979 663 1064 spiritus,
687 978 741 1063 qui
770 986 889 1043 creatur
913 978 1034 1042 infusus
1057 977 1184 1062 corpori,
1209 976 1322 1062 quique

220 1092 333 1157 dicitur
346 1094 455 1167 onium,
465 1100 496 1156 et
511 1091 637 1177 spiritus
651 1101 807 1176 separatus
823 1090 885 1154 sint
900 1090 1024 1155 diversae
1034 1089 1143 1174 speciei
1157 1090 1190 1153 in
1206 1088 1323 1152 ratione

221 1205 400 1270 substantiae
420 1204 598 1291 spiritualis,
613 1226 651 1267 ex
669 1203 727 1268 hac
746 1202 864 1268 diversa
886 1203 1088 1267 destinatione
1110 1201 1246 1287 proxima
1261 1224 1323 1265 non

221 1318 342 1383 videtur
364 1318 549 1383 sufficienter
570 1315 674 1400 colligi
701 1338 801 1401 posse.
847 1315 930 1380 lllud
953 1315 1036 1379 euim
1058 1313 1142 1401 quod
1172 1336 1190 1377 a
1218 1312 1325 1377 multis

222 1429 334 1494 dicitur
344 1437 414 1515 post
430 1429 463 1494 S.
474 1428 634 1507 Thomam,
644 1427 728 1513 quod
742 1428 844 1491 anima
859 1434 890 1491 et
905 1427 1033 1513 angelus
1042 1426 1195 1491 diversum
1209 1425 1325 1490 habent

222 1542 349 1605 modum
360 1540 517 1627 operandi,
529 1551 560 1604 et
571 1547 790 1624 consequenter
800 1539 934 1603 diversas
947 1539 1117 1617 facultates,
1130 1546 1160 1603 et
1175 1537 1325 1602 diversam

222 1652 396 1730 essentiam,
410 1652 490 1716 nihil
511 1652 639 1737 probare
661 1650 801 1729 ridetur3
824 1673 922 1736 quum
936 1650 1004 1715 hmo
1025 1650 1142 1715 diversa
1163 1648 1241 1714 ratio
1254 1671 1327 1734 ope·

224 1764 313 1829 randi
325 1762 452 1828 omnino
471 1762 549 1827 beno
562 1762 704 1848 explicari
723 1762 821 1848 possit
836 1785 872 1827 ex
891 1762 1008 1827 diverso
1024 1770 1107 1827 statu
1129 1760 1326 1838 eorumdem

224 1897 260 1939 ex
274 1875 333 1940 hoc
347 1875 431 1940 enim
446 1873 574 1938 resultat
589 1873 742 1939 diversum
756 1872 933 1938 exercitium
949 1873 1124 1939 earumdem
1134 1872 1326 1950 facultatum,

224 1996 260 2051 ut
285 1988 366 2051 infra
390 1985 604 2051 ostendemus:
627 1994 720 2070 atque
740 1984 823 2049 idem
846 1984 906 2049 dici
929 1992 1030 2070 potest
1060 1984 1098 2049 de
1120 1984 1327 2061 inclinatione,

226 2121 317 2183 quam
333 2098 426 2162 habet
439 2098 542 2161 anima
556 2097 595 2161 ad
610 2119 701 2161 suum
716 2118 837 2182 corpus,
847 2118 915 2181 quae
929 2096 1097 2182 explicatur
1110 2119 1164 2181 per
1178 2096 1237 2161 hoo
1245 2095 1327 2180 quod

227 2210 328 2274 anima
351 2210 390 2274 dc
412 2210 503 2289 facto,
518 2208 559 2272 ob
576 2216 692 2273 statum
709 2208 743 2272 in
765 2229 829 2293 quo
849 2208 975 2293 ponitur
998 2207 1072 2272 dum
1096 2217 1224 2288 creatur,
1239 2230 1329 2293 expe-

227 2321 324 2386 riatur
337 2328 550 2405 permanenter
572 2341 682 2404 corpus
704 2341 770 2384 esse
787 2318 847 2383 sibi
865 2319 942 2384 utile
961 2319 1201 2384 instrumentum
1223 2320 1328 2403 cogni-

226 2433 349 2498 tionum
363 2440 395 2497 et
414 2430 542 2496 aliamm
556 2430 778 2517 operationum,
794 2452 851 2496 neo
873 2430 967 2496 ullam
981 2431 1092 2498 habeat
1113 2431 1329 2516 experientiam

229 2545 267 2610 de
280 2545 418 2610 bonitate
439 2552 538 2609 status
553 2542 679 2607 solitarii
699 2550 784 2606 extra
803 2564 922 2627 eorpus.
968 2542 1085 2608 Contra
1103 2565 1173 2607 vcro
1191 2543 1329 2627 angelus,
1386 2518 1389 2526 ¹

228 2657 269 2721 ob
293 2666 408 2721 statum
432 2654 614 2733 solitarium,
636 2654 669 2717 in
692 2675 754 2739 quo
780 2662 910 2734 creatur,
932 2661 963 2718 et
986 2653 1019 2718 in
1041 2676 1103 2739 quo
1125 2676 1156 2718 se
1178 2654 1331 2740 experitur

230 2789 365 2832 exercere
373 2765 588 2831 convenienter
596 2765 785 2849 operationes
797 2764 875 2844 vitae,
888 2764 1021 2829 adhunc
1032 2773 1148 2830 statum
1161 2765 1330 2830 solitarium

231 2879 370 2944 afficitur.
417 2876 520 2953 Quare
541 2898 658 2955 censeo,
673 2898 736 2940 non
758 2898 847 2960 posse
861 2876 982 2942 ostendi
1003 2877 1171 2957 efficaciter,
1187 2878 1330 2962 angelum

230 2998 262 3052 et
276 2989 409 3055 animam
423 3011 490 3054 esse
512 2987 636 3054 diversae
650 2987 760 3072 speciei
774 2988 807 3052 in
830 2987 946 3053 ratione
961 2988 1139 3054 substantiae
1154 2989 1331 3074 spiritualis.

232 3101 281 3165 De
291 3123 352 3186 qua
367 3122 400 3164 re
410 3099 479 3164 vide
488 3098 572 3182 quod
580 3097 712 3162 diximm
723 3097 756 3162 in
767 3098 956 3183 precedente
965 3107 1097 3165 tractatu
1107 3123 1139 3164 n.
1152 3103 1204 3180 57,
1216 3103 1268 3179 58,
1279 3105 1332 3166 59.

591 3346 777 3389 auricomo
792 3345 973 3390 SECUNDUS.
998 3383 1001 3390 i

298 3500 346 3562 De
360 3496 518 3561 intrinseca
533 3498 740 3561 constitutione
755 3499 906 3580 compositi
920 3519 957 3562 ec
970 3500 1077 3587 spiritu
1092 3508 1120 3564 ot
1135 3503 1267 3564 materia.

279 3664 331 3726 10.
354 3657 510 3736 Quaeritur
534 3658 585 3723 laio
606 3658 716 3744 primo,
731 3681 771 3722 aa
791 3661 833 3723 ad
852 3661 1081 3724 constituendum
1103 3671 1239 3726 uotorum
1261 3686 1336 3726 omn-

229 3774 359 3856 poritom
372 3773 512 3836 marem
526 3771 738 3835 delectantem
757 3792 789 3834 ac
803 3772 908 3835 tabem
922 3772 963 3835 ud
974 3795 1078 3856 corpus
1092 3782 1241 3858 tamquam
1255 3784 1338 3838 actua

235 3883 458 3968 adpetentiam.

280 3991 464 4080 Respondeo
489 3990 676 4057 affirmative.
721 3992 803 4058 Nam
828 3992 915 4072 illud,
932 4016 992 4078 quo
1015 4016 1125 4080 corpus
1149 3995 1182 4059 in
1203 3998 1340 4080 potentia

235 4106 329 4171 vitam
350 4104 468 4170 habens
490 4103 525 4167 fit
541 4111 611 4167 actu
625 4102 739 4183 vivens,
754 4113 801 4168 est
823 4105 888 4190 ipse
912 4114 998 4170 actus
1021 4117 1148 4171 aetuans
1170 4109 1339 4193 potentiam

235 4219 315 4283 vitae.
358 4214 456 4301 Atqui
471 4215 628 4279 animae'st
642 4214 729 4295 illud,
740 4238 801 4300 quo
813 4217 965 4301 corpusin
974 4218 1214 4304 potentiavitam
1225 4220 1341 4285 habens

235 4329 272 4392 lit
286 4336 357 4393 actu
372 4325 486 4391 vivens.
530 4325 614 4410 Ilrgo
626 4325 728 4390 anima
743 4335 789 4390 est
805 4335 891 4391 actus
902 4329 1035 4414 corporis
1049 4329 1082 4393 in
1097 4331 1234 4414 potentia
1250 4331 1342 4396 vitam
