3200 4975
241 351 312 400 car.
329 331 384 420 ir]
704 355 746 398 nr
763 354 909 398 nonrun.
1277 333 1340 396 217

237 521 341 586 biliter
362 518 507 585 continua
531 541 584 603 per
607 527 703 584 totam
733 519 924 604 superficiem
953 541 1021 604 quae
1050 518 1161 583 dieitur
1190 517 1336 602 laevigata.

239 635 288 698 De
308 656 399 698 sensu
423 632 492 696 duri
511 642 542 695 et
561 631 673 709 mollis,
694 631 806 716 liquidi
825 632 873 696 vel
893 631 1107 716 pulverulenti,
1127 639 1158 695 et
1178 627 1337 707 similibus,

237 746 316 811 nihil
338 743 531 821 addendum
554 765 649 827 quum
668 742 810 808 facillime
833 743 1038 829 explicentur:
1062 752 1093 806 et
1113 743 1183 806 ideo
1201 741 1238 806 de
1255 752 1339 806 tactu

238 856 312 920 satir
328 854 377 919 sit.

281 967 330 1031 De
351 967 466 1032 olfactu
488 989 566 1047 vero,
589 964 680 1030 etde
701 973 796 1050 gustu
824 967 1002 1050 praesertim,
1033 965 1153 1031 difficile
1175 974 1222 1030 est
1243 965 1337 1050 loqui,

238 1079 310 1164 quia
324 1077 431 1142 odores
446 1085 477 1142 et
492 1099 613 1162 sapores
632 1076 769 1141 nondum
793 1076 953 1141 subierunt
974 1099 1041 1141 eam
1064 1076 1223 1163 analysim,
1246 1098 1337 1161 quam

239 1190 306 1254 soni
327 1199 358 1254 et
380 1189 512 1254 colores:
535 1188 655 1254 videtur
677 1197 780 1252 tamen
803 1188 977 1266 dicendum,
1000 1188 1083 1273 quod
1105 1188 1184 1252 sicut
1205 1187 1338 1252 diversos

238 1301 351 1367 colores
365 1300 504 1365 videmus
526 1309 650 1384 propter
671 1298 824 1364 diversum
845 1321 1008 1364 numerum
1024 1299 1229 1364 vibrationum
1250 1300 1337 1380 lueis,

238 1422 269 1477 et
284 1413 381 1496 magis
397 1411 443 1476 vel
458 1411 561 1475 minus
575 1410 690 1474 vividos
704 1431 760 1495 pro
779 1411 892 1475 maiore
906 1411 954 1475 vel
973 1412 1090 1476 minore
1110 1411 1288 1476 intensitate
1308 1419 1339 1476 et

237 1523 438 1609 amplitudine
452 1522 667 1601 vibrationum,
682 1521 725 1586 ita
739 1521 873 1587 diversos
888 1521 995 1587 odores
1012 1523 1195 1608 percipimus
1214 1532 1339 1609 propter

237 1635 388 1701 diversum
424 1655 587 1698 numerum
615 1632 821 1697 vibrationum
853 1655 929 1718 quas
957 1642 1122 1718 provocant
1150 1635 1185 1698 in
1213 1634 1339 1699 naribus

238 1747 394 1832 particulae
410 1746 576 1824 odorifera,
591 1766 703 1829 eosque
717 1745 815 1828 magis
830 1743 878 1809 vel
893 1745 995 1809 minus
1015 1745 1152 1810 intensos
1168 1768 1223 1830 pro
1237 1746 1338 1810 inten-

237 1861 326 1924 sitate
356 1869 448 1945 atque
476 1857 677 1943 amplitudine
697 1857 913 1921 vibrationum.
958 1857 1073 1921 Utrum
1104 1868 1205 1922 autern
1231 1858 1339 1923 odores

238 1971 389 2056 simplices
411 1969 516 2034 reduci
537 1969 656 2054 possint
678 1968 717 2032 ad
739 1976 867 2053 septem,
890 1968 936 2033 vel
958 1968 997 2033 ad
1019 1978 1090 2049 tres,
1114 1969 1193 2034 sicut
1214 1971 1338 2050 colores,

237 2082 361 2168 penitus
389 2081 539 2152 incertum
562 2087 627 2160 est3
653 2077 788 2144 fortassis
817 2080 899 2143 enim
924 2090 1094 2164 sequuntur
1122 2081 1212 2145 aliam
1240 2081 1340 2167 legem

237 2194 363 2259 omnino
392 2193 551 2271 diversam,
572 2215 599 2256 v.
620 2214 667 2276 gr.
689 2191 787 2276 legem
818 2213 973 2271 sonorum,
997 2192 1149 2276 aquibus
1174 2194 1339 2278 accipimus

237 2307 330 2372 etiam
350 2304 474 2390 aliquod
496 2303 653 2389 epitheton
675 2324 731 2387 pro
754 2302 856 2383 odore,
878 2325 973 2388 quum
997 2303 1035 2368 de
1054 2326 1090 2368 eo
1111 2302 1239 2369 dicimus
1255 2306 1338 2390 quod

237 2426 283 2482 est
297 2440 329 2505 v..
347 2439 393 2501 gr.
414 2424 518 2480 ocutus
539 2415 585 2479 vel
604 2416 715 2501 proris.
762 2415 842 2479 Item
865 2415 903 2480 de
925 2416 1083 2502 saporibus
1105 2416 1227 2502 penitus
1249 2418 1337 2504 igno-

235 2539 322 2595 ratur
350 2552 404 2615 per
432 2528 507 2614 quid
536 2526 783 2612 distinguantur:
814 2536 845 2592 et
873 2528 944 2593 licet
973 2529 1068 2614 possit
1098 2530 1167 2614 quis
1196 2530 1338 2596 reducere

237 2664 358 2726 sapores
378 2639 549 2725 primitivos
571 2639 738 2703 secundum
761 2639 930 2725 analogiam
949 2641 1082 2705 colorum
1099 2642 1131 2706 in
1147 2651 1275 2726 spectro,
1289 2642 1338 2707 vel

237 2752 403 2818 seeundum
426 2752 559 2836 aliquam
582 2750 682 2829 aliam,
706 2758 807 2815 totum
829 2759 865 2816 ut
887 2744 983 2835 gratis
1005 2752 1139 2817 effictum
1162 2753 1335 2837 accipietur.

237 2864 298 2929 Sed
325 2865 384 2928 hoc
412 2884 510 2927 unum
532 2861 653 2926 videtur
681 2870 829 2941 constare,
859 2862 951 2926 etiarn
981 2864 1058 2928 circa
1087 2871 1224 2948 gustum,
1254 2864 1337 2950 quod

236 2974 360 3039 diversae
388 2975 502 3059 species
531 2995 674 3058 saporum
704 2973 845 3037 oriuntur
874 2996 910 3037 ex
939 2973 1058 3039 diverso
1087 2998 1215 3040 numero
1238 2976 1336 3041 vibra·

235 3086 365 3165 tionum,
388 3106 464 3169 quas
487 3084 596 3150 diversi
618 3084 678 3147 cibi
700 3084 832 3148 excitant
855 3084 887 3149 in
910 3088 1033 3171 organis
1057 3096 1177 3172 gustus,
1200 3100 1230 3156 et
1253 3093 1336 3178 quod

235 3196 396 3261 intensitas
424 3196 520 3260 maior
541 3194 589 3260 vel
611 3196 712 3258 minor
733 3195 861 3260 alicuius
890 3197 1004 3282 saporis
1033 3200 1145 3283 pendet
1167 3201 1205 3265 ab
1228 3204 1334 3289 ampli-

235 3308 343 3372 tudine
357 3305 530 3371 earumdem
547 3305 760 3370 vibrationum.

279 3420 388 3503 ltaque
411 3440 519 3481 sensus
548 3418 673 3496 externi,
699 3416 770 3481 licet
795 3440 832 3482 ex
857 3427 944 3505 parte
972 3420 1113 3509 principii
1136 3446 1199 3489 non
1226 3427 1334 3493 distin·

233 3537 377 3613 guantur,
400 3528 634 3613 distinguuntur
654 3550 691 3592 ex
714 3537 798 3613 parte
819 3551 1013 3613 organorum,
1036 3556 1104 3619 quae
1126 3536 1165 3601 ob
1185 3537 1334 3605 diversam

234 3638 483 3704 constitutionem
517 3646 590 3722 apta
619 3646 692 3702 sunt
721 3638 761 3703 ad
789 3640 978 3726 recipiendos
1012 3653 1114 3709 motus
1148 3648 1333 3715 diversarum

234 3750 437 3835 specierum*.
483 3748 572 3813 Idem
587 3749 748 3827 obiectum,
771 3773 799 3813 v.
824 3772 870 3835 gr.
887 3774 964 3833 rosa,
984 3763 1086 3839 potest
1101 3758 1204 3842 plures
1227 3784 1334 3827 sensus

233 3883 363 3941 movere,
382 3882 411 3924 v.
432 3882 479 3944 gr.
501 3859 611 3938 visum,
633 3859 805 3940 odoratum,
835 3871 952 3928 tactum
974 3876 1005 3930 et
1027 3876 1171 3951 glastum:
1195 3873 1334 3940 sednon

267 4057 285 4094 s
302 4052 372 4107 Hoeo
384 4051 483 4122 omnia,
495 4057 526 4105 ut
537 4056 620 4123 petet,
632 4051 718 4106 brutis
730 4055 894 4109 conveniunt
906 4074 960 4111 non
972 4060 1062 4117 minus
1070 4079 1152 4133 quam
1163 4066 1333 4128 hominibus:

231 4142 316 4195 immo
328 4138 439 4211 quidam
454 4155 547 4192 sensus
559 4138 589 4192 in
601 4138 763 4209 quibusdam
780 4139 866 4196 brutis
885 4143 967 4197 etiam
983 4146 1152 4217 perfectiores
1164 4161 1235 4225 sunt,
1252 4174 1333 4228 quam

231 4228 261 4282 in
272 4224 437 4294 hominibus,
456 4224 485 4279 in
503 4223 601 4296 quibus
618 4224 687 4279 ratio
705 4225 873 4284 abundanter
889 4231 996 4303 supplet
1010 4234 1162 4293 ulteriorem
1174 4260 1266 4300 sensus
1278 4247 1333 4302 vir·

232 4320 328 4369 tutem.
887 4322 892 4329 '
