3200 4975
221 366 293 409 car.
311 346 381 429 rra]
693 370 735 411 ns
753 368 899 415 norrun.
1265 356 1328 418 255

223 533 379 596 internum
395 541 466 598 actu
486 542 686 617 permanente
707 557 841 619 praesens
850 563 860 621 3
883 560 918 601 co
941 538 1007 623 ipso
1028 538 1158 604 babetur
1179 540 1330 626 quidquid

222 645 388 730 requiritur
403 644 441 708 ad
456 644 689 729 possibilitatem
713 658 800 713 actus
821 648 936 729 reflexi,
958 672 1020 735 quo
1041 651 1111 736 quis
1132 653 1279 738 percipiat
1296 676 1329 717 se

223 755 450 842 percipientem.
507 755 768 844 Quotiescumque
803 768 907 825 autem
940 762 1033 827 homo
1067 764 1194 829 reflectit
1228 763 1268 829 sd
1297 788 1329 831 se

190 894 194 899 ’
222 869 335 952 ipsum,
366 868 474 953 nequit
503 890 566 932 non
588 870 691 934 videre
719 871 803 956 quod
827 881 897 939 actu
918 896 1052 958 praesens
1074 883 1120 939 est
1142 875 1175 939 in
1197 898 1230 941 ss
1251 877 1327 961 ipso.

222 980 317 1065 Ergo,
340 979 367 1044 si
388 980 481 1045 habet
503 989 606 1045 actum
628 981 717 1046 illum
747 983 897 1048 directum
926 995 1165 1069 permanentem,
1195 989 1328 1073 quoties-

225 1114 356 1177 cumque
378 1093 417 1157 ad
439 1115 472 1156 se
492 1093 630 1171 reflectit,
653 1094 762 1159 reflare
783 1098 941 1180 cognoscit
962 1120 993 1162 se
1012 1099 1154 1163 intuitive
1175 1100 1330 1187 percipere

222 1204 256 1268 id
272 1204 357 1289 quod
375 1227 431 1289 per
449 1204 538 1268 illum
557 1215 661 1271 sctum
685 1209 852 1292 cognoscit.
896 1210 1004 1295 Atqui,
1026 1233 1123 1296 quum
1145 1213 1329 1278 reflectimus

222 1315 262 1379 sd
282 1337 338 1379 nos
360 1315 452 1401 ipsos,
476 1318 690 1401 cognoscimus
712 1341 854 1384 noanon
880 1321 1035 1406 percipere
1056 1323 1199 1388 intuitive
1220 1346 1275 1388 eus
1294 1326 1328 1387 in

222 1426 395 1508 universali,
425 1450 482 1493 nec
510 1429 633 1506 Deum;
657 1430 740 1515 quod
770 1454 835 1495 non
864 1431 984 1516 indiget
1012 1433 1201 1518 probatione,
1231 1458 1327 1521 quum

223 1548 342 1604 constet
362 1539 537 1625 unicuique.
582 1541 667 1625 Ergo
688 1542 803 1606 falsum
823 1550 870 1607 est
892 1566 949 1608 uos
970 1544 1082 1610 habere
1103 1546 1172 1611 illos
1195 1547 1327 1612 intuitus

223 1650 354 1715 directos
374 1660 607 1735 permanentes,
631 1653 726 1718 immo
748 1676 805 1718 nec
826 1654 975 1720 habemus
997 1679 1048 1721 eos
1068 1665 1272 1736 transcuntes,
1293 1668 1328 1723 ut

223 1786 260 1827 ex
276 1763 473 1848 sequentibus
487 1764 655 1849 apparebit.

267 1876 414 1941 Rationes
436 1876 653 1961 ontologorum
675 1878 709 1941 in
733 1880 918 1943 contrarium
943 1888 1091 1964 petuntur
1113 1904 1131 1945 a
1150 1882 1328 1945 necessitate

223 1986 393 2071 explicandi
415 1987 564 2072 originem
588 1989 743 2054 idearum:
768 1990 938 2054 videbimus
960 1991 1040 2055 infra
1061 2013 1125 2055 nou
1146 2014 1211 2057 csse
1234 1992 1273 2055 ad
1295 1992 1328 2056 id

222 2100 425 2163 necessarium
454 2100 602 2165 intuitum
625 2101 820 2180 huiusmodi3
844 2102 968 2169 interim
989 2112 1142 2183 notamus,
1164 2104 1258 2168 talem
1280 2104 1327 2168 in-

222 2212 346 2289 tuitum,
377 2218 412 2274 ut
440 2210 682 2295 inexplicabilem
712 2221 743 2276 et
772 2213 960 2277 contrarium
992 2214 1113 2294 rationi,
1146 2237 1209 2279 non
1238 2236 1327 2300 posse

222 2323 338 2387 assumi
352 2332 388 2386 ut
402 2319 639 2387 fundamentum
657 2323 819 2388 cuiuslibet
833 2324 1050 2409 explicationis.

263 2438 315 2501 95.
341 2434 496 2513 Quaeritur
517 2446 637 2522 quarto,
659 2444 759 2501 atrum
780 2437 866 2500 detur
888 2438 952 2502 idea
975 2438 1087 2502 directa
1108 2439 1140 2511 ia
1159 2438 1213 2504 boc
1231 2460 1326 2516 sensu,

220 2550 299 2633 quod
319 2550 505 2633 imprimatur
528 2552 646 2632 species,
673 2545 745 2633 quia
769 2551 872 2614 statim
896 2559 1037 2634 sequatur
1059 2558 1143 2614 actua
1167 2553 1324 2635 apprehen·

220 2661 314 2725 doadi.

264 2771 445 2855 Respondeo
468 2772 619 2856 negative.
665 2770 748 2835 Nam
768 2772 867 2836 virtus
893 2771 990 2835 activa
1013 2769 1187 2835 intellectus
1209 2771 1327 2836 eteius

220 2883 379 2968 passivitas
393 2906 456 2948 non
471 2891 545 2948 sunt
559 2883 623 2948 duo
637 2883 729 2963 entia,
743 2883 797 2947 sed
812 2905 921 2961 unum,
938 2882 1017 2947 sicut
1031 2881 1130 2946 forma
1143 2891 1176 2946 et
1189 2883 1327 2946 materia.

220 2995 415 3080 Impossibile
442 3017 516 3080 ergo
545 3004 593 3059 est
621 2994 687 3058 lieri
715 3004 835 3058 motum
858 2994 892 3058 in
915 2993 1099 3080 passivitate,
1129 2994 1205 3078 quin
1230 2993 1327 3058 virtus

219 3107 326 3186 activa,
353 3129 422 3192 quae
446 3115 493 3171 est
523 3119 609 3172 actus
637 3105 721 3170 illius
749 3105 944 3192 passivitatis,
957 3105 960 3110 ’
973 3104 1156 3170 terminetur
1178 3105 1218 3169 ad
1243 3103 1327 3169 illam

219 3218 398 3297 motionem,
431 3218 510 3283 sicut
538 3217 725 3302 impossibile
754 3226 802 3282 est
830 3226 981 3302 punctum
1010 3215 1166 3282 materiale
1193 3216 1327 3300 recipere

218 3339 338 3395 motum
353 3331 523 3395 secundum
537 3332 588 3396 soi
601 3332 635 3394 iu
654 3353 711 3396 sua
732 3331 869 3410 materia,
892 3329 968 3415 quin
991 3329 1089 3393 forma
1109 3327 1186 3393 dans
1199 3328 1247 3394 illi
1261 3351 1327 3393 esse

219 3442 354 3508 inveniat
369 3464 402 3505 se
415 3451 487 3506 actu
500 3441 534 3506 in
548 3441 587 3506 iis
600 3444 652 3506 noi
664 3443 698 3506 in
718 3442 832 3527 quibus
851 3451 922 3507 actu
945 3441 1070 3506 materia
1093 3449 1241 3506 movetur.
1285 3441 1327 3505 llt

221 3554 390 3619 similitudo
404 3553 531 3618 omnino
545 3554 676 3638 quadrat
683 3580 694 3633 3
717 3576 789 3618 nam
806 3553 881 3618 dum
896 3553 975 3618 actio
993 3552 1103 3618 obiecti
1124 3552 1326 3638 intelligibilis

219 3666 365 3751 recipitur
393 3665 426 3730 in
455 3667 632 3750 passivitate
663 3664 849 3745 intellectus,
879 3665 1068 3750 imprimitur
1100 3665 1173 3730 hnic
1201 3665 1325 3750 quidam

219 3786 323 3842 motus
345 3799 401 3862 per
422 3779 473 3843 noi
495 3776 719 3855 intellectuale,
741 3799 839 3862 quum
864 3799 938 3861 ergo
964 3777 1009 3842 vis
1032 3778 1130 3842 activa
1152 3776 1326 3842 intellectus

220 3912 284 3954 non
312 3889 517 3955 constituatur
542 3889 574 3952 in
604 3891 655 3953 ubi
683 3888 883 3953 intellectuali
911 3888 972 3953 nisi
1001 3888 1202 3967 terminativc,
1224 3888 1325 3964 idest

219 4010 345 4086 propter
365 4000 573 4085 passivitatem
595 4022 691 4079 suam,
715 3999 749 4064 in
774 4022 836 4084 qua
851 3999 916 4065 sola
928 3995 1074 4085 recipitur
1093 4000 1217 4084 speeies,
1233 3999 1327 4084 recipi

219 4113 368 4178 actionem
390 4111 594 4196 intelligibilis
614 4113 646 4177 in
661 4113 719 4177 hac
739 4113 915 4197 passivitate
934 4114 1080 4198 importat
1096 4122 1141 4190 ut,
1158 4112 1233 4176 dum
1247 4113 1326 4176 actio

219 4225 365 4311 recipitur
376 4224 587 4289 determinans
598 4224 637 4288 ad
649 4224 853 4288 ubicationcm
868 4224 951 4288 illam
965 4223 1212 4302 intellectualem,
1228 4223 1325 4288 forma

220 4336 297 4400 dans
318 4336 364 4400 illi
385 4336 553 4420 passivitati
575 4335 709 4420 primum
732 4357 797 4399 esse
819 4335 859 4400 slt
880 4344 951 4399 actu
966 4335 1157 4400 terminative
1171 4335 1204 4400 in
1219 4334 1325 4399 eadem
