3200 4975
243 324 315 367 oar.
333 304 402 386 nn]
655 325 697 366 nu
713 324 964 375 aocrnanrmus.
1292 307 1357 370 343

248 490 336 552 cuius
352 497 417 551 tota
431 489 542 551 entitas
554 487 651 551 estad
665 487 748 551 aliud
763 511 795 551 se
811 486 931 566 habere,
948 510 1009 550 non
1026 497 1125 572 potest
1142 490 1285 553 constitui
1301 513 1354 575 per

247 600 364 685 aliquid
380 600 566 663 absolutum.

292 711 547 777 Concludendum
562 720 608 775 est
623 711 728 793 igitur,
752 710 912 774 entitatem
937 710 1093 775 relationis
1112 734 1178 775 csse
1186 715 1352 797 participa-

247 826 353 887 tionem
364 824 487 886 daaram
500 825 532 885 in
544 823 642 906 aliquo
656 844 724 900 uno,
740 829 832 905 prout
846 822 1037 907 participatio
1053 822 1126 887 dicit
1142 833 1244 889 actum
1259 826 1353 910 parti·

246 934 369 1019 cipandi
383 936 476 998 active
491 943 544 997 aut
554 936 690 1018 passive:
716 934 812 998 active
827 934 884 1018 pro
900 934 1035 999 subiecto
1055 930 1219 1013 relationis,
1235 936 1352 1020 passive

245 1069 301 1130 pro
315 1047 381 1109 eius
396 1046 537 1110 termino.
582 1046 677 1109 Prout
696 1054 800 1109 autem
821 1046 1012 1131 participatio
1032 1047 1096 1111 haec
1111 1048 1168 1111 erit
1182 1047 1350 1112 secundnm

244 1182 308 1223 rem
319 1159 366 1223 vel
382 1158 549 1223 secundum
566 1159 717 1223 rationem
732 1166 866 1236 tanturn,
883 1158 994 1221 entitas
1010 1158 1164 1222 relationis
1180 1159 1237 1222 crit
1253 1158 1350 1238 realis,

244 1271 292 1335 vel
307 1270 406 1354 logica
421 1279 551 1334 tantum.
599 1270 789 1333 Sententiam
813 1269 903 1349 hanc,
925 1292 985 1355 qua
1004 1270 1096 1335 etiam
1116 1281 1247 1355 negatur
1261 1270 1349 1335 realis

240 1380 396 1446 distinctio
415 1382 571 1447 relationis
586 1405 604 1445 a
618 1404 674 1444 suo
689 1381 898 1459 fundamento,
914 1382 1039 1466 exponit
1063 1384 1173 1447 Suarez
1193 1384 1347 1467 (Metaph.

245 1493 323 1579 disp.
338 1494 421 1557 xlvii.
437 1502 509 1558 sect.
525 1496 556 1557 2.
573 1515 603 1556 n.
622 1494 741 1575 12-22)
756 1516 883 1577 eamque
898 1495 963 1579 ipse
978 1505 1071 1573 tenet,
1093 1495 1232 1559 refutatis
1250 1494 1348 1559 omni-

243 1604 303 1667 bus
322 1603 498 1668 adversariis
508 1632 517 1683 3
541 1627 632 1688 quem
653 1604 786 1668 consule.
833 1604 953 1669 Relatio
976 1617 1078 1670 autem
1102 1618 1132 1669 et
1152 1608 1217 1671 eius
1237 1608 1347 1672 funda·

244 1727 394 1794 mentum,
421 1726 457 1781 ut
482 1740 519 1780 ex
545 1716 634 1780 dictis
660 1717 797 1796 resultat,
829 1718 1064 1802 distinguuntur
1092 1720 1190 1784 solum
1220 1721 1347 1801 ratione,

241 1829 320 1893 sicut
343 1829 577 1913 distinguuntur
600 1829 647 1893 tic
673 1830 758 1893 domo
781 1838 813 1893 et
836 1831 894 1893 lucc
914 1832 1090 1910 humanitas,
1114 1831 1162 1895 vel
1187 1833 1266 1895 siout
1290 1834 1348 1896 lucc

235 1941 338 2024 fipara
352 1942 492 2025 spherica
507 1951 538 2004 et
552 1942 614 2004 lacae
626 1941 809 2023 tpdericitus
823 1942 893 2018 eius,
910 1949 968 2004 etc.

286 2056 341 2117 48.
365 2051 521 2128 Quaeritur
536 2052 679 2130 secundo,
696 2053 856 2136 quotuplex
869 2054 910 2116 sit
924 2052 1038 2117 relatio.

287 2164 479 2250 Respondco,
511 2163 738 2229 distinctionem
768 2164 950 2228 relationum
980 2164 1075 2249 accipi
1104 2186 1122 2228 a
1150 2164 1345 2232 distinctione

240 2278 529 2342 fundamentorum:
553 2276 691 2362 sequitur
705 2300 742 2340 ex
757 2276 855 2341 dictis.
901 2274 960 2340 Tot
974 2298 1047 2359 ergo
1063 2285 1136 2340 sunt
1151 2277 1275 2343 diversae
1291 2290 1344 2345 aut

237 2389 388 2453 distinctae
402 2388 572 2467 relationes,
588 2393 663 2473 quot
678 2396 752 2452 sunt
768 2388 885 2452 diversa
900 2396 954 2451 aut
969 2387 1113 2451 distincta
1130 2389 1341 2456 fundamenta.

238 2502 486 2566 Fundamentum
510 2508 613 2564 autem
637 2501 782 2565 dividitur
805 2501 837 2564 in
860 2524 910 2565 cns
931 2502 1009 2564 reale
1030 2510 1061 2565 et
1082 2525 1132 2566 eras
1148 2506 1290 2568 rationes:
1314 2515 1345 2569 et

237 2615 305 2678 ideo
327 2616 427 2698 prima
447 2635 561 2697 magna
582 2613 764 2677 relationum
787 2614 895 2678 divisio
915 2623 961 2678 est
983 2613 1016 2678 in
1036 2615 1193 2679 reditiones
1206 2617 1299 2680 reales
1313 2627 1343 2681 ct

236 2727 393 2804 relationes
420 2726 555 2788 rationes.
601 2724 650 2787 De
671 2723 804 2788 realibus
826 2725 877 2788 hic
900 2724 998 2788 sulum
1028 2748 1163 2810 agemus,
1194 2727 1266 2810 quia
1295 2728 1342 2793 hae

236 2846 358 2901 tantum
373 2836 494 2900 suntin
510 2834 760 2918 praedicamento:
784 2834 838 2899 sed
860 2834 947 2900 facile
970 2836 1027 2901 erit
1047 2859 1083 2900 ea
1102 2837 1205 2900 omnia
1220 2860 1287 2922 quae
1303 2840 1340 2904 dc

122 2979 126 2992 ι
235 2948 284 3010 his
300 2947 434 3010 dicemus
449 2944 648 3009 relationibus
662 2945 788 3008 rationis
804 2944 964 3031 applicare.

278 3061 331 3122 49.
356 3056 511 3133 Quaeritur
525 3055 625 3135 tertio,
641 3057 800 3140 quotuplec
814 3058 854 3121 sit
868 3057 972 3120 relatio
988 3058 1086 3121 realis.

280 3170 470 3254 Respondeo,
493 3193 558 3234 esse
581 3169 713 3254 duplicis
735 3170 866 3253 generis,
886 3169 956 3254 quia
976 3169 1055 3232 reale
1077 3169 1187 3234 dicitnr
1202 3179 1269 3233 tum
1285 3193 1339 3234 ens

235 3283 477 3369 metaphysicum
492 3291 560 3344 tum
575 3280 754 3366 physicum:
777 3289 809 3345 et
825 3281 893 3344 ideo
909 3280 1069 3344 relationes
1090 3281 1193 3360 reales,
1209 3304 1338 3367 quarum

234 3395 470 3459 fundamentum
496 3401 542 3457 est
568 3394 682 3457 entitas
712 3394 928 3480 metaphysica,
960 3393 1105 3457 dicuntur
1134 3395 1340 3481 metaphysice

234 3506 338 3584 reales,
362 3514 393 3569 et
415 3505 513 3588 magis
543 3505 745 3568 communiter
773 3505 1054 3568 nanscendentales:
1078 3503 1238 3568 relationes
1260 3527 1340 3584 vero,

233 3641 363 3702 quarum
378 3617 614 3681 tundamentum
634 3624 681 3678 est
702 3615 815 3679 entitas
837 3615 970 3701 physica,
994 3614 1139 3678 dicuntur
1162 3615 1340 3701 simpliciter

232 3730 334 3807 reales,
350 3728 397 3792 vel
405 3729 684 3812 predicamentales.

276 3841 315 3903 In
335 3839 480 3903 relatione
499 3839 767 3924 praedicamentali,
789 3860 887 3923 quum
908 3837 1144 3901 fundamentum
1165 3838 1204 3901 sit
1225 3837 1337 3901 entitas

233 3953 368 4038 physica,
390 3974 512 4016 necesse
534 3960 591 4030 est,
614 3951 676 4014 duo
698 3949 849 4029 absoluta,
868 3972 936 4032 quae
950 3973 1004 4034 per
1018 3948 1096 4012 illud
1110 3950 1189 4013 fiunt
1204 3948 1337 4027 relativa,

231 4065 343 4128 habere
357 4063 500 4127 entitatos
515 4062 635 4126 realiter
649 4061 810 4125 distinctas
825 4070 894 4124 turn
908 4083 925 4124 a
939 4059 1150 4138 fundamento,
1173 4069 1240 4123 tum
1256 4059 1336 4124 inter

232 4198 274 4238 se.
319 4175 489 4238 Distinctas
504 4173 624 4238 realiter
638 4196 655 4236 a
670 4173 871 4237 fundamento
880 4197 889 4250 3
912 4194 998 4235 secus
1013 4171 1094 4234 enim
1116 4172 1335 4236 constituerent

231 4310 299 4350 curn
317 4287 517 4351 fundamento
539 4309 636 4349 unum
658 4309 712 4348 ens
734 4285 860 4369 physice
882 4284 1069 4368 completum
1079 4311 1088 4362 5
1112 4307 1204 4369 quare
1226 4285 1335 4346 funda·
