3200 4975
292 348 335 409 54
603 368 645 411 nn
662 368 863 414 scnsrirsrm
880 367 1083 413 smmrnsm.
1249 345 1337 431 [car.
1354 360 1395 405 ιι.

290 528 471 615 supradictis
499 530 581 593 enim
606 539 742 615 apparet,
767 528 957 595 intellectum
986 530 1110 615 praecise
1140 537 1298 614 sumptam
1328 550 1395 593 esse

290 641 415 727 quidem
425 642 612 727 completum
623 642 656 705 in
672 663 736 705 esse
746 650 832 706 actus
844 641 1059 707 intellectualis
1073 651 1110 706 ut
1121 642 1174 720 sic,
1187 641 1242 706 sed
1254 640 1394 705 nondum

290 754 476 839 completum
490 753 523 817 in
538 774 603 818 esse
620 752 810 834 substantia,
825 754 886 818 nisi
900 753 1019 839 positos
1040 752 1231 837 intelligatur
1245 752 1396 815 terminus

291 865 523 951 conspirationis
545 865 757 949 cognomentis
780 874 812 929 et
833 866 951 949 cogniti
973 865 1013 930 ad
1041 865 1314 944 coineristendnm,
1340 884 1395 948 per

292 998 384 1061 quem
410 976 521 1041 ultimo
546 977 717 1042 substantia
746 976 779 1041 in
809 999 843 1041 se
870 976 961 1041 sistit.
1006 977 1053 1041 Es
1076 978 1135 1041 hoc
1159 976 1308 1061 seqnitur,
1332 975 1395 1039 vim

291 1088 505 1154 intellectivam
522 1088 700 1153 substantia
715 1088 883 1173 spiritualis
898 1098 1049 1175 conceptu
1066 1089 1188 1154 differre
1201 1088 1260 1152 avi
1273 1087 1396 1151 volitiva

292 1198 459 1265 formaliter
489 1210 633 1287 spectata,
664 1201 735 1266 licet
764 1201 827 1265 sint
856 1201 938 1266 idem
967 1200 1175 1279 materialiter,
1204 1200 1334 1277 realiter,
1363 1206 1395 1263 et

293 1311 430 1376 absolute
445 1314 477 1377 in
500 1312 606 1376 ordine
623 1312 759 1399 physico.
804 1313 861 1377 Vis
878 1312 962 1378 enim
983 1312 1180 1390 intellectiva,
1195 1311 1342 1390 absolute,
1363 1317 1396 1373 et

292 1423 412 1489 realiter
434 1424 632 1503 considerata,
659 1433 704 1489 est
730 1426 797 1509 ipsa
824 1424 996 1489 substantia
1018 1424 1052 1488 in
1076 1434 1226 1509 quantum
1251 1419 1395 1505 intelligit

294 1535 442 1619 seipsam:
466 1558 543 1621 qua,
559 1536 631 1621 quia
653 1558 715 1601 non
731 1536 962 1621 comprehendit
983 1536 1016 1599 in
1031 1559 1064 1599 se
1078 1558 1168 1600 omne
1189 1532 1393 1619 intelligibile,

293 1670 329 1711 eo
344 1648 411 1732 ipso
425 1656 472 1713 est
486 1648 519 1712 in
534 1649 672 1733 potentia
687 1650 726 1713 ad
740 1649 952 1734 cognoscenda
965 1648 1087 1712 infinita
1101 1648 1160 1712 alia
1175 1657 1259 1712 extra
1274 1671 1316 1711 se.
1337 1646 1394 1709 Vis

293 1782 363 1824 vero
387 1759 519 1841 volitiva,
549 1761 699 1841 absolute,
723 1770 754 1827 et
783 1762 903 1826 realiter
933 1761 1132 1838 considerata,
1156 1770 1203 1826 est
1231 1762 1298 1845 ipsa
1323 1758 1394 1823 snb·

294 1872 406 1936 stantia
428 1872 462 1936 in
485 1882 635 1958 quantum
662 1873 763 1958 diligit
788 1874 936 1958 seipsam:
960 1895 1041 1958 quae,
1067 1872 1139 1957 quia
1167 1895 1230 1936 non
1259 1892 1394 1956 compre·

293 1980 401 2047 hendit
423 1983 662 2064 omnebonum,
685 2008 721 2049 eo
745 1986 813 2071 ipso
841 1994 888 2049 est
913 1986 947 2049 in
970 1984 1109 2070 potentia
1129 1984 1167 2048 ed
1190 1984 1320 2049 amanda
1341 1989 1395 2046 ant
1443 2066 1446 2071 Ι

293 2093 421 2160 volenda
443 2096 501 2160 alia
515 2095 596 2161 bona
617 2105 701 2161 extra
724 2120 766 2161 se.
812 2098 993 2162 Formalitas
1015 2119 1088 2181 ergo
1105 2098 1139 2160 in
1158 2120 1219 2182 qua
1239 2096 1308 2161 duae
1329 2096 1395 2159 istae

292 2206 452 2271 facultates
474 2208 629 2287 differunt,
646 2217 701 2288 est,
717 2232 754 2272 ex
776 2219 864 2293 parte
882 2210 928 2275 vis
950 2209 1152 2286 intellectiva,
1168 2208 1342 2273 connotatio
1363 2209 1395 2270 io

293 2328 433 2401 qnantum
454 2321 592 2404 intellipit
607 2322 751 2404 reipsam:
775 2330 863 2385 etex
884 2330 971 2408 parte
994 2322 1039 2386 vis
1058 2320 1197 2399 volitivae,
1220 2318 1396 2385 connotatio

204 2518 206 2523 Ι
293 2433 326 2494 io
339 2440 481 2516 quantam
496 2432 594 2517 diripit
607 2435 750 2517 samsom:
774 2456 904 2519 quarum
926 2434 1025 2520 prima
1039 2433 1113 2500 dicit
1135 2442 1236 2499 actum
1252 2432 1393 2498 mbstan·

292 2544 395 2608 tialem
418 2545 585 2610 secundum
607 2546 639 2609 id
655 2546 739 2631 qaod
756 2548 857 2631 primo
875 2548 1046 2632 concipitur
1060 2547 1094 2611 in
1116 2546 1394 2625 conscenderem

292 2657 433 2722 eumdem
452 2667 555 2724 actum
577 2657 734 2743 adaequate
749 2660 948 2723 terminatam
968 2660 1001 2722 in
1024 2681 1080 2723 sno
1098 2681 1175 2737 esse,
1190 2667 1226 2721 nt
1248 2681 1285 2722 ex
1302 2679 1394 2742 supra

293 2768 382 2833 dictis
397 2769 534 2835 resultat.

338 2881 396 2944 His
416 2881 588 2966 praemissis,
609 2890 823 2966 argumentans
842 2883 873 2946 S.
889 2883 1017 2946 'l'homae
1036 2881 1079 2946 sic
1093 2882 1168 2966 poni
1181 2890 1300 2966 potest:
1323 2881 1395 2944 Noa

292 3003 336 3058 eat
350 2995 434 3074 idem,
449 3018 501 3059 oea
515 2995 640 3058 eicsmm
653 2996 771 3059 virtutis
784 2995 888 3079 facere
901 3018 961 3058 esse
975 2997 1007 3057 io
1019 3017 1051 3057 sc
1065 2995 1143 3077 qaod
1155 3003 1199 3058 cst
1212 3002 1297 3058 estro
1310 3015 1351 3070 aa,
1366 3002 1396 3057 et

292 3107 406 3170 teodme
420 3107 452 3169 io
468 3129 529 3170 rem
548 3108 738 3170 anteriorem:
761 3109 846 3190 atqui
868 3107 1032 3170 intellectae
1046 3106 1129 3189 sarit
1149 3128 1210 3169 esse
1227 3107 1261 3167 io
1273 3127 1305 3169 sc
1319 3105 1397 3188 qood

292 3226 336 3282 est
350 3227 435 3282 eatro
449 3240 489 3297 ae,
505 3226 534 3282 ct
547 3221 682 3282 volontas
702 3220 915 3282 terribiliorem
934 3219 1125 3281 exteriorem:
1150 3240 1217 3302 erpo
1232 3217 1395 3280 intellectas

292 3338 321 3392 et
334 3330 469 3392 volentos
482 3352 540 3392 ooo
553 3336 623 3393 scot
637 3331 721 3408 idern,
732 3330 784 3394 sed
796 3330 914 3393 diomsoe
927 3331 1058 3393 virtutes.

336 3439 517 3523 Respondeo
552 3463 631 3505 coac.
662 3441 743 3503 Mat.
774 3463 840 3524 nep.
876 3442 947 3503 mio.
991 3440 1073 3503 Nam
1102 3448 1133 3503 et
1161 3439 1334 3503 intellectus
1363 3448 1394 3502 et

291 3551 433 3615 voluntas
448 3551 580 3615 tendunt
595 3551 633 3616 ad
648 3551 717 3630 hoc,
732 3558 769 3615 ut
788 3574 838 3614 res
861 3551 998 3630 exterior,
1018 3573 1054 3615 eo
1070 3551 1162 3616 modo
1176 3575 1237 3636 qno
1251 3551 1395 3636 possibile

291 3672 348 3742 est,
363 3663 417 3726 fiat
431 3661 465 3726 in
486 3663 677 3747 intelligente
697 3671 727 3726 et
749 3663 889 3727 volente:
913 3663 945 3727 in
967 3663 1158 3747 intelligente
1176 3685 1232 3747 per
1253 3663 1393 3747 speciem,

291 3777 324 3839 in
346 3775 467 3840 volente
492 3797 546 3860 per
570 3775 840 3860 complacentiam:
862 3784 893 3839 et
923 3776 965 3840 sic
993 3775 1175 3854 intellectus,
1200 3797 1267 3838 non·
1289 3774 1393 3839 minus

290 3911 383 3973 quam
406 3887 557 3966 voluntas,
583 3887 683 3951 tendit
708 3887 829 3951 iorem
855 3888 1042 3964 exteriorem,
1066 3896 1102 3950 nt
1125 3910 1191 3951 earn
1214 3886 1339 3970 arripiat
1362 3895 1393 3948 ct

291 3998 516 4083 apprehendat:
539 3997 681 4061 voluntas
696 4019 777 4075 vero,
799 4020 862 4061 non
882 3999 985 4062 minus
1005 4019 1097 4082 quam
1117 3995 1300 4075 intellectus,
1321 3995 1393 4059 lacit

290 4134 356 4176 esse
384 4111 417 4174 in
446 4133 478 4174 se
503 4131 567 4173 rem
598 4132 689 4194 quam
726 4109 832 4194 arripit
861 4122 892 4172 et
921 4108 1160 4195 comprehendit.
1205 4109 1237 4172 S.
1262 4107 1394 4171 Thomas

290 4222 442 4307 opinatur,
458 4223 519 4287 vim
539 4221 613 4285 boni
634 4221 832 4307 appetitivam
855 4244 925 4286 esso·
943 4221 1102 4300 eiusmodi,
1122 4229 1158 4284 nt
1174 4220 1303 4304 seipsam
1317 4219 1394 4283 ferat

290 4334 323 4396 in
338 4332 455 4397 bonum
476 4342 558 4397 extra
574 4356 605 4396 se
625 4334 771 4417 positum,
792 4343 828 4396 ut
844 4356 876 4396 se
891 4334 979 4398 uniat
996 4334 1052 4400 illi.
1099 4332 1169 4412 Sed,
1185 4332 1323 4416 quamvis
1337 4332 1395 4396 lroe
