3200 4975
298 382 361 446 372
692 402 734 443 nr
750 398 1001 442 scornaurrnus.
1240 375 1329 457 [cnr.
1346 388 1404 433 111.

344 564 508 641 Quantitas
534 564 729 628 multitudinis
754 574 800 628 est
827 564 940 648 gradus
961 560 1154 647 replicativus
1180 562 1270 638 eutis,
1290 582 1403 624 secun-

300 674 374 738 dum
390 673 472 760 quod
491 675 629 760 quaedam
645 698 693 739 res
711 674 743 738 in
759 698 791 739 se
807 697 868 739 una
883 683 913 739 et
933 674 1062 737 indivisa
1076 696 1144 759 quae
1166 673 1278 737 dicitur
1291 674 1403 749 unitos,

300 785 440 871 pluribus
463 794 517 849 aut
541 786 735 871 paucioribus
760 786 875 850 vicibus
904 787 937 849 in
963 793 1033 849 ente
1057 783 1212 849 collective
1235 783 1404 849 formaliter

300 896 484 961 continetur.
1210 965 1212 969 .

345 1006 509 1083 Quantitas
523 1006 672 1071 intensiva
687 1016 734 1071 est
748 1009 893 1086 virtualis,
910 1008 1063 1072 extensius
1078 1015 1124 1071 θεῖ
1139 1008 1285 1083 continuo,
1296 1002 1405 1067 multi-

301 1117 419 1182 tudinis
442 1128 489 1181 cst
516 1119 651 1182 dumeta.
696 1118 788 1182 Ratio
812 1119 920 1203 prioris
949 1127 1005 1197 est,
1030 1119 1101 1203 quia
1125 1116 1238 1202 gradus
1267 1115 1406 1179 entitatis

301 1229 463 1294 cuiuslibet
485 1229 591 1293 forma
614 1229 782 1294 secuudum
804 1252 836 1293 se
858 1251 920 1293 non
943 1229 1063 1293 realiter
1086 1228 1329 1311 distinguuntur,
1350 1226 1407 1289 sed

302 1350 375 1405 sunt
390 1363 452 1404 una
464 1349 497 1404 et
516 1340 621 1405 eadem
640 1340 768 1425 simplex
788 1340 909 1415 realitas
924 1340 1037 1404 virtute
1059 1338 1198 1423 pluribus
1213 1337 1407 1425 aequivalens.

303 1450 394 1516 Ratio
409 1452 585 1536 posterioris
599 1459 656 1530 est,
672 1450 743 1535 quia
758 1474 854 1536 quum
878 1451 1013 1516 extensio
1028 1451 1193 1536 accipiatur
1206 1473 1243 1514 ex
1257 1458 1353 1528 motu,
1369 1457 1407 1512 ut

303 1561 420 1625 dictum
443 1570 500 1642 est,
517 1577 619 1625 motus
641 1560 806 1625 continuus
825 1562 969 1646 importat
992 1562 1198 1625 extensionem
1218 1561 1407 1625 continuam.
1426 1628 1428 1631 ,

303 1672 395 1735 Ratio
417 1672 519 1735 ultimi
544 1680 601 1751 est,
625 1672 696 1756 quia
722 1672 865 1756 quaelibet
887 1695 934 1736 rer
958 1671 1069 1737 dicitur
1091 1695 1153 1736 una
1176 1681 1252 1735 tunc
1272 1680 1407 1749 tantum,

300 1806 399 1868 quum
415 1783 507 1847 estin
524 1806 555 1847 se
570 1783 730 1867 completa,
740 1793 771 1846 et
787 1783 825 1847 ab
841 1783 983 1847 omnibus
999 1784 1065 1847 aliis
1080 1783 1236 1847 entitative
1252 1781 1408 1846 distincta.

253 1956 255 1960 .
347 1895 399 1957 69.
424 1893 579 1969 Quaeritur
593 1894 695 1972 tertio,
711 1916 842 1978 quartam
857 1898 1007 1977 quantitas
1021 1897 1061 1957 ait
1069 1894 1342 1979 predicamentulis.

348 2004 539 2088 Respondeo,
553 2005 651 2088 primo
665 2012 697 2067 et
711 2003 919 2088 principaliter
934 2026 998 2067 esse
1014 2004 1046 2066 in
1061 2004 1294 2088 praedicamento
1309 2025 1407 2087 quan-

303 2114 423 2177 titatem
432 2116 628 2177 multitudinis
641 2113 802 2199 (quidquid
811 2114 999 2198 peripatetici
1011 2114 1042 2177 in
1055 2114 1239 2179 contrarium
1251 2113 1408 2194 dixerint),

304 2224 353 2287 cui
376 2225 479 2287 omnia
492 2226 672 2308 competunt
687 2224 726 2288 ad
747 2224 806 2288 hoc
827 2232 862 2288 ut
881 2224 913 2288 in
937 2224 1169 2308 praedicamento
1188 2233 1337 2309 ponatur3
1361 2232 1408 2287 est

187 2418 192 2429 .
305 2335 387 2398 enim
403 2335 519 2419 aliquid
533 2336 728 2416 reclauaam,
745 2337 926 2419 completum,
935 2336 1068 2420 finitum.
1114 2337 1189 2399 Haec
1204 2336 1359 2420 quantitas
1374 2335 1408 2398 in

305 2444 481 2530 corporibus
505 2446 616 2511 dicitur
631 2450 782 2531 quantitas
804 2470 924 2512 mussa:
948 2456 979 2511 et
994 2447 1176 2532 praedicatur
1193 2448 1409 2512 accidentaliter

305 2580 368 2623 non
384 2559 422 2623 de
437 2582 560 2644 corpore
575 2560 721 2644 singulari
739 2560 838 2642 (cuius
853 2568 899 2624 est
917 2560 1150 2624 constitutivum
1166 2559 1336 2642 essentiale)
1354 2558 1409 2622 sed

306 2671 343 2734 de
368 2679 479 2735 natura
503 2671 639 2756 specifica
659 2671 803 2755 corporis,
818 2679 853 2734 ut
878 2669 994 2734 dictum
1019 2671 1178 2734 astatium
1203 2670 1240 2734 de
1262 2670 1409 2754 qualitate

308 2783 350 2863 (n.
367 2783 434 2864 65).

350 2891 490 2955 Secundo
505 2900 552 2954 est
573 2891 665 2954 etiam
687 2891 720 2953 in
741 2891 976 2975 praedicamento
997 2891 1153 2975 quantitas
1174 2894 1330 2970 artensius,
1345 2913 1409 2954 nou

307 3010 402 3087 prout
417 3011 464 3066 est
479 3002 594 3086 aliquid
617 3003 820 3066 successivum
843 3010 873 3066 et
895 3002 928 3064 in
950 3001 1015 3066 fieri
1032 3002 1197 3086 (quomodo
1212 3011 1285 3066 sunt
1307 3011 1409 3066 motus

305 3122 336 3176 θῖ
348 3115 495 3198 tempus),
505 3113 558 3177 sed
570 3122 663 3198 prout
677 3122 723 3177 est
739 3113 895 3197 quantitas
910 3113 1109 3177 determinata
1124 3113 1214 3198 spatii
1222 3135 1277 3198 per
1290 3122 1409 3177 motum

306 3224 523 3308 percurribilis‚
553 3225 616 3288 sive
644 3234 840 3308 percurratur
869 3224 906 3287 de
935 3224 1025 3302 facto,
1056 3224 1117 3287 sive
1145 3246 1219 3287 non.
1266 3224 1299 3287 Si
1328 3224 1409 3287 enim

306 3335 437 3398 existant
449 3334 509 3398 duo
524 3344 640 3418 puncta
655 3336 788 3399 materiae
805 3336 836 3399 in
853 3336 950 3418 spatio
966 3334 1118 3414 distincta,
1130 3335 1243 3399 limites
1258 3335 1410 3400 distantia

308 3442 396 3507 realis
418 3444 499 3508 inter
516 3467 551 3507 ea
573 3445 730 3508 existentis
750 3454 841 3508 eruut
863 3443 976 3508 limites
995 3445 1087 3508 reales
1110 3446 1302 3524 extensionis
1318 3469 1408 3530 quarn

308 3562 410 3617 motus
436 3555 498 3618 sive
521 3555 656 3633 habebit,
681 3557 745 3620 sive
770 3556 888 3634 habuit,
911 3557 972 3620 sive
997 3554 1108 3619 habere
1133 3564 1235 3640 potest
1257 3557 1345 3621 inter*
1358 3557 1411 3620 illa

307 3672 432 3750 puncta.
477 3665 569 3729 Unde
593 3667 748 3750 quantitas
772 3667 956 3730 extensionis
980 3667 1062 3730 illius
1091 3677 1123 3731 θῖ
1150 3677 1196 3731 θεῖ
1218 3669 1316 3748 reatu,
1341 3669 1412 3753 quia

308 3755 429 3841 realiter
451 3776 653 3841 determinata
674 3778 824 3842 limitibus
846 3778 998 3842 realibus:
1029 3788 1059 3842 et
1085 3787 1131 3842 est
1154 3802 1223 3857 aaa,
1250 3801 1346 3863 quum
1373 3781 1414 3842 sit

309 3889 464 3974 quantitas
479 3890 572 3952 unius
587 3898 691 3953 motus
713 3891 802 3954 realis
818 3890 965 3970 continui,
981 3898 1011 3954 et
1027 3913 1089 3954 una
1111 3890 1256 3954 relatione
1271 3891 1412 3955 determi-

308 4007 399 4062 nata:
422 4007 453 4062 θῖ
468 4007 515 4062 θεῖ
535 3984 688 4082 completa,
704 4001 776 4084 quia
797 4001 830 4063 in
847 4022 879 4063 se
899 3999 962 4064 sola
985 4000 1077 4064 habet
1100 4008 1200 4075 totum
1215 4002 1298 4086 quod
1312 4003 1414 4086 requi-

308 4115 387 4173 ritur
401 4110 441 4173 ad
455 4110 521 4173 eius
536 4120 735 4194 conceptum:
759 4120 790 4176 et
806 4120 852 4175 est
865 4112 966 4196 finita,
983 4113 1055 4197 quia
1074 4112 1166 4177 habet
1181 4114 1293 4177 limites
1309 4114 1413 4178 reales.

311 4220 476 4295 Quantitas
495 4221 657 4299 extensiva‚
682 4221 754 4284 licet
776 4221 875 4300 realis,
894 4244 956 4284 nou
980 4232 1081 4286 tamen
1107 4222 1218 4287 dicitur
1241 4223 1414 4304 materialis,

310 4331 369 4394 nisi
389 4330 598 4409 terminative;
623 4331 694 4414 quia
715 4333 835 4398 etiamsi
858 4333 1064 4398 materialibus
1079 4335 1202 4418 punctis
1225 4335 1414 4415 terminetur,
