3200 4975
255 352 299 414 94
572 373 614 417 ns
632 374 832 418 scamarum
847 372 1047 419 sr1a1rusa1.
1209 356 1293 441 [car.
1311 378 1365 420 111.

254 558 436 623 componere
450 537 502 603 illa
517 538 589 619 duo,
604 561 716 624 negare
731 562 801 605 vero
821 538 1064 605 convenientiam
1088 550 1134 605 est
1159 540 1213 606 illa
1236 541 1298 607 duo
1320 542 1365 606 di-

255 648 364 713 videre.
410 649 494 734 Ilrgo
507 672 599 715 omne
613 651 675 715 tale
688 650 838 716 iudicium
853 651 1022 717 necessario
1038 659 1068 715 et
1083 674 1119 717 ex
1135 661 1246 717 natma
1261 675 1316 717 sua
1330 654 1366 717 lit

254 782 309 845 per
333 762 586 846 compositionem
614 761 662 827 vel
691 761 900 827 divisionem·
940 762 1024 846 Ergo
1050 761 1143 827 etiam
1173 762 1312 847 angelus,
1340 764 1366 829 si

253 895 363 936 novam
390 872 597 957 cognitionem
623 872 662 937 de
686 872 789 958 aliquo
813 873 959 958 acquirat,
987 872 1146 957 componit
1171 873 1218 937 vel
1245 874 1364 939 dividit.

253 983 351 1067 Atqui
365 983 458 1047 etiam
478 982 579 1067 aageh
599 983 638 1047 de
656 983 810 1068 aliquibus
827 1005 937 1049 noram
960 982 1167 1068 cognitionem
1189 984 1363 1069 acquirunt,

253 1092 286 1156 id
301 1101 358 1172 est,
376 1094 501 1177 cognito
521 1093 623 1178 aliquo
645 1092 791 1172 subiecto,
815 1093 966 1179 posterius
988 1102 1179 1178 cognoscunt
1201 1095 1363 1161 convenire

253 1203 308 1283 illi,
324 1203 372 1267 vel
386 1226 449 1268 non
463 1204 633 1284 convenire,
656 1204 780 1290 aliquod
803 1204 1009 1289 praedicatum.
1055 1204 1138 1287 Ergo
1154 1204 1247 1269 etiam
1260 1204 1364 1289 angeli

253 1325 443 1399 cognoscunt
457 1315 596 1401 quaedam
611 1316 822 1400 componendo
838 1326 868 1381 et
884 1315 1057 1381 dividendo.
1102 1316 1210 1381 Minor
1225 1326 1310 1400 patet
1326 1340 1363 1381 ex

253 1450 290 1491 eo
304 1428 387 1512 quod
400 1428 504 1512 angeli
519 1449 582 1492 non
600 1428 703 1492 omnia
722 1428 829 1506 sciant,
851 1436 882 1494 et
902 1428 1071 1512 specialiter
1091 1428 1196 1493 futura
1217 1427 1313 1494 libera
1330 1438 1362 1492 et

252 1539 454 1623 cogitationes
469 1538 629 1603 hominum
650 1538 711 1603 sibi
730 1539 942 1623 cognitorum:
965 1548 1116 1605 ettamen
1132 1538 1236 1605 dehis
1252 1538 1363 1605 deinde

254 1649 352 1713 multa
366 1649 498 1715 diseunt.
543 1650 627 1734 llrgc
642 1650 680 1714 de
694 1649 878 1735 quibusdam
894 1648 1038 1715 subiectis
1057 1651 1119 1715 iam
1139 1651 1222 1715 notis
1237 1650 1359 1715 disum

253 1760 416 1844 praedicare
436 1760 606 1845 praedicata,
625 1778 693 1846 qnae
714 1762 746 1825 in
768 1782 874 1825 eorum
895 1760 1100 1827 subiectorum
1117 1760 1360 1845 apprehensione

252 1893 317 1933 non
339 1880 425 1935 erant
449 1871 523 1955 ipsis
542 1881 673 1935 ostensa.
714 1871 871 1936 ‘Caeterum
891 1871 1014 1935 evidens
1029 1880 1086 1949 est,
1109 1871 1193 1956 quod
1212 1873 1360 1937 affirmare

254 1979 386 2044 duorum
408 1981 649 2045 convenientiam
675 1992 749 2046 tunc
774 1991 897 2047 tantum
922 1980 1015 2047 habet
1037 1982 1184 2048 rationem
1209 1983 1358 2067 composi-

165 2124 174 2137 ι
254 2091 350 2155 tionis
373 2092 495 2176 quando
516 2092 583 2157 :duo
607 2093 738 2171 termini,
769 2102 935 2177 antequam
958 2093 1197 2177 coniungantur,
1224 2104 1361 2180 separate

254 2211 490 2285 cognoscuntur,
505 2225 569 2267 non
583 2212 686 2267 autem
701 2204 825 2288 quando
840 2204 873 2269 in
888 2204 987 2289 prima
1006 2204 1248 2289 apprehensione
1268 2206 1360 2271 unius

254 2310 420 2375 includitur
434 2311 581 2376 alterum:
605 2322 680 2377 tunc
695 2313 778 2377 enim
792 2336 890 2399 quum
904 2313 1173 2398 apprehendantur
1188 2316 1360 2397 coniuncta,

251 2446 306 2490 seu
329 2423 506 2508 composita,
529 2424 636 2510 nequit
659 2423 770 2490 habere
792 2424 894 2492 locum
911 2425 1053 2510 explicita
1077 2428 1267 2512 compositio.
1315 2429 1354 2492 ln

251 2535 311 2601 hoc
336 2558 409 2602 casu
432 2534 561 2601 habetur
586 2535 715 2620 simplex
740 2537 940 2620 apprehensio
969 2537 1082 2602 iudicio
1107 2539 1300 2622 aequivalens,
1326 2549 1357 2602 et

252 2647 367 2713 iudicio
381 2645 559 2731 perfectior:
584 2646 638 2713 sed
648 2646 698 2710 hie
707 2646 821 2710 modus
830 2647 1033 2731 cognoscendi
1047 2671 1111 2712 non
1122 2659 1169 2712 est
1181 2649 1359 2732 angelorum

253 2758 401 2824 exclusive
417 2759 581 2842 proprius3
603 2781 701 2842 quum
720 2759 813 2824 etiam
834 2758 975 2823 homines
995 2759 1092 2824 multa
1112 2759 1155 2824 sic
1175 2771 1360 2844 cognoscant

250 2892 307 2954 par
339 2870 547 2937 immediatam
581 2869 788 2938 intuitionem.
839 2868 941 2945 Quare
970 2879 1001 2934 et
1030 2871 1170 2934 homines
1199 2881 1230 2936 et
1259 2873 1360 2956 angeli

252 2982 354 3067 aliqua
374 2982 554 3065 intelligunt
576 2982 788 3066 componendo
811 2991 842 3046 et
865 2982 1037 3062 dividendo,
1060 2993 1091 3046 et
1106 2983 1208 3068 aliqua
1223 3006 1304 3048 non:
1328 2997 1359 3048 et

251 3094 414 3179 disparitas
429 3102 494 3157 tota
508 3093 629 3160 videtur
642 3093 747 3157 reduci
761 3093 801 3157 ad
820 3093 889 3172 hoc,
905 3094 994 3178 ¹quod
1008 3095 1135 3178 angelus
1157 3096 1256 3161 multo
1271 3095 1359 3180 plura

251 3204 403 3288 intelligat
429 3204 495 3268 sine
518 3204 737 3288 compositione
761 3217 792 3268 et
819 3204 975 3283 divisione,
1002 3227 1094 3288 quam
1119 3205 1220 3269 homo.
1267 3207 1358 3270 Ratio
1447 3191 1449 3194 ¹

251 3325 355 3380 tamen
370 3315 463 3379 huius
473 3315 665 3400 :disparitatis
685 3337 748 3379 non
762 3325 809 3379 est
824 3315 956 3400 peteuda
976 3337 1012 3379 ex
1035 3315 1153 3380 diversa
1169 3317 1271 3401 specie
1286 3317 1357 3380 sub-

251 3427 372 3490 stantie
386 3426 587 3506 intellectivae,
603 3426 737 3493 sedtum
753 3449 790 3490 ex
808 3427 926 3493 diverso
941 3428 1041 3512 gradu
1064 3428 1258 3512 perfeetionis
1278 3428 1358 3490 intra

250 3536 388 3601 eamdem
414 3537 555 3622 speciem,
580 3538 759 3605 tumetium
787 3560 824 3602 ex
850 3537 967 3606 diverso
991 3549 1074 3602 statu
1084 3567 1094 3618 ,-
1125 3562 1223 3624 quum
1244 3539 1357 3603 intelli-

251 3648 355 3733 gentia
370 3657 516 3733 separata,
532 3649 571 3712 ob
587 3648 685 3733 ipsam
695 3671 781 3712 suam
792 3649 1014 3733 separationem
1027 3671 1047 3714 a
1061 3651 1187 3716 materia
1202 3651 1242 3715 sit
1258 3651 1357 3734 proxi-

250 3760 330 3825 mius
344 3760 532 3844 penetrativa
545 3759 796 3844 intelligibilium.

294 3876 345 3938 72.
369 3871 526 3948 Quaeritur
541 3881 657 3950 octavo,
673 3880 772 3966 utrum
793 3873 827 3935 ia
848 3872 996 3939 intellectu
1018 3882 1153 3956 separato
1169 3895 1250 3936 error
1264 3871 1357 3934 locum

249 3987 467 4068 haberepoasr't.

205 4089 209 4098 ’
291 4096 322 4160 S.
348 4096 480 4161 Thomas
491 4104 571 4160 recte
582 4094 757 4179 respondet,
770 4116 901 4158 errorem
912 4115 974 4158 non
990 4093 1100 4158 hahere
1108 4093 1210 4158 locum
1222 4093 1254 4155 in
1266 4092 1356 4163 intel-

246 4209 326 4271 lectu
343 4207 405 4272 sive
419 4207 563 4284 humano,
577 4206 638 4270 sive
650 4204 797 4289 angehco,
808 4204 867 4269 nisi
876 4227 931 4288 per
941 4203 1088 4268 accidens.
1120 4205 1299 4281 Intellectus,
1309 4204 1355 4265 in-

246 4320 312 4404 quit
324 4324 364 4403 (p.
378 4323 407 4382 1.
424 4341 452 4403 q.
467 4322 519 4384 58.
529 4342 555 4382 a.
566 4320 611 4402 5),
624 4321 702 4382 circa
714 4319 793 4400 quod
806 4318 879 4400 quid
890 4325 934 4382 est
943 4339 1055 4400 semper
1064 4325 1107 4382 est
1118 4339 1212 4394 cerua,
1228 4319 1304 4380 meat
1327 4325 1355 4378 ct
