3200 4975
218 376 289 421 car.
308 358 346 441 1.]
530 379 573 421 na
589 378 787 421 suasoriam
803 376 1003 420 srrnrnvsar.
1273 347 1317 411 23

209 547 339 629 primum
367 546 526 611 concrum
555 544 643 622 reale,
673 566 736 609 non
765 552 868 628 potest
891 543 961 622 dici,
976 542 1060 627 quod
1087 539 1125 605 ab
1155 539 1213 603 alio
1242 533 1316 600 reali

216 655 380 739 accipiatur
394 678 492 739 genas
506 664 537 721 et
552 656 590 721 ab
606 656 665 721 alio
680 656 754 720 reali
769 655 937 740 accipiatur
952 653 1142 733 differentia,
1165 650 1219 716 ubi
1232 648 1315 712 euim

216 776 263 831 est
286 790 383 831 unum
405 768 485 834 reale
501 790 564 832 non
584 777 631 832 est
651 768 734 833 aliud
753 777 784 832 et
807 767 891 832 aliud
908 767 996 833 reale.
1042 765 1133 830 Unde
1154 771 1211 841 est,
1233 758 1317 847 quod

217 878 295 947 sicut
317 878 350 942 in
372 878 464 946 rebus
485 878 744 958 immaterialibus,
763 879 805 945 sic
827 878 920 943 etiam
943 879 976 941 in
998 874 1204 941 materialibus
1221 893 1317 958 poma

216 998 245 1054 st
270 990 436 1075 differentia
456 1013 515 1055 aon
540 992 683 1073 accipitur
704 990 860 1053 secandum
882 989 966 1053 aliud
985 996 1015 1053 et
1035 987 1125 1066 aliod,
1148 985 1202 1051 scd
1215 1005 1316 1047 secun-

218 1102 285 1165 dom
313 1124 401 1171 acam
426 1110 456 1167 et
480 1102 563 1181 idern,
594 1124 657 1185 qun
685 1109 781 1167 tamen
809 1100 949 1189 differunt
976 1098 1131 1163 secundum
1153 1094 1317 1170 cassidem-

218 1214 324 1277 tioncm
352 1221 481 1278 noctram
492 1238 502 1300 3
533 1221 625 1298 atque
655 1211 724 1277 ideo
754 1212 888 1297 disparet
919 1210 996 1275 ratio
1025 1206 1207 1275 diversitatis
1236 1228 1254 1269 a
1284 1205 1317 1269 S.

218 1324 335 1397 Thoma
354 1324 537 1389 introducta.
582 1324 624 1389 Ει
648 1324 704 1389 hoc
728 1323 807 1388 valet
829 1344 958 1407 semper,
976 1321 1100 1407 quando
1121 1316 1248 1409 quaestio
1271 1323 1318 1379 est

219 1436 256 1505 dc
279 1438 444 1504 adstantia
469 1445 504 1502 ιιι
524 1436 624 1521 primo
641 1444 698 1517 cst,
715 1457 769 1515 scu
792 1434 850 1499 sub
872 1434 989 1499 ratione
1011 1430 1211 1497 substantias:
1234 1426 1319 1492 alind

218 1556 320 1617 autem
341 1560 433 1627 esset,
452 1548 477 1613 si
492 1556 635 1631 ageretur
657 1547 817 1613 denatura
840 1545 988 1610 materiali
1010 1543 1176 1628 composita
1189 1562 1229 1607 ex
1247 1537 1320 1632 plu·-
1369 1579 1372 1584 »

217 1658 302 1724 ribus
328 1658 508 1723 substantiis
531 1658 787 1738 elementaribus3
810 1662 884 1723 t'unc
906 1658 988 1722 cuim
1012 1656 1138 1720 materia
1157 1650 1318 1738 compositi

217 1793 280 1835 non
309 1782 388 1835 essct
414 1770 539 1834 materia
562 1770 670 1856 prima,
695 1770 750 1835 sed
773 1770 899 1835 materia
921 1776 1042 1833 actuata
1065 1790 1118 1852 per
1143 1788 1230 1830 suam
1255 1763 1317 1827 for·

218 1905 298 1947 mam
320 1882 561 1961 substantialem,
573 1890 604 1947 et
623 1882 748 1957 haberet
764 1903 864 1945 veram
881 1882 1029 1945 rationem
1045 1878 1174 1944 subiecti
1188 1875 1317 1943 ulterius

216 1994 385 2083 actuabilis,
401 1994 485 2079 quod
506 2003 646 2060 actuatur
667 2015 721 2078 per
742 2002 845 2059 actum
868 1992 1095 2078 compositionis
1117 1990 1241 2055 dantem
1263 1987 1318 2051 tali

217 2107 350 2171 materiae
372 2129 436 2171 esse
451 2107 543 2171 talem
565 2115 717 2171 naturam.
762 2104 824 2169 Sed
847 2115 921 2178 tunc
940 2127 1003 2168 non
1025 2112 1166 2187 ageretur
1185 2100 1317 2184 amplius

217 2217 367 2285 deforma
385 2218 577 2284 substantiali
592 2218 684 2282 dante
698 2219 832 2303 primum
854 2239 920 2281 esse
934 2218 1073 2294 materia,
1089 2214 1143 2279 sed
1166 2213 1204 2277 de
1218 2214 1315 2277 forma

217 2330 448 2414 superveniente
463 2329 554 2394 dante
577 2329 711 2414 primum
729 2352 794 2393 esse
809 2328 864 2392 tali
885 2336 998 2393 caturca
1011 2326 1196 2412 compositae,
1210 2334 1247 2389 ut
1269 2324 1315 2387 in-

216 2442 398 2510 vincibiliter
417 2441 611 2527 probavimus
633 2441 666 2506 in
689 2449 823 2507 tractatu
845 2440 882 2506 de
903 2440 1011 2525 primis
1035 2438 1192 2525 principiis
1215 2458 1316 2503 rernm

216 2553 401 2625 naturalium
425 2576 453 2619 c.
469 2553 532 2618 ΙΙΙ.
577 2553 664 2618 Τιιιιι
687 2576 760 2637 ergo
783 2561 894 2628 natura
919 2553 1054 2638 specifica
1084 2552 1127 2616 rei
1153 2550 1316 2616 materialis

215 2665 338 2730 haberet
353 2664 482 2756 aliudnet
496 2664 580 2730 aliud
595 2663 683 2743 reale,
695 2686 806 2748 nempe
820 2663 971 2728 clementa
985 2672 1141 2748 tamquam
1157 2661 1314 2729 materiam

216 2786 247 2839 et
261 2775 511 2861 compositionem
532 2784 689 2860 tamquam
703 2775 834 2839 formam
853 2773 1040 2838 naturalem:
1063 2783 1094 2837 et
1109 2773 1152 2836 sic
1167 2780 1269 2856 posset
1283 2771 1315 2833 in

217 2887 270 2952 tali
293 2890 460 2972 composito
479 2887 518 2952 ab
541 2887 601 2951 alio
619 2887 714 2970 accipi
734 2909 843 2970 genus,
863 2885 902 2948 ab
925 2885 984 2949 alio
1004 2884 1183 2949 differentia.
1227 2883 1271 2947 At
1289 2883 1315 2952 si

216 2999 423 3063 consideretur
438 2999 563 3065 unicum
578 2997 764 3062 elementum
787 2996 950 3076 materiale,
966 3017 1021 3059 seu
1034 2994 1206 3058 substantia
1220 3001 1315 3060 mate-

217 3111 308 3190 rialis,
324 3120 359 3175 nt
375 3111 427 3190 sio,
442 3111 546 3184 statim
565 3109 733 3194 apparebit,
749 3131 812 3173 non
830 3108 959 3173 inveniri
976 3107 1059 3172 alind
1073 3117 1105 3171 et
1119 3107 1202 3175 aliud
1217 3105 1296 3170 reale
1305 3132 1315 3185 ς

87 3217 99 3239 i
215 3223 288 3307 quia
301 3223 334 3287 ιιι
356 3223 505 3288 elemento
520 3221 651 3306 simplici
673 3221 762 3286 unica
776 3229 823 3285 cst
838 3221 962 3299 realitas,
973 3229 1003 3284 et
1018 3220 1143 3284 unicum
1165 3242 1229 3298 ens,
1245 3217 1316 3283 licet

216 3335 383 3399 secundum
405 3333 675 3408 considerationem
695 3344 832 3401 nostram
852 3332 979 3418 cogitari
998 3331 1095 3417 possit
1113 3355 1169 3417 per
1188 3331 1314 3396 modum

217 3447 358 3526 duorum,
374 3470 428 3510 seu
446 3445 503 3513 sub
526 3444 647 3516 dnobus
662 3445 860 3530 conceptibus
880 3444 1091 3530 inadaeqnatis.
1136 3445 1239 3528 Atque
1257 3443 1314 3506 hoc

215 3557 297 3622 idem
312 3557 439 3629 facimus
454 3557 529 3628 dnm
551 3556 720 3639 cogitamus
736 3555 938 3620 substantiam
961 3554 1158 3640 spiritualem,
1173 3577 1243 3619 cnm
1259 3554 1315 3617 bac

216 3670 394 3748 differentia,
411 3669 494 3754 quod
512 3668 584 3755 quia
599 3678 684 3732 actus
704 3668 883 3733 substantiae
905 3667 1070 3752 spiritualis
1084 3667 1158 3730 dicit
1177 3667 1315 3731 ordinem

216 3781 255 3847 ad
269 3781 472 3866 intelligibile,
485 3803 547 3847 non
559 3779 599 3844 ad
612 3779 801 3857 locomobile,
812 3780 877 3843 eius
888 3779 1048 3863 passivitas
1059 3787 1107 3842 est
1121 3777 1315 3857 intellectiva,

216 3915 276 3958 non
305 3892 485 3970 materialis,
508 3901 539 3956 et
563 3891 674 3962 dicitnr
695 3889 868 3964 intellectus
893 3891 1039 3974 passivus,
1063 3889 1110 3953 vel
1131 3889 1316 3953 conscientia

214 4004 313 4088 primo
328 4013 458 4082 actuata,
474 4025 538 4068 non
552 4003 687 4067 materia.
734 3999 894 4085 Quidquid
908 4024 981 4085 ergo
997 4002 1028 4065 S.
1041 4001 1173 4064 Thomas
1188 3999 1262 4067 dicit
1277 4000 1315 4064 de

213 4139 246 4182 re
274 4116 476 4195 immateriali,
507 4115 566 4179 dici
596 4115 688 4178 etiam
714 4113 805 4177 debet
835 4113 873 4177 de
902 4115 1074 4178 substantia
1100 4113 1256 4192 materiali,
1281 4114 1314 4176 in

214 4239 365 4314 quantum
391 4228 430 4294 ad
456 4236 636 4311 conceptum
663 4225 783 4309 generis
807 4235 838 4289 et
864 4225 1050 4291 differentias.
1097 4227 1130 4289 Si
1156 4249 1228 4310 ergo
1252 4248 1314 4289 non

214 4349 342 4424 possunt
351 4361 418 4404 esse
433 4339 522 4424 plura
530 4337 687 4404 individua
702 4337 871 4422 spiritualia
885 4337 1021 4403 eiusdem
1036 4338 1156 4422 speciei,
1167 4339 1314 4422 sequitur,
