3200 4975
236 397 306 441 car.
324 377 395 459 ιιι]
555 399 597 440 oa
613 398 813 442 suasrsurra
828 398 1028 441 srrarrusm.
1276 375 1338 437 103

176 614 181 621 .
234 566 341 648 nequit
351 586 413 627 non
429 564 540 629 intueri
549 588 597 629 res
611 573 702 649 prout
717 565 936 649 imprimuntur
951 585 1005 648 per
1020 562 1160 647 speciem,
1173 570 1219 625 est
1234 569 1337 625 tamen

234 674 475 741 instrumentum
489 675 592 741 liberae
606 676 870 741 determinationis
889 675 923 740 in
937 682 1087 759 quantum
1102 672 1243 737 voluntas
1257 672 1338 737 hauc
1417 664 1420 669 ¹

234 787 380 853 velillum
398 788 528 874 speciem
545 788 591 852 illi
611 788 701 853 offert
720 786 980 864 considerandam,
1003 794 1034 849 et
1058 784 1115 849 sub
1138 783 1196 847 hoc
1215 782 1260 847 vel
1285 780 1338 847 illo

233 908 372 983 respectu
397 900 497 984 magis
520 900 567 965 vel
592 901 696 964 minus
707 897 951 983 explorandam
982 918 1037 981 per
1059 894 1142 980 quod
1164 892 1337 959 intellectus

234 1011 354 1095 cogitur
368 1012 482 1076 intueri
500 1013 556 1077 has
571 1012 618 1076 vel
637 1012 705 1076 illas
722 1012 855 1075 rationes
876 1008 1039 1073 obiectivas
1053 1016 1085 1071 et
1100 1005 1289 1082 subiectivas,
1305 1011 1336 1067 et

234 1121 266 1184 in
281 1121 335 1185 tali
349 1123 466 1186 intuitu
479 1122 552 1207 plus
565 1122 613 1186 vel
627 1123 730 1185 minus
744 1120 908 1200 immorari,
924 1128 955 1184 et
970 1119 1013 1183 sic
1028 1117 1138 1182 servire
1152 1115 1224 1181 huic
1235 1114 1336 1181 deter-

233 1231 393 1295 minationi
414 1233 518 1317 potius
539 1256 632 1319 quam
655 1233 781 1298 cuilibet
803 1231 899 1296 alteri.
945 1230 1053 1316 ltaque
1070 1229 1170 1295 iacere
1186 1227 1334 1295 iuditium

232 1344 401 1427 practicam
414 1344 546 1429 pertinet
561 1345 599 1409 ad
614 1343 814 1423 intellectum,
836 1344 916 1407 sicut
937 1341 1039 1407 videre
1056 1340 1188 1426 pertinet
1208 1338 1247 1404 ad
1261 1358 1334 1405 oeu-

232 1453 315 1533 lum3
340 1455 393 1519 sed
411 1456 671 1540 quemadmodum
687 1457 763 1521 visio
781 1456 820 1521 ad
837 1455 917 1520 hanc
940 1476 1004 1519 rem
1025 1453 1189 1517 terminata
1210 1459 1257 1515 est
1278 1451 1333 1513 ho·

232 1566 324 1630 minis
338 1568 454 1631 utentis
468 1569 556 1632 oculo
571 1580 662 1652 prout
671 1568 746 1647 vult,
756 1568 954 1632 itaiudicium
967 1566 1134 1652 practicum
1149 1562 1334 1629 concludens

232 1676 409 1742 electionem
438 1679 518 1743 hanc
547 1680 748 1744 determinate
770 1689 818 1743 est
844 1678 1010 1744 voluntatis
1036 1674 1152 1741 utentis
1176 1673 1334 1739 intellectu

254 1799 325 1853 root
339 1790 416 1855 vult.

219 1812 255 1897 ‘p
274 1901 369 1965 Aliud
398 1903 571 1986 exemplum
599 1902 710 1966 adduci
738 1910 840 1987 potest
865 1923 902 1965 ex
930 1909 1002 1965 actu
1030 1897 1241 1975 ratiocinandi,
1271 1919 1333 1981 quo

233 2013 394 2077 deducitur
423 2014 526 2099 aliqua
554 2014 778 2099 consequentia„
826 2011 931 2089 Quum
956 2012 1039 2076 enim
1062 2008 1277 2095 consequentia
1301 2010 1333 2073 iu

232 2123 396 2207 premissis
418 2125 619 2204 contineatur,
635 2127 688 2209 qui
706 2124 799 2189 libere
818 2133 919 2188 mutat
944 2123 1124 2209 praemissas,
1148 2122 1241 2187 libere
1266 2142 1334 2205 per-

232 2233 314 2299 venit
335 2235 375 2299 ad
397 2237 655 2321 consequentiam,
677 2236 749 2301 licet
770 2236 819 2301 lex
841 2234 991 2301 ratiocinii
1011 2257 1074 2301 nou
1090 2235 1130 2299 sit
1144 2234 1248 2301 libera.
1294 2232 1333 2299 In

231 2368 292 2431 quo
307 2370 380 2411 casu
394 2348 612 2432 consequentia
626 2348 822 2413 materialiter
836 2358 882 2413 est
897 2348 929 2411 in
945 2355 1095 2432 potestate
1112 2345 1332 2425 ratiocinando,

231 2480 294 2524 non
309 2468 413 2524 tamen
427 2460 612 2540 formaliter3
635 2461 708 2546 quia
729 2460 817 2545 ponit
839 2460 963 2546 quidem
985 2460 1078 2526 libere
1097 2459 1265 2538 materiam,
1282 2458 1335 2524 sed

230 2573 338 2657 nequit
352 2582 470 2637 mutare
484 2573 613 2640 formam
628 2573 820 2637 essentialem
840 2572 1001 2638 ratiocinii.
1047 2571 1193 2636 Similiter
1217 2569 1249 2634 in
1273 2569 1334 2635 ele-

231 2684 331 2749 ctione
344 2685 471 2749 materia
484 2684 580 2750 libere
599 2685 740 2749 obiicitur
761 2685 931 2749 intellectui
952 2683 1180 2759 consideranda,
1196 2691 1227 2747 et
1240 2681 1334 2746 libere

231 2795 348 2880 regitur
369 2795 517 2860 iudicium
538 2797 716 2880 practicam,
739 2796 794 2860 sed
813 2796 950 2860 formalis
969 2795 1131 2874 conclusio,
1148 2818 1202 2859 seu
1217 2794 1333 2872 electio,

232 2908 370 2991 sequitur
394 2929 431 2971 ex
456 2907 586 2973 naturali
615 2907 683 2992 lege
714 2907 859 2972 tendendi
888 2908 922 2971 in
952 2908 1077 2974 bonum.
1122 2907 1164 2970 ut
1193 2929 1246 2991 per
1275 2906 1333 2971 hoc

231 3027 365 3102 apparet,
387 3017 472 3103 quod
492 3018 588 3082 libera
609 3018 823 3083 determinatio
845 3019 979 3084 materioe
1000 3018 1157 3082 electionis
1177 3039 1240 3082 non
1260 3039 1332 3081 con-

232 3130 333 3195 stituit
347 3130 523 3194 volitionem
544 3129 711 3194 formaliter
724 3130 861 3210 liberam,
878 3130 932 3194 sed
946 3128 1142 3194 materialiter
1155 3137 1287 3206 tantum,
1303 3137 1334 3192 et

232 3242 314 3327 quod
327 3242 361 3305 in
377 3242 529 3306 sententia
547 3241 726 3306 Bellarmini
749 3264 812 3306 nou
838 3242 1020 3306 sufficienter
1045 3241 1177 3306 salvatur
1199 3239 1332 3304 libertas.

233 3352 324 3417 Unde
338 3352 593 3432 concludendum,
614 3353 697 3439 quod
712 3353 854 3418 voluntas
873 3375 936 3418 non
957 3353 1175 3418 determinatur
1189 3375 1207 3416 a
1221 3351 1334 3416 iudicio

231 3464 372 3548 practico,
389 3464 442 3529 sed
456 3465 539 3549 quod
554 3488 608 3549 per
623 3466 769 3530 iudicium
784 3466 952 3550 practicam
973 3465 1193 3530 determinatur
1211 3472 1332 3528 tantum

232 3575 386 3639 materiale
401 3584 487 3639 actus
501 3575 597 3640 liberi.

274 3687 454 3751 Notandum
481 3697 528 3751 est
554 3698 668 3767 autem,
691 3688 784 3772 quod,
808 3710 904 3772 quum
927 3689 961 3751 in
988 3687 1158 3754 substantia
1184 3687 1334 3772 spirituali

232 3798 341 3861 unicus
357 3798 398 3862 sit
412 3808 499 3861 actus
521 3799 740 3876 substantialia,
761 3799 815 3882 qui
830 3808 860 3863 et
875 3807 921 3864 est
943 3799 1115 3864 intellectus
1130 3821 1223 3884 agens
1238 3808 1269 3863 et
1288 3809 1334 3864 est

231 3907 373 3972 voluntas
394 3907 527 3985 electiva,
549 3917 641 3991 prout
664 3908 847 3992 incompleta
869 3917 922 3972 aut
945 3910 1093 3994 complete
1115 3911 1333 3989 consideratur,

230 4028 458 4104 consequenter,
473 4019 597 4104 quando
623 4020 753 4083 dicimus
776 4019 966 4084 voluntatem
992 4022 1039 4086 uti
1062 4022 1219 4086 intellectu
1242 4031 1334 4106 prout

230 4129 306 4209 vult,
330 4139 385 4194 aut
407 4131 558 4216 applicare
581 4130 769 4195 intellectum
793 4141 885 4216 prout
909 4133 984 4212 vult,
1008 4155 1070 4197 non
1097 4142 1143 4197 est
1173 4155 1271 4198 sermo
1297 4133 1335 4198 de

231 4241 390 4306 intellectu
411 4253 533 4327 agente,
550 4243 603 4306 sed
626 4242 664 4305 de
679 4242 836 4306 intellectu
858 4245 986 4326 passivo,
1002 4245 1033 4308 in
1050 4267 1110 4330 quo
1134 4255 1205 4308 sunt
1221 4244 1335 4328 species

231 4353 479 4437 intelligibilium.
528 4353 608 4417 Nam
632 4353 807 4418 intellectus
822 4376 927 4436 agens,
943 4377 1039 4438 quum
1062 4355 1102 4418 sit
1117 4365 1211 4431 actus,
1228 4354 1334 4437 nequit
