3200 4975
305 355 347 416 74
622 371 665 414 on
682 369 886 415 sossrsurrs
902 368 1101 414 srrsrrnanr.
1267 348 1349 430 [car.
1367 368 1410 411 11.

296 562 354 624 ρον
367 562 398 605 νο
412 538 561 617 naturale,
577 538 661 623 qnod
675 546 722 603 est
737 538 872 603 medinm
891 537 972 603 inter
980 560 1038 621 ρον
1051 560 1083 603 νο
1097 536 1295 601 substantiale
1310 546 1341 601 et
1349 559 1410 617 ρον

301 652 443 717 academ.
474 650 559 715 Illud
572 650 656 715 enim
671 659 718 715 est
727 672 785 735 ρον
798 672 830 714 se
844 648 1095 728 substantialiter,
1110 670 1171 734 quo
1187 648 1358 713 substantia
1371 656 1409 711 ut

301 760 473 827 substantia
487 759 625 826 absolute
639 782 739 825 carcre
754 760 872 845 nequit,
884 767 919 827 ut
928 759 1024 825 virtus
1035 758 1219 824 intellectiva
1230 759 1262 823 in
1278 758 1406 843 spiritu:

300 873 379 937 illud
393 894 465 939 vcro
479 878 527 937 est
541 893 617 956 pure
629 894 684 955 per
703 872 847 951 occidens,
867 892 929 956 quo
948 879 1058 935 natura
1078 868 1287 935 substantialis
1307 890 1408 933 carere

299 991 411 1067 potest,
427 991 463 1047 ut
478 982 681 1047 determinata
703 982 867 1067 cogitatio:
890 981 968 1047 illud
990 981 1122 1068 deniquo
1142 991 1189 1047 est
1197 1004 1255 1067 ρον
1269 1004 1301 1046 νο
1314 990 1405 1046 natu·

299 1095 413 1174 ralitar,
439 1116 502 1179 quo
527 1092 699 1159 substantia
722 1093 860 1159 absolute
886 1116 986 1159 carcre
1009 1103 1112 1179 posset
1135 1094 1167 1158 in
1192 1094 1308 1159 ratione
1331 1093 1404 1157 sub·

299 1206 429 1285 stantia,
453 1206 507 1271 sed
530 1228 593 1270 non
616 1214 717 1291 potest
740 1228 841 1271 carere
867 1206 924 1272 sub
950 1206 1123 1271 conditione
1147 1205 1288 1271 naturali.
1334 1205 1401 1269 Iam
1485 1227 1488 1232 ·

296 1340 377 1397 vero,
392 1340 489 1402 quum
503 1318 605 1382 anima
623 1317 758 1381 humana
780 1317 865 1381 iuxta
886 1317 1092 1382 conditionem
1113 1326 1230 1382 natura
1247 1338 1311 1381 non
1324 1315 1401 1381 inei-

297 1430 362 1513 piat
377 1451 442 1493 esse
456 1429 516 1492 nisi
530 1429 562 1491 in
578 1450 703 1513 corpore
722 1427 762 1493 ad
782 1428 866 1512 quod
892 1427 1121 1493 informandum
1141 1437 1269 1506 creatur,
1293 1448 1402 1510 corpus

296 1539 414 1605 veroin
435 1539 573 1625 potentia
598 1539 751 1603 advitam
776 1539 863 1604 iuxta
888 1540 1091 1604 conditionem
1119 1562 1207 1604 snam
1231 1538 1401 1603 naturalem

296 1653 431 1737 postulet
444 1651 602 1716 informari
617 1651 655 1715 ab
670 1651 781 1730 anima,
797 1651 945 1736 sequitur,
961 1673 1070 1736 corpus
1086 1650 1188 1716 anima
1202 1652 1399 1715 informatum

296 1788 362 1829 esse
376 1788 465 1829 anam
474 1786 532 1848 ρον
545 1787 576 1827 νο
595 1762 735 1827 naturale
754 1784 791 1827 cx
815 1762 935 1827 duabus
961 1762 1141 1827 substantiis
1165 1785 1198 1827 sc
1221 1762 1399 1826 naturaliter

296 1875 522 1960 complentibus
556 1875 725 1939 resultans:
759 1881 790 1937 et
822 1874 1069 1938 informationem
1106 1874 1204 1958 ipsam
1238 1896 1302 1937 non
1335 1896 1399 1937 esse

295 1987 412 2073 aliquid
425 2010 480 2073 per
494 1986 643 2066 accidens,
659 1986 713 2051 scd
732 2008 787 2071 per
808 2010 840 2051 se
861 1995 1002 2072 respectu
1027 1996 1143 2051 naturas
1167 1987 1318 2065 bumanae,
1345 2008 1398 2049 seu

294 2107 436 2183 respectu
449 2108 513 2162 tam
529 2098 647 2178 animae,
672 2120 765 2182 quam
791 2098 936 2182 nemoris,
960 2108 1051 2182 prout
1072 2096 1112 2160 ad
1127 2118 1223 2162 unum
1239 2120 1293 2161 ens
1308 2106 1397 2160 natu-

294 2210 356 2274 rale
391 2208 642 2273 constituendum
676 2208 867 2288 ordinantur,
900 2208 972 2272 licet
1008 2209 1113 2272 eadem
1148 2208 1323 2273 informatio
1358 2209 1397 2271 sit

294 2320 411 2404 aliquid
425 2340 479 2404 per
493 2320 632 2384 accidens
647 2328 788 2404 respectu
809 2318 987 2383 substantiae
1008 2320 1173 2405 spiritualis
1188 2328 1219 2384 et
1234 2320 1397 2404 corporalis

295 2440 331 2496 ut
345 2430 398 2495 sic.

336 2542 522 2608 Addcndum
537 2551 640 2607 autem
660 2552 717 2622 est,
741 2543 834 2627 quod,
858 2565 953 2628 quum
980 2544 1081 2607 anima
1104 2553 1236 2628 nequeat
1261 2567 1396 2610 exercere

292 2654 386 2718 vitam
401 2677 498 2733 snam,
514 2655 574 2718 nisi
594 2654 705 2719 babeat
730 2655 884 2719 obiectum
912 2655 991 2719 circa
1016 2654 1099 2740 quod
1123 2664 1276 2739 operetur,
1292 2664 1323 2720 et
1338 2656 1396 2720 hoc

291 2764 443 2830 obiectum
466 2787 529 2830 non
551 2766 605 2830 fiat
627 2788 761 2850 praesens
783 2766 893 2830 anima
915 2765 1083 2829 secundum
1106 2765 1243 2829 ordinem
1268 2775 1394 2845 naturae,

291 2875 352 2940 nisi
365 2885 402 2940 ut
417 2877 588 2941 coniunctae
602 2899 673 2940 cum
688 2899 822 2962 corpore,
834 2885 865 2940 et
877 2876 1083 2960 dependenter
1094 2876 1132 2940 ab
1143 2877 1394 2962 impressionibus

291 2987 451 3070 corporeis,
463 2998 500 3050 ut
510 2987 560 3051 hic
572 2987 785 3070 supponimus,
795 2995 827 3050 et
838 2986 911 3050 alibi
922 2987 1090 3051 videbimus
1096 3013 1105 3065 ;
1126 3009 1248 3072 ponere,
1261 2991 1394 3054 animam

291 3097 402 3161 habere
416 3097 550 3182 primum
566 3121 632 3161 esse
650 3099 683 3161 in
703 3119 837 3181 corpore,
865 3107 911 3160 est
936 3120 1048 3182 ponere
1071 3099 1277 3164 conditionem
1303 3109 1393 3166 natu-

291 3208 395 3286 ralem,
411 3208 470 3272 snb
485 3231 546 3293 qna
566 3209 669 3272 anima
691 3208 788 3292 possit
812 3229 947 3271 exercere
972 3231 1042 3272 suas
1065 3210 1254 3292 operationes
1278 3211 1393 3291 vitales,

290 3318 383 3382 etiam
398 3339 474 3403 pure
488 3318 671 3403 spirituales.
716 3318 758 3381 Et
772 3317 842 3381 ideo
852 3317 1026 3383 informatio
1038 3321 1171 3404 corporis
1185 3332 1232 3386 est
1246 3323 1393 3388 naturalis

290 3430 435 3509 conditio,
453 3431 518 3494 sinc
531 3453 593 3514 qua
608 3430 709 3494 anima
723 3431 757 3493 de
765 3430 852 3513 facto
868 3451 930 3493 non
946 3430 1052 3514 incipit
1068 3433 1195 3515 operari.
1242 3435 1275 3498 Si
1290 3444 1392 3500 autem

290 3541 386 3619 Deus,
413 3549 448 3605 nt
474 3551 555 3606 certe
584 3550 685 3626 potest
711 3541 749 3605 dc
771 3541 910 3625 potentia
938 3540 1085 3621 absoluta,
1116 3553 1229 3608 crearet
1258 3545 1391 3630 aliquam

289 3653 433 3731 animam,
449 3643 641 3737 ¹priusquam
667 3652 751 3717 illam
773 3651 876 3716 uniret
898 3653 1025 3736 corpori,
1050 3653 1151 3718 anima
1171 3653 1224 3718 illa
1244 3655 1392 3741 inciperet

289 3765 407 3850 operari
436 3766 540 3829 statim
566 3765 644 3830 circa
667 3765 872 3850 intelligibilia
895 3787 950 3849 per
972 3765 1177 3850 operationem
1204 3787 1280 3852 pure
1303 3771 1392 3854 spiri·

277 3876 421 3942 xtualem:
444 3878 517 3941 etsi
533 3877 642 3943 deinde
662 3876 803 3942 uniretur
825 3876 954 3960 corpori,
975 3875 1149 3941 informatio
1163 3898 1226 3941 non
1241 3888 1320 3944 esset
1333 3903 1391 3965 pro

288 4013 324 4054 ca
335 3989 469 4055 conditio
482 3989 667 4074 operationis
671 4013 682 4066 ;
702 3988 851 4073 siquidem
868 3987 1108 4072 independenter
1122 3989 1160 4052 ab
1176 3988 1389 4058 informatione

288 4107 348 4166 iam
378 4101 511 4187 plurima
539 4110 743 4186 cognosceret,
773 4111 805 4164 ct
834 4100 912 4164 anca
940 4099 991 4163 illa
1021 4109 1205 4183 operaretur.
1253 4103 1335 4169 Hinc
1365 4107 1390 4169 si

288 4214 390 4299 aliqua
405 4216 505 4279 anima
520 4224 672 4279 crearetur
686 4221 757 4278 ante
772 4235 864 4297 quam
885 4212 1061 4276 informaret
1080 4235 1198 4296 corpus,
1215 4213 1389 4281 informatio

289 4347 418 4410 sequens
432 4347 495 4389 non
512 4335 591 4390 essct
607 4324 737 4410 amplius
753 4325 868 4408 aliquid
884 4322 1020 4388 naturale
1035 4324 1079 4387 illi
1095 4327 1220 4391 animae:
1243 4325 1275 4389 in
1291 4351 1388 4411 quan·
