3200 4975
238 350 307 393 car.
324 330 363 413 a]
526 317 529 325 ¹
552 352 594 394 nn
611 352 809 397 suusraurra
825 354 1025 399 sermrusm.
1296 336 1338 399 25

238 514 380 595 materiae,
401 538 462 579 non
487 526 589 580 autern
613 518 780 583 secundum
804 518 846 599 id,
869 542 930 603 quo
954 520 1186 583 constituuntur
1208 522 1337 584 numeri.

237 627 340 710 Atque
362 623 426 691 haec
446 628 611 707 distinctio,
627 630 718 694 etiam
742 631 827 694 iuxta
846 632 995 716 principia
1013 633 1044 695 S.
1061 632 1197 710 Thomae,
1216 632 1339 696 deberet

237 738 296 802 diei
312 738 468 803 distinctio
478 740 629 805 individui
640 741 678 805 ab
689 738 858 823 individuo,
870 764 933 806 non
949 742 1059 827 speciei
1073 765 1091 806 a
1103 744 1218 827 specie3
1241 766 1336 829 quum

236 858 329 934 ponat
351 850 507 914 materiam
527 874 592 916 esse
615 854 798 938 principium
817 854 1077 918 individuationis.
1123 854 1216 932 Quod
1235 864 1336 919 autem

236 961 383 1026 dieitura
406 964 555 1047 plurimis,
571 967 705 1030 nltimam
727 968 871 1030 unitatem
889 966 960 1030 dare
983 968 1113 1050 speciem
1136 989 1274 1045 numero,
1289 990 1336 1032 re-

237 1074 386 1139 futabitur
400 1098 456 1139 suo
471 1076 547 1156 loco,
563 1078 682 1161 agendo
697 1078 735 1142 de
749 1078 932 1164 quantitate.

280 1185 341 1250 Sed
370 1196 405 1251 ut
431 1187 528 1271 magii
552 1197 664 1272 pateat,
691 1189 805 1273 species
828 1210 891 1252 non
915 1206 980 1253 erse
1010 1187 1090 1252 sicut
1112 1210 1257 1253 numeros
1282 1190 1336 1273 qui

236 1298 381 1362 differunt
395 1321 450 1384 per
465 1300 651 1365 additionem
666 1301 804 1380 unitatis,
819 1311 851 1365 et
869 1300 959 1364 simul
975 1308 1129 1385 appareat,
1145 1300 1234 1385 plura
1246 1323 1335 1385 posse

234 1410 362 1475 existere
381 1410 538 1476 individua
560 1412 729 1497 spiritualia
749 1413 782 1477 in
806 1412 912 1477 eadem
933 1413 1043 1496 specie,
1063 1412 1265 1478 discutiamus
1284 1413 1335 1477 hie

235 1520 294 1585 alia
315 1531 506 1606 argumenta,
522 1522 633 1608 quibus
655 1522 754 1588 utitur
770 1524 802 1587 S.
818 1523 950 1587 Thomas
971 1521 1011 1586 ad
1026 1522 1242 1587 stabiliendum
1261 1543 1334 1587 con-

234 1633 372 1698 trarium.

277 1746 330 1808 24.
354 1744 463 1830 Itaque
486 1768 515 1830 p.
538 1749 612 1831 l.q.
630 1744 901 1830 casamarii
926 1754 1032 1810 utrum
1060 1745 1162 1829 angeli
1193 1745 1334 1809 differant

236 1856 351 1940 specie;
375 1866 405 1919 et
420 1857 527 1941 incipit
549 1879 620 1921 eum
634 1857 692 1922 hoc
714 1860 916 1941 argumento:
938 1858 978 1920 In
999 1859 1055 1935 bis,
1070 1880 1134 1942 qne
1156 1865 1225 1922 sant
1246 1860 1334 1922 nnius

233 1970 347 2051 speciei,
362 1990 419 2031 non
442 1977 486 2032 est
508 1970 637 2032 invenire
652 1970 740 2053 prins
759 1978 788 2034 et
807 1970 966 2052 posterius,
986 1970 1039 2034 sed
1058 1972 1090 2032 in
1107 1970 1228 2054 armetis,
1246 1972 1334 2033 etiam

233 2082 320 2143 naias
345 2081 465 2159 ordinis,
487 2090 556 2145 sant
573 2083 675 2164 primi,
699 2082 796 2157 medii,
823 2088 853 2145 et
877 2081 983 2159 nltr‘rni,
1005 2090 1040 2144 at
1064 2081 1138 2145 dicit
1161 2082 1332 2164 Dionysias.

234 2191 318 2275 Erpa
333 2191 430 2275 anyeli
448 2214 506 2255 non
520 2199 589 2255 arnt
606 2192 731 2255 elasam
750 2184 866 2275 speciei.
912 2191 956 2256 Ut
974 2191 1032 2255 hoc
1049 2200 1266 2275 argumentum
1293 2193 1334 2255 sit

232 2303 334 2366 efficax
358 2312 477 2387 oportet
501 2326 680 2388 supponere,
702 2301 847 2367 vocabula
869 2304 969 2387 primi,
989 2304 1078 2367 medii
1098 2312 1130 2367 et
1152 2304 1249 2366 ultimi
1270 2325 1333 2365 non

233 2414 402 2499 significare
424 2424 546 2479 tantum
567 2414 770 2479 diversitatem
793 2416 970 2494 officiorum,
987 2424 1040 2479 aut
1055 2416 1204 2480 donorum
1227 2437 1332 2501 super·

231 2527 427 2606 naturalium,
442 2549 499 2590 nee
514 2535 635 2591 tantum
654 2528 798 2591 maiorem
819 2527 865 2591 vel
885 2528 1035 2591 minorem
1050 2527 1218 2592 claritatem
1240 2527 1331 2591 intel·

230 2640 399 2720 lectualem,
411 2641 465 2704 sed
478 2641 571 2704 etiam
586 2641 790 2704 diversitatem
800 2641 879 2705 circa
893 2640 991 2725 ipsam
1005 2649 1147 2704 naturam
1160 2640 1331 2724 specificam

230 2760 315 2816 actus
333 2741 557 2816 substantialis.
604 2753 672 2816 Hoc
687 2759 789 2816 autem
805 2763 883 2816 esset
899 2773 1070 2836 supponere
1085 2752 1117 2815 id
1139 2751 1223 2836 quod
1236 2760 1283 2814 est
1298 2751 1331 2814 iu

230 2864 406 2948 quaestione.
449 2864 507 2928 Vel
522 2865 629 2928 saltem
649 2872 768 2948 oportet
788 2886 938 2948 exponere
953 2863 1096 2926 maiorem
1112 2862 1164 2940 ita,
1176 2870 1212 2925 ut
1233 2862 1329 2945 signi-

230 2977 309 3056 ficet,
325 2999 445 3040 omnem
469 2985 570 3041 actum
589 2975 687 3060 magis
709 2975 867 3039 intensum
881 2975 915 3038 in
932 2975 1049 3039 ratione
1071 2983 1157 3038 aetus
1179 2974 1331 3039 entitativi

229 3110 294 3151 esse
309 3089 406 3173 specie
421 3088 571 3152 diversum
592 3089 726 3152 eminus
741 3088 880 3152 intenso:
904 3095 934 3151 et
949 3095 1025 3150 tunc
1046 3085 1209 3170 negabitur
1224 3088 1329 3152 maior.

231 3199 338 3284 Neque
350 3201 431 3264 enim
442 3200 565 3264 diversae
574 3199 767 3264 intensitates
779 3199 945 3263 entitativae
957 3198 1124 3262 necessario
1133 3198 1329 3263 constituunt

230 3311 361 3374 diversas
376 3311 500 3395 species,
516 3320 551 3374 ut
567 3311 627 3375 cito
642 3310 823 3374 videbimus.

271 3425 324 3487 25.
347 3423 442 3486 Addit
451 3423 493 3486 ibi
505 3423 535 3486 S.
547 3423 696 3486 Thomas:
721 3423 780 3500 Ea,
790 3445 854 3505 qne
865 3422 1036 3484 conveniant
1043 3421 1175 3504 speciest
1186 3421 1328 3505 differunt

228 3558 355 3612 nurnero,
372 3537 543 3599 concernunt
560 3536 591 3596 in
605 3535 717 3617 forma,
732 3535 785 3598 sed
805 3535 1025 3618 distinpanntnr
1044 3533 1247 3597 materialiter.
1293 3535 1330 3596 Si

227 3669 294 3730 erpo
309 3648 405 3731 anyeli
419 3670 477 3710 non
496 3655 564 3710 sunt
579 3648 731 3730 compositi
745 3669 781 3709 ea
802 3648 928 3709 materia
943 3653 972 3708 et
985 3646 1097 3728 sorana,
1113 3653 1147 3708 nt
1161 3645 1271 3708 dictam
1285 3654 1329 3708 est

225 3781 324 3843 snpra,
350 3761 482 3843 sequitur
505 3759 584 3842 qnod
607 3759 783 3844 impossibile
807 3759 849 3821 sit
872 3780 932 3821 esse
960 3758 1033 3820 daos
1054 3757 1173 3841 unqelos
1201 3757 1328 3820 anam

226 3874 352 3956 speciei:
376 3874 453 3936 sient
478 3874 566 3935 etiarn
588 3871 765 3954 inpossibile
789 3879 863 3935 esset
886 3871 989 3945 dicere,
1013 3871 1092 3952 qaod
1114 3875 1209 3932 essent
1224 3869 1329 3950 plnres

227 3985 372 4048 albedines
397 3993 550 4068 separate,
573 3991 625 4046 ant
638 3983 740 4066 plnres
760 3984 974 4054 humanitatem
990 4004 1085 4066 'qnam
1105 3981 1250 4045 albedines
1269 4003 1328 4044 nen

225 4100 286 4162 sint
294 4099 408 4182 plnres,
420 4099 479 4160 nisi
492 4097 647 4160 secandam
656 4095 735 4178 qaod
746 4102 816 4158 sant
825 4097 857 4156 in
864 4095 1003 4177 pluribus
1016 4095 1198 4157 substantiis.
1244 4092 1327 4156 Huic

227 4218 408 4294 argumento
433 4207 644 4292 respondetur,
669 4205 785 4270 nullam
812 4228 877 4288 esse
899 4205 1108 4270 necessitatem
1132 4204 1326 4282 admittendi,

227 4322 308 4406 quod
332 4345 376 4402 ea,
400 4344 467 4406 quae
490 4320 674 4384 conveniunt
695 4319 792 4404 specie
816 4329 847 4382 et
873 4318 1017 4382 differunt
1037 4339 1175 4396 numero,
1197 4314 1327 4380 debeant
