3200 4975
289 402 355 465 244
730 420 772 464 ua
790 420 939 466 nonnus.
1236 400 1319 483 [cnr.
1339 418 1399 462 111.

288 582 389 649 vatin
403 581 566 647 habituum
589 582 622 647 in
636 583 813 668 passivitate
832 584 969 649 affectiva
984 582 1048 648 sive
1069 582 1211 647 sensitiva
1226 582 1288 647 sive
1307 581 1402 646 intel-

289 691 398 759 lectiva
414 694 561 760 residens.
606 694 648 759 llt
661 693 713 759 hic
730 695 920 781 loquendum
939 703 1019 761 esset
1042 695 1081 760 dc
1100 693 1294 780 passionibus
1313 692 1402 757 etde

289 804 458 885 habitibus,
472 805 526 890 qui
540 812 671 889 possunt
692 826 758 870 esse
772 803 806 869 in
821 805 955 871 homine.
1002 804 1064 870 Sed
1081 804 1188 884 fateor,
1203 804 1299 870 videri
1321 802 1403 866 milri

292 917 325 983 in
344 918 437 982 nimis
451 918 553 1002 ampla
566 926 598 982 et
618 916 725 982 subtili
740 918 867 983 materia
883 918 994 982 melius
1016 940 1082 982 esse
1097 917 1175 982 nihil
1190 938 1283 1002 quam
1302 936 1404 1001 pauca

293 1028 409 1095 dicere:
432 1028 601 1114 presertim
615 1051 712 1114 quum
728 1028 761 1093 S.
773 1028 907 1094 Thomas
921 1036 989 1093 turn
1005 1028 1044 1093 de
1058 1027 1261 1114 passionibus,
1277 1034 1345 1091 tum
1361 1026 1401 1090 de

293 1138 451 1204 habitibus
460 1139 504 1203 ita
513 1139 677 1225 scripserit,
687 1147 723 1205 ut
731 1138 810 1203 nibil
818 1147 964 1225 praeterea
971 1138 1155 1225 philosopho
1164 1136 1400 1203 desiderandum

293 1252 344 1317 sit.
366 1251 449 1316 Vide
456 1273 530 1337 ergo
538 1274 607 1338 quse
618 1251 710 1316 habet
720 1252 753 1316 in
766 1255 795 1317 l.
807 1256 838 1317 2.
851 1275 882 1338 q.
895 1255 938 1318 22
949 1274 1046 1337 usque
1057 1252 1136 1337 adq.
1149 1254 1192 1315 48
1202 1251 1241 1315 de
1251 1250 1400 1336 passioni-

295 1362 371 1429 bus:
395 1363 434 1430 de
447 1363 604 1431 babitibns
617 1387 688 1430 vero
702 1387 720 1429 a
735 1387 766 1451 q.
775 1367 819 1431 49
834 1374 865 1429 et
881 1364 1033 1450 deinceps.

734 1701 875 1767 CAPUT
898 1702 961 1767 lll.

395 1898 447 1954 DE
463 1896 575 1969 ORTU,
594 1897 840 1953 EVOLU'I'IONE
858 1898 906 1955 ΕΓ
924 1898 1108 1955 INTERITU
1127 1898 1298 1955 HOMINIS.

338 2056 393 2118 84.
418 2052 590 2138 Supersunt
613 2054 664 2119 hic
688 2054 819 2121 breviter
848 2057 1015 2123 tractandae
1040 2059 1236 2144 quaestiones,
1262 2080 1329 2142 quae
1352 2078 1400 2121 re-

297 2166 431 2251 spiciunt
454 2166 587 2231 bominis
613 2169 852 2252 generationem,
876 2170 1079 2235 evolutionem
1107 2170 1288 2236 facultatum
1311 2177 1400 2233 natu-

297 2277 416 2357 ralium,
440 2286 470 2341 et
496 2276 730 2345 destinationem
757 2288 828 2365 post
853 2280 932 2345 hanc
958 2281 1073 2347 vitam:
1095 2282 1152 2347 bas
1177 2291 1280 2347 autem
1303 2279 1401 2345 tribus

298 2388 434 2455 articulis
449 2390 697 2476 complectemur.

681 2640 865 2685 ABTIGULUS
881 2640 1018 2686 Palatua.

712 2788 761 2851 De
775 2797 843 2852 ortu
857 2789 991 2852 hominia.

343 2941 395 3002 85.
420 2937 576 3014 Quaeritur
589 2935 640 3000 bio
648 2937 758 3021 primo,
767 2946 866 3002 utrum
880 2939 979 3002 animo
990 2939 1114 3002 bominis
1128 2941 1237 3004 mutat
1251 2947 1405 3022 autequam

300 3051 362 3113 eius
376 3049 646 3133 corpassonnetur.

344 3158 537 3245 Respondeo,
557 3158 641 3223 hunc
664 3157 758 3222 fuisse
784 3180 916 3223 errorem
935 3159 1073 3223 Platonis
1095 3168 1125 3223 et
1146 3158 1337 3246 Pythagorae,
1354 3157 1406 3243 qui

301 3271 464 3349 finxemnt,
480 3270 597 3334 animas
621 3291 728 3333 omnes
745 3268 783 3333 ub
807 3269 896 3334 initio
913 3293 1015 3335 rerum
1038 3270 1176 3335 conditas
1196 3270 1299 3350 fuisse,
1321 3263 1351 3334 et
1374 3268 1408 3333 in

302 3383 391 3447 nstris
407 3382 508 3446 sedem
520 3379 669 3465 recepisse
684 3379 780 3443 donec
789 3380 967 3464 corporibus
981 3382 1146 3446 uniantur:
1169 3403 1260 3467 quern
1275 3403 1407 3446 errorem

303 3493 453 3578 Origenes
463 3493 542 3556 inter
550 3491 692 3577 antiquos
703 3501 734 3556 et
746 3491 918 3556 Leibnitius
926 3493 1008 3558 inter
1018 3492 1199 3559 recentiores
1208 3494 1409 3559 resuscitavit.

303 3604 425 3681 Quibus
446 3602 616 3668 refutandis
630 3603 695 3668 haec
715 3625 813 3688 pauca
826 3603 988 3668 sufficiant.
1035 3608 1077 3668 1⁰.
1102 3605 1135 3669 si
1150 3605 1252 3669 anima
1273 3599 1409 3670 bumana

303 3716 404 3782 existit
426 3724 497 3780 ante
518 3738 640 3802 eorpus,
655 3715 730 3781 unio
749 3715 860 3780 auimae
874 3716 913 3780 ad
934 3738 1045 3802 corpus
1066 3719 1125 3782 erit
1139 3726 1246 3781 eontra
1266 3727 1408 3781 naturum

301 3829 398 3915 ipsius
424 3814 543 3892 animae.
588 3827 682 3907 Nam,
709 3827 734 3891 ai
758 3826 861 3890 anima
887 3825 952 3891 sine
978 3849 1103 3911 corpore
1125 3827 1252 3909 exstitit,
1275 3827 1409 3892 exercuit

302 3941 493 4026 operationes
508 3962 578 4004 suas
592 3938 709 4019 vitales,
725 3960 794 4023 quae
813 3947 887 4003 sunt
902 3961 965 4002 suae
980 3948 1097 4004 naturae
1113 3937 1263 4024 propriae:
1286 3938 1409 4023 quando

303 4063 405 4118 autem
416 4052 593 4118 infunditur
601 4050 720 4137 corpori
729 4050 838 4135 incipit
848 4050 989 4135 impediri
999 4052 1031 4116 in
1043 4051 1171 4129 iisdem3
1193 4072 1265 4115 num
1278 4050 1410 4115 infantes

302 4189 359 4252 pro
372 4166 611 4250 longotcmpore
626 4171 784 4248 nequeunt
799 4163 917 4227 ratione
932 4163 988 4227 uti.
1032 4163 1117 4247 Ergo
1130 4162 1205 4227 unio
1219 4163 1290 4228 talis
1301 4162 1410 4227 anime

302 4301 371 4344 cum
381 4299 506 4363 corpore
517 4285 564 4340 est
578 4285 685 4340 contra
696 4276 762 4339 eius
772 4274 911 4340 bonum:
934 4282 965 4339 et
980 4274 1049 4339 idco
1060 4285 1167 4339 eontra
1181 4275 1248 4339 eius
1257 4284 1408 4340 naturum.

302 4393 347 4455 2⁰.
371 4388 403 4452 Si
418 4387 521 4451 anima
535 4387 595 4451 fuit
616 4395 688 4450 ante
710 4408 832 4470 corpus,
849 4385 938 4451 debet
959 4387 1136 4467 memoriam
1161 4409 1279 4452 servare
1294 4387 1332 4452 de
1355 4409 1409 4451 sua
