3200 4975
255 366 326 408 car.
344 347 413 429 rin]
565 369 607 410 or
625 368 830 411 sossraurm
845 368 1043 413 srrarroanr.
1316 352 1358 413 93

253 533 404 615 attingere
416 533 519 596 statim
531 543 562 595 et
571 533 714 598 distincte
725 534 859 618 primunr
872 534 995 618 aliquod
1009 534 1234 618 apprehensum
1249 556 1356 597 secun-

253 643 326 706 dum
337 644 449 721 omnia,
460 666 528 727 quae
542 644 580 708 de
595 644 648 707 illo
661 645 819 728 predicari
830 654 977 728 possunt;
1000 645 1073 729 quia
1084 646 1148 709 haec
1157 655 1231 708 sunt
1240 645 1357 729 simpli-

251 752 326 816 citer
339 753 472 831 infinita,
485 753 581 837 quum
603 756 769 839 unicuique
783 756 828 819 rei
843 764 995 839 competat
1010 778 1098 839 posse
1114 756 1242 819 infinitis
1259 756 1358 820 modis

252 865 292 927 ad
306 864 396 927 aliam
410 860 474 928 rem
490 864 603 943 referri,
624 866 706 930 etsie
715 866 780 930 fieri
792 866 962 930 subiectum
975 866 1165 930 infinitarum
1176 866 1357 951 propositio-

254 997 328 1038 num
345 975 541 1039 diversarum.
587 976 672 1040 Licet
688 987 791 1040 antem
807 977 935 1061 angelus
954 978 1073 1040 dicatur
1089 978 1234 1060 peculum
1249 1000 1359 1061 param

253 1097 282 1150 et
311 1088 513 1166 chimerimam,
543 1110 605 1152 non
635 1098 736 1172 potest
763 1111 828 1152 uno
857 1100 927 1152 actu
957 1111 1013 1152 suo
1042 1088 1201 1173 complecti
1228 1088 1357 1151 infinita.

252 1199 388 1277 Accedit,
405 1199 488 1281 quod
502 1199 630 1282 angelus
644 1222 707 1263 non
728 1200 827 1263 solum
851 1200 996 1283 intelligit
1010 1200 1150 1263 veritates
1165 1200 1357 1279 necessarias,

253 1310 412 1373 sedetiam
428 1310 651 1394 contingentes,
667 1334 743 1395 quas
757 1313 864 1396 procul
880 1312 973 1376 dubio
988 1335 1050 1376 non
1066 1321 1166 1397 potest
1177 1333 1357 1396 cognoscere

251 1422 284 1483 in
299 1423 398 1505 prima
411 1421 651 1505 apprehensione
669 1421 797 1486 alicuius
817 1422 1009 1506 apprehensi,
1025 1445 1122 1508 quum
1143 1424 1175 1486 in
1190 1424 1289 1507 primo
1304 1423 1357 1487 illo

252 1533 441 1616 apprehenso
465 1555 527 1595 non
555 1533 747 1597 contincatur
769 1535 848 1597 ratio
874 1535 1025 1599 sufficiens
1049 1536 1114 1599 eius
1136 1535 1357 1618 praedicationis

252 1644 454 1708 accidentalis.
496 1644 556 1721 Sic,
572 1644 599 1708 si
613 1644 740 1728 angelus
755 1642 898 1727 cognovit
908 1646 1034 1709 Petrum
1050 1655 1080 1709 et
1096 1646 1215 1724 Iudam,
1231 1669 1294 1709 non
1310 1669 1357 1711 se·

251 1757 356 1839 quitur
379 1754 461 1839 quod
484 1756 588 1817 statim
602 1754 712 1818 viderit
735 1756 856 1839 inipso
879 1756 970 1819 Petro
992 1754 1128 1820 futuram
1151 1757 1355 1840 negationem,

252 1865 488 1944 conversionem,
506 1862 743 1944 crucifixidnem‚
758 1875 790 1931 ct
805 1869 837 1929 in
859 1867 939 1931 Iuda
956 1867 1161 1952 proditionem
1179 1877 1210 1931 et
1230 1868 1356 1932 damna-

250 1979 384 2041 tionem:
407 1977 461 2041 sed
475 1972 642 2041 necessario
658 1974 743 2062 prius
758 1979 901 2062 cognovit
916 1981 1041 2043 Petrum
1057 1989 1088 2043 et
1105 1980 1224 2058 Iudam,
1240 1981 1355 2066 etquid

252 2088 291 2150 sit
314 2110 431 2171 negare,
461 2089 598 2166 convoti,
625 2088 766 2172 crncrfiqr',
791 2086 916 2167 tradere,
941 2090 1093 2153 damnari:
1125 2089 1235 2169 deinde
1258 2090 1355 2174 ipsam

251 2200 454 2281 negationem,
480 2196 718 2279 conversionem,
742 2196 965 2264 crueifixionem
987 2202 1087 2279 Petra,
1106 2201 1310 2285 proditionem
1325 2212 1355 2265 et

252 2310 477 2374 damnationem
493 2310 579 2374 Iudae
596 2311 714 2389 tribuit,
731 2312 854 2395 quando
874 2312 959 2375 novit
979 2312 1193 2377 accidentalem
1214 2315 1355 2378 conveni-

251 2422 363 2487 entiam
379 2423 489 2486 horum
504 2445 574 2486 cum
597 2422 657 2488 illis
672 2423 810 2488 existere.
856 2422 958 2500 Quare
980 2419 1127 2500 iudicium
1146 2422 1222 2490 hoc:
1246 2427 1356 2492 Petrus

250 2546 337 2619 acpat
349 2537 506 2614 Christum,
518 2536 554 2599 fit
565 2558 618 2620 per
626 2559 727 2599 veram
737 2537 987 2620 compositionem
998 2538 1081 2600 Petri
1096 2560 1166 2601 cum
1182 2539 1356 2622 negatione,

252 2649 343 2711 etiam
353 2647 391 2711 ab
402 2646 531 2730 angelo:
554 2655 585 2711 et
601 2646 741 2712 similiter
754 2647 903 2711 iudicium
917 2647 992 2711 hoc:
1016 2649 1110 2711 ladas
1123 2671 1181 2711 aaa
1196 2659 1239 2714 est
1249 2650 1355 2726 salae,

250 2761 295 2836 fit,
320 2759 412 2822 etiam
435 2760 473 2822 ab
495 2759 615 2842 angelo,
638 2781 805 2842 persenam
829 2759 1006 2822 divisionem
1027 2755 1134 2824 salutis
1148 2760 1269 2833 eluda.
1314 2761 1355 2825 Et

249 2872 280 2933 in
304 2870 362 2934 hoc
385 2871 537 2934 consentit
562 2871 594 2933 S.
619 2870 751 2934 'l'homas
775 2870 843 2951 (art.
871 2871 946 2954 aeq.)
960 2869 1026 2950 ubi
1046 2870 1106 2933 ait:
1134 2871 1288 2943 Quidditas
1312 2875 1356 2936 rei

243 2992 344 3066 potest
368 3004 429 3046 esse
447 2985 628 3067 princrpiam
651 2983 840 3067 copaoaceadi
864 2990 995 3065 respecta
1021 3004 1129 3060 eoram,
1148 3006 1210 3066 qaoe
1223 2979 1353 3047 'notara-

250 3094 317 3157 liter
331 3096 503 3157 conveniant
516 3096 569 3172 rei,
584 3095 632 3157 vel
644 3095 680 3157 ab
696 3117 730 3156 ea
744 3101 929 3157 removeatur
937 3119 947 3165 ;
970 3115 1028 3156 aaa
1047 3089 1144 3156 uatem
1163 3091 1270 3174 eoram,
1292 3119 1355 3179 qua

250 3228 268 3267 a
290 3205 507 3289 supernaturali
528 3207 589 3267 Da·
610 3205 794 3268 ordinatione
817 3199 992 3287 dependeat:
1019 3217 1049 3268 et
1072 3199 1183 3268 addere
1203 3204 1353 3288 potuisset

248 3314 357 3378 liberas
379 3315 512 3379 actiones
535 3325 740 3378 creaturarum
763 3326 794 3378 ct
817 3325 931 3379 secreta
953 3312 1100 3396 cordium,
1124 3313 1191 3401 quae
1207 3313 1262 3380 soli
1285 3317 1352 3380 Deo

248 3435 451 3490 reservantur.
497 3426 535 3489 In
550 3425 599 3488 his
614 3448 687 3508 ergo
702 3425 830 3510 angelus
845 3447 1025 3510 componere
1039 3421 1217 3491 et'dividere
1226 3428 1352 3491 omnino

248 3546 358 3620 potest,
374 3537 450 3620 quin
470 3535 563 3598 etiam
583 3559 691 3615 errare,
713 3545 749 3600 ut
768 3536 833 3621 ipse
850 3537 879 3601 S.
897 3537 1029 3602 Thomas
1047 3535 1169 3618 fatetur,
1191 3547 1222 3603 et
1235 3535 1352 3603 videbi·

248 3669 319 3710 mus
334 3647 367 3709 in
383 3645 592 3730 sequentibus.
1009 3645 1011 3650 ’

291 3759 396 3841 Atque
425 3757 475 3820 hic
505 3756 635 3820 ulterius
663 3757 857 3821 recolendum
887 3768 943 3837 est,
973 3759 1056 3845 quod
1073 3782 1175 3824 omne
1204 3760 1351 3836 iudicium

247 3868 375 3932 afferens
389 3890 498 3930 novam
515 3869 722 3951 cognitionem
737 3867 816 3933 circa
830 3869 945 3957 aliquid
963 3880 1009 3935 est
1029 3869 1168 3956 quaedam
1183 3895 1253 3937 vera
1270 3895 1351 3937 com-

246 3981 368 4064 positio,
383 3980 408 4042 si
424 3980 464 4042 sit
479 3979 702 4058 affirmativum,
714 3980 761 4044 vel
772 3982 913 4067 quaedam
928 4006 996 4047 vera
1012 3983 1127 4062 divisio,
1136 3985 1169 4048 -si
1185 3985 1353 4069 sitnegati-

247 4112 329 4152 vum.
375 4090 456 4152 Nam
472 4090 621 4153 eiusmodi
636 4090 783 4155 indicium
800 4102 847 4156 est
862 4102 958 4173 actus,
981 4117 1043 4178 quo
1064 4095 1194 4158 duorum
1210 4097 1351 4159 conveni·

246 4200 328 4262 entia
342 4199 389 4262 vel
405 4199 653 4284 apprehenditur,
666 4210 696 4264 et
711 4201 879 4267 affirmatur
894 4226 968 4283 esse,
982 4204 1027 4269 vel
1039 4205 1278 4290 apprehenditur
1289 4228 1351 4269 non

246 4333 321 4388 esse,
337 4320 367 4374 et
382 4317 521 4392 negatur.
569 4311 634 4376 Iam
650 4333 719 4375 vero
734 4313 883 4390 affirmare
897 4315 1028 4379 duorum
1050 4315 1289 4396 convenientiam
1305 4325 1350 4394 cst
