3200 4975
274 360 339 422 164
713 382 756 424 nn
774 381 920 426 nonina.
1236 358 1322 444 [car.
1340 379 1380 420 11.

274 547 378 632 Atque
406 546 465 611 hoo
495 547 594 631 primo
626 547 791 612 efficiemus
820 548 853 610 in
883 547 941 609 hoo
967 545 1075 630 capite,
1098 546 1130 608 in
1155 566 1216 630 quo
1238 553 1381 608 naturam

274 657 418 736 hominis,
433 666 500 722 tum
517 658 548 721 in
570 657 669 743 specie
691 659 851 734 facultates
873 657 1108 743 cognoscitivam
1124 665 1156 720 et
1171 657 1379 742 appetitivam,

275 767 376 832 tribus
391 768 543 832 distinctis
558 768 703 847 articulis,
719 768 988 854 perscrutabimur.

660 1029 846 1074 surreptus
862 1030 999 1073 Fuluus.

486 1163 535 1224 De
545 1162 678 1244 physicis
692 1163 888 1226 constitutivis
902 1162 1032 1224 humano
1046 1168 1170 1223 acturo.

319 1316 373 1379 39.
397 1314 533 1390 Quaestio
553 1322 600 1377 est
622 1325 727 1379 contra
749 1314 961 1378 materialistas
982 1313 1161 1398 praesertim,
1179 1313 1233 1398 qui
1248 1311 1380 1375 animam
1402 1354 1405 1360 -

276 1424 464 1510 spiritrmlem
484 1446 549 1488 non
568 1424 737 1489 admittunt
746 1452 755 1504 3
778 1448 851 1489 nam
872 1425 955 1510 quod
969 1426 1080 1489 attinet
1095 1425 1134 1488 ad
1148 1423 1312 1504 idealistas,
1327 1423 1381 1509 qui

205 1584 208 1592 .
276 1544 392 1620 negant
414 1558 574 1621 corporum
597 1537 799 1617 existentiam,
823 1538 845 1600 ii
867 1560 930 1601 non
953 1544 1027 1601 sunt
1048 1536 1107 1600 hoe
1129 1536 1195 1601 loco
1216 1535 1380 1612 refutandi,

276 1671 371 1733 quum
387 1670 451 1712 non
466 1649 565 1712 solum
584 1670 694 1733 eorpus
713 1650 896 1727 humanum,
920 1648 973 1712 sed
994 1648 1097 1712 omnia
1119 1670 1244 1732 corpora
1265 1654 1380 1730 negent

277 1759 422 1824 existere:
446 1759 572 1823 refutari
588 1768 691 1824 autem
708 1761 808 1825 solent
823 1760 854 1823 in
871 1759 970 1844 logica
984 1759 1031 1823 vel
1046 1759 1079 1823 in
1094 1759 1291 1848 cosmologia3

320 1869 476 1946 Quaeritnr
490 1892 563 1953 ergo
577 1870 687 1955 primo,
703 1894 742 1935 oa
755 1873 796 1936 ait
811 1871 926 1955 aliquid
938 1872 969 1934 ia
983 1871 1097 1935 bomine
1105 1880 1216 1954 proter
1229 1871 1381 1934 neoterium

276 1989 306 2045 ct
320 1983 490 2066 affectiones
503 1983 640 2045 matario.

321 2093 503 2180 Respondeo
530 2094 718 2158 affirmative.
762 2094 843 2159 Nam
867 2104 914 2159 est
943 2094 1098 2159 evidenter
1119 2093 1152 2157 in
1174 2093 1298 2156 homine
1319 2093 1381 2155 vita

277 2207 430 2285 sensitiva,
453 2228 529 2291 quae.
544 2214 699 2271 exercetur
721 2226 775 2289 per
796 2214 883 2269 actus
905 2207 1125 2290 cognoscitivos
1147 2213 1179 2269 et
1200 2203 1381 2289 appetitivos

278 2316 486 2382 sensibilium:
510 2317 597 2402 atqui
622 2317 655 2380 hi
681 2324 767 2380 actus
796 2327 955 2402 nequeunt
980 2339 1045 2382 esse
1070 2319 1103 2382 in
1129 2339 1207 2402 pura
1236 2315 1381 2394 materia:

276 2450 350 2513 ergo
364 2429 418 2494 ubi
433 2437 480 2494 est
494 2429 556 2494 vita
573 2428 726 2506 sensitiva,
742 2428 785 2493 ibi
799 2438 846 2493 est
866 2429 980 2516 aliquid
1000 2437 1109 2515 praeter
1128 2429 1295 2494 materiam.
1340 2427 1382 2491 Et

276 2540 377 2604 minor
390 2541 537 2626 probatur
545 2567 554 2619 3
577 2563 650 2605 uam
667 2540 737 2605 l⁰si
752 2550 838 2605 act-us
853 2542 1075 2625 cognoscitivus
1091 2548 1122 2605 et
1136 2540 1320 2625 appetitivus
1335 2548 1382 2602 est

277 2652 308 2715 in
324 2675 402 2738 pura
416 2653 551 2731 materia,
570 2653 696 2716 materia
716 2652 807 2717 debet
827 2652 940 2717 habere
961 2653 1145 2737 principium
1160 2650 1268 2715 vitale:
1291 2650 1381 2714 etsie

273 2764 377 2828 omnis
391 2764 519 2829 materia
532 2764 644 2830 viveret
658 2773 689 2828 et
703 2763 830 2829 sentiret
844 2773 876 2830 et
890 2787 908 2828 a
923 2766 1021 2849 seipsa
1036 2788 1067 2829 sa
1083 2773 1224 2844 moveret,
1240 2762 1323 2849 quod
1334 2770 1381 2827 est

275 2885 382 2941 contra
407 2876 489 2940 laeta
510 2876 670 2954 evidentia,
693 2885 724 2939 et
745 2876 880 2964 physicae
908 2885 1077 2961 repugnat:
1107 2881 1143 2942 2⁰
1164 2876 1290 2940 materia
1315 2897 1379 2938 non

275 2987 369 3053 habet
390 2988 451 3053 nisi
472 2988 677 3073 passivitatem
702 2988 885 3073 receptivam
907 2998 1010 3053 motus
1031 2989 1145 3068 localis,
1167 2998 1204 3053 ut
1224 2988 1321 3073 liquet
1343 3010 1381 3052 ex

275 3099 366 3163 dictis
381 3100 414 3163 in
428 3109 561 3165 tractatu
576 3100 614 3164 de
629 3100 736 3184 primis
750 3098 909 3185 principiis
923 3111 955 3164 et
975 3100 1013 3165 de
1035 3100 1206 3165 substantia
1226 3121 1381 3185 corporea.

275 3212 373 3297 Atqui
387 3211 499 3277 habere
513 3220 615 3276 aetum
635 3211 876 3295 cognoscitivum
891 3211 939 3276 vel
954 3212 1154 3297 appetitivum
1169 3212 1213 3276 rei
1227 3212 1380 3277 sensibilis

276 3344 338 3386 non
348 3333 394 3388 est
402 3323 515 3389 habere
523 3332 641 3387 motum
653 3323 793 3401 localem,
811 3323 946 3407 primum
955 3323 1037 3387 enim
1045 3331 1092 3388 est
1100 3346 1199 3407 agere,
1212 3324 1379 3393 secundum

276 3444 322 3497 est
333 3436 398 3518 pati
406 3460 416 3513 ;
439 3458 512 3519 ergo
521 3457 584 3499 non
596 3445 697 3519 potest
707 3456 786 3519 pura
796 3434 924 3499 materia
934 3434 1047 3499 habere
1060 3443 1162 3498 actum
1178 3435 1379 3519 appetitivum

275 3545 322 3608 vel
337 3546 587 3629 cognoscitivum.
637 3597 639 3600 .

320 3655 411 3732 Quod
427 3665 462 3721 ut
477 3657 588 3721 melius
607 3666 720 3741 pateat,
742 3657 996 3722 considerandum
1019 3666 1075 3736 est,
1098 3667 1200 3723 aetum
1223 3659 1379 3743 cognosci·

275 3767 373 3832 tivum
396 3767 586 3833 sensibilium
608 3791 674 3833 esse
695 3768 927 3853 impossibilem,
949 3769 1008 3833 nisi
1023 3779 1055 3834 et
1069 3768 1222 3834 obiectum
1237 3771 1379 3835 sensibile

274 3879 431 3965 imprimat
454 3880 583 3965 speciem
602 3880 735 3965 aliquam
758 3880 806 3944 sui
824 3880 857 3944 in
872 3880 1019 3961 subiecto,
1036 3889 1066 3945 et
1081 3881 1253 3967 subiectum
1267 3881 1378 3947 habeat

273 3988 336 4056 vim
351 3992 525 4057 intuitivam
540 3991 651 4056 obiecti
664 4014 721 4077 per
734 3992 865 4076 speciem
880 3993 1037 4077 praescntis
1048 3993 1081 4056 in
1092 3992 1267 4077 passivitate
1282 3992 1378 4079 ipsius

270 4103 412 4169 subiecti.
458 4104 526 4168 Iam
555 4126 625 4169 vero
653 4104 687 4167 in
717 4103 855 4169 subiecto
884 4126 960 4188 pure
988 4105 1147 4184 materiali,
1181 4107 1378 4191 quantumvis

271 4217 427 4301 organico,
450 4225 552 4300 potest
576 4215 698 4300 quidem
716 4216 791 4280 ¹fieri
804 4264 806 4267 -
820 4215 980 4301 impressio
1009 4217 1238 4301 proportionata
1266 4218 1379 4283 actioni

269 4326 383 4391 obiecti
400 4329 447 4411 (ut
462 4328 564 4410 imago
578 4327 688 4391 obiecti
703 4327 736 4391 in
759 4328 848 4392 ocrsso
870 4335 974 4412 aperto
996 4328 1172 4413 cadaveris),
1187 4328 1244 4395 sed
1264 4330 1377 4395 frustra
