3200 4975
230 349 301 394 car.
319 332 358 415 a]
684 355 726 397 nn
744 354 893 399 nonius.
1283 338 1341 399 131

226 518 416 581 constituant
447 518 648 583 essentialiter
676 520 733 583 hoc
760 520 974 604 compositum,
1006 520 1142 605 primum
1175 531 1206 584 et
1235 543 1343 585 secun·

225 628 301 692 'dum
328 629 427 693 solum
453 629 569 695 habent
594 653 626 695 se
648 640 807 715 tamquam
832 640 951 716 partes:
975 633 1101 697 tertium
1138 633 1221 697 enim
1249 633 1342 697 habet

225 739 374 805 rationem
400 741 615 825 complementi
638 742 774 807 formalis
799 742 897 828 ipsius
923 744 1084 830 compositi
1114 753 1149 809 ut
1180 745 1341 829 compositi

227 861 310 916 actu.

269 964 311 1027 Et
330 964 414 1049 quod
436 965 475 1030 ad
497 965 632 1049 primum
655 966 778 1044 attinet,
797 975 884 1051 patet
904 966 988 1030 hunc
1010 976 1113 1031 actum
1136 967 1337 1031 vivificantem

225 1097 289 1139 non
306 1098 373 1140 esre
390 1076 489 1140 solum
509 1076 701 1141 intellectum
720 1085 864 1161 agentem
888 1078 953 1163 (qui
976 1087 1023 1142 est
1047 1087 1134 1143 actus
1157 1079 1337 1144 substantie

224 1186 391 1270 spiritualis
402 1186 592 1273 inadequate
602 1191 770 1273 sumptus),
781 1210 839 1253 nec
853 1188 954 1273 ipsum
971 1188 1162 1253 intellectum
1177 1191 1336 1276 adaequate

224 1309 385 1383 sumptum
399 1307 435 1362 ut
450 1299 649 1363 terminatum
665 1298 779 1363 inesse
796 1299 975 1364 intellectivi
994 1322 1047 1385 per
1063 1302 1269 1383 cognitionem
1286 1300 1334 1367 sui

224 1432 289 1473 esse
306 1410 473 1495 (quinctus
488 1432 551 1474 non
560 1410 717 1475 estadhuc
727 1412 838 1476 ultimo
850 1411 884 1475 in
900 1434 933 1476 se
948 1412 1060 1477 sistens
1074 1435 1130 1477 nec
1140 1414 1335 1499 completus),

223 1522 277 1585 sed
299 1522 489 1587 intellectum
513 1531 550 1586 ut
572 1523 772 1587 terminatum
796 1546 850 1609 per
875 1524 1084 1608 passivitatem
1107 1525 1276 1590 affectivam
1300 1548 1336 1590 ex

221 1633 289 1717 ipso
303 1634 512 1713 resultantem,
523 1658 584 1720 qua
595 1635 707 1699 ultimo
723 1635 896 1721 completur
910 1636 943 1699 in
959 1658 1024 1699 esse
1036 1634 1217 1701 substantia
1232 1638 1334 1701 viven-

221 1746 263 1809 tis
278 1746 452 1811 individuae.
496 1747 538 1810 m
554 1746 632 1811 ratio
647 1757 703 1825 est,
720 1746 794 1831 quia
815 1746 902 1831 prius
922 1756 968 1811 ert
986 1746 1134 1811 constitui
1156 1748 1189 1810 in
1210 1770 1242 1809 se
1263 1746 1335 1811 sub·

221 1851 414 1938 stantialiter,
429 1883 521 1945 quarn
536 1859 626 1923 alteri
641 1884 673 1924 se
688 1860 814 1945 physice
835 1860 1069 1939 communicare,
1090 1880 1187 1945 quum
1210 1860 1336 1947 physica

221 1972 457 2037 communicatio
471 1972 617 2056 procedat
632 1972 672 2036 ab
687 1980 758 2035 ente
773 1972 900 2059 physice
915 1971 1094 2037 constituto.
1139 1972 1238 2056 Atqui
1249 1981 1335 2037 actus

222 2084 376 2147 vivificans
393 2106 507 2169 corpus
530 2085 737 2148 communicat
757 2107 789 2148 se
809 2085 854 2147 illi
868 2084 1014 2172 physice3
1037 2105 1109 2147 nam
1124 2084 1274 2149 vivificare
1288 2093 1335 2148 est

221 2196 347 2282 physice
373 2219 506 2261 causare.
551 2198 637 2281 Ergo
658 2196 750 2261 ‘actus
770 2197 926 2262 vivificans
949 2218 1059 2281 corpus
1082 2204 1129 2260 est
1152 2206 1239 2261 actus
1263 2195 1336 2260 sub-

222 2308 343 2373 stantiae
357 2308 525 2393 spiritualis
540 2308 651 2373 ultimo
666 2309 698 2371 in
714 2330 747 2371 se
761 2308 942 2393 completus,
964 2330 1017 2371 seu
1033 2316 1068 2372 ut
1090 2316 1137 2371 est
1157 2308 1282 2393 physice
1302 2308 1335 2371 in

221 2442 324 2486 rerum
339 2430 460 2500 natura,
476 2428 507 2484 et
522 2442 585 2484 non
600 2428 636 2483 ut
651 2417 835 2483 considerari
850 2428 952 2504 potest
973 2418 1030 2482 sub
1046 2418 1222 2503 praecisionc
1237 2428 1333 2483 meta-

221 2532 358 2618 physica.
403 2532 507 2609 Quare
528 2533 595 2618 ipsa
615 2531 787 2596 substantia
810 2532 919 2596 animae
942 2531 1131 2616 simpliciter,
1152 2553 1215 2596 non
1231 2541 1334 2595 autem

221 2644 339 2729 aliquid
359 2645 437 2724 eius,
449 2644 605 2708 informat
628 2665 740 2728 corpus
762 2644 953 2726 organicum,
968 2643 1019 2706 cui
1034 2643 1088 2706 dat
1107 2643 1224 2710 vivere:
1247 2643 1332 2728 quod

221 2765 269 2820 est
286 2757 378 2821 etiam
404 2755 566 2820 definitum
586 2755 625 2820 ab
640 2755 777 2820 Ecclesia
798 2755 926 2818 docente
946 2752 1030 2838 quod
1047 2756 1212 2819 adstantia
1230 2757 1334 2818 aalma

221 2870 378 2934 rationalis
390 2892 441 2934 seu
455 2871 637 2934 intellectione
651 2892 716 2933 cere
730 2891 877 2952 ceperas
891 2869 1010 2932 hamoni
1022 2869 1154 2950 corpores
1168 2874 1212 2930 est
1219 2867 1331 2951 forme.

223 2980 294 3045 Hoc
308 3003 381 3066 ergo
396 2980 580 3066 principium
595 2980 686 3045 vitale
701 2980 839 3044 continet
858 2979 891 3043 in
912 3001 944 3043 se
962 2977 1017 3042 illa
1031 2979 1100 3058 tria,
1116 3001 1185 3063 quac
1200 2978 1333 3042 diximus

223 3091 257 3155 in
271 3092 462 3177 praecedente
476 3100 610 3156 tractatu
627 3091 671 3175 (n.
689 3091 757 3174 16),
771 3089 911 3154 videlicet
928 3093 961 3154 1⁰
976 3097 1090 3169 actum,
1106 3093 1142 3154 2⁰
1156 3089 1333 3169 terminum,

222 3204 257 3266 3⁰
272 3202 542 3287 complementum.
812 3277 814 3281 ι

275 3312 369 3389 Quod
397 3313 510 3377 attinet
538 3312 579 3376 ad
607 3311 775 3376 terminum
805 3313 991 3396 receptivum
1025 3321 1113 3376 actus
1143 3311 1331 3392 vivificantis,

223 3425 338 3509 quique
359 3424 433 3488 dicit
451 3423 611 3488 materiam
631 3423 868 3503 informandam,
891 3432 975 3508 patet
996 3423 1145 3503 similiter,
1160 3423 1249 3488 illum
1269 3447 1332 3488 non

222 3535 332 3600 debere
341 3535 437 3619 accipi
448 3543 485 3599 ut
499 3535 658 3600 materiam
672 3536 771 3619 primo
785 3535 966 3600 actuabilem
982 3535 1016 3599 in
1029 3558 1103 3615 esse,
1113 3558 1169 3600 nec
1184 3545 1220 3600 ut
1235 3546 1331 3601 metes

220 3647 297 3711 riam
312 3655 349 3710 ut
363 3646 528 3711 habentem
543 3669 609 3710 esse
623 3646 811 3732 simpliciter,
831 3645 884 3710 sed
902 3656 938 3710 ut
960 3646 1053 3711 habet
1072 3668 1162 3711 omne
1177 3670 1241 3712 esse
1257 3647 1330 3712 sub·

222 3756 364 3820 stantiale
385 3766 416 3821 ct
440 3757 626 3822 accidentale
649 3758 841 3822 constituens
867 3781 936 3822 eam
960 3780 1070 3842 corpus
1094 3760 1273 3842 organicum
1298 3760 1332 3824 in

221 3869 358 3953 potentia
379 3869 474 3934 vitam
496 3869 631 3934 habens:
655 3870 779 3934 sienim
794 3893 858 3933 nou
880 3868 1045 3954 accipiatur
1063 3870 1121 3933 hoc
1142 3871 1244 3950 modo,
1267 3894 1332 3935 nou

221 3981 279 4045 erit
288 3980 501 4059 informabilis,
517 3990 552 4045 ut
568 3981 691 4045 evidens
709 3989 767 4044 est.
811 3979 851 4043 In
869 3979 924 4043 tali
944 4001 1017 4062 ergo
1040 4001 1165 4064 corpore
1183 3981 1333 4046 habemns

221 4093 290 4173 tria,
306 4102 342 4157 ut
357 4101 478 4157 constat
497 4115 534 4156 ex
549 4114 641 4177 supra
663 4091 820 4176 explicatis
845 4091 888 4173 (n.
905 4094 936 4169 5,
952 4092 998 4173 6),
1019 4089 1160 4156 videlicet
1181 4095 1214 4156 1ὀ
1229 4102 1330 4158 actum

221 4205 343 4270 essendi
356 4204 610 4283 substantialiter,
627 4226 689 4288 quo
700 4203 899 4267 constituitur
913 4201 946 4264 in
961 4209 1072 4266 natura
1086 4224 1198 4282 rerum,
1214 4208 1249 4269 2⁰
1263 4229 1333 4291 pas·

221 4316 373 4383 sivitatem
389 4317 576 4401 organicam,
593 4314 761 4392 secundum
777 4337 869 4398 quam
885 4313 985 4397 exigat
1001 4313 1066 4377 fieri
1082 4316 1230 4379 terminus
1246 4331 1331 4381 actus

1099 4446 1122 4487 u
1138 4430 1157 4488 2
