3200 4975
232 401 305 444 car.
324 380 378 463 11.]
530 401 572 442 nr
590 399 792 443 sussrsmrm
808 398 1006 443 summram.
1295 378 1333 441 71

226 568 344 649 corpori
358 568 527 649 oacipnotor
541 566 621 629 locro
634 565 790 629 divisibilia
804 586 862 648 per
875 570 1039 628 comaclum
1053 584 1111 627 aaa
1125 563 1335 647 mopnitadim'c

228 679 270 760 (p.
290 679 318 739 l.
335 699 365 761 q.
382 678 434 740 53.
451 700 477 740 a.
497 678 541 758 1).
585 676 627 740 m
650 674 753 759 paullo
777 675 904 739 inferius
933 673 973 739 ad
998 677 1047 737 1¹¹².
1083 675 1216 758 Ampelum
1232 680 1333 756 potest

224 810 366 873 occuparo
389 788 483 852 boam
507 787 680 851 divisibilem
700 808 758 870 per
780 788 1005 871 applicationem
1027 808 1086 849 cac
1104 785 1233 863 uirtutis,
1256 784 1333 847 aaa

223 921 328 981 corpur
336 920 394 982 per
415 898 640 982 applicationem
653 920 713 962 cac
729 896 950 982 mopno'tadlaia.
995 895 1124 974 Quinto,
1139 894 1212 980 quia
1228 892 1330 957 anima

223 1009 359 1073 humana
372 1008 465 1073 babet
486 1009 598 1073 realem
613 1008 873 1074 coordinationem
896 1008 937 1072 ad
950 1030 1060 1092 corpus
1075 1006 1158 1091 quod
1172 1004 1328 1084 informat,

221 1128 253 1184 et
267 1122 302 1184 fit
315 1143 369 1205 per
383 1143 471 1185 suam
483 1120 686 1185 substantiam
697 1142 831 1205 presens
845 1120 878 1184 in
894 1117 1023 1205 singulis
1034 1116 1168 1202 corporis
1179 1115 1327 1202 partibus,

222 1231 451 1295 communicans
465 1252 522 1294 auo
531 1231 622 1295 modo
635 1232 669 1295 in
685 1254 790 1295 aarum
802 1230 1047 1308 ubicationibus3
1070 1250 1127 1293 nec
1140 1236 1244 1292 tamen
1259 1227 1327 1291 ideo

221 1342 379 1407 inducitur
399 1342 526 1407 materia
543 1343 577 1406 in
600 1343 804 1407 substantiam
819 1344 938 1423 animae,
954 1342 1024 1407 licet
1047 1340 1172 1405 materia
1193 1340 1325 1424 corporis

220 1455 377 1519 informati
392 1455 431 1519 sit
446 1478 518 1520 vera
537 1456 664 1519 materia
678 1464 709 1519 ct
724 1478 787 1519 non
806 1454 956 1519 simulata.
1003 1451 1098 1517 Nulla
1112 1474 1186 1536 crgo
1200 1459 1324 1536 apparat

220 1565 424 1650 repugnantia
438 1567 471 1631 in
485 1567 554 1646 hoc,
564 1566 647 1651 quod
661 1567 772 1651 aliquis
783 1566 910 1650 spiritus
924 1586 988 1629 non
1003 1564 1161 1628 ordinatus
1175 1562 1215 1628 ad
1228 1562 1322 1625 infor·

220 1678 363 1742 mandam
378 1701 479 1743 veram
497 1678 656 1742 materiam
670 1678 767 1762 possit
780 1677 875 1742 libere
888 1676 1033 1742 virtutem
1049 1696 1134 1739 suam
1150 1674 1323 1739 coordinata

219 1790 259 1853 ad
278 1799 361 1854 extra
375 1812 431 1874 per
452 1790 654 1855 imitationem
669 1791 779 1855 virium
801 1789 1014 1868 materialium,
1030 1797 1061 1852 et
1078 1787 1137 1851 hcc
1160 1786 1250 1851 modo
1267 1809 1322 1871 per

218 1902 371 1986 propriam
387 1902 577 1966 voluntatem
599 1910 735 1966 assumat
749 1902 881 1966 exterius
904 1899 1135 1965 similitudinem
1157 1898 1320 1984 quamdam

217 2012 283 2075 eius
308 2012 546 2078 coordinationis
570 2036 662 2099 quam
686 2013 779 2078 babet
804 2013 983 2077 naturaliter
1005 2010 1116 2089 anima,
1133 2019 1168 2075 ut
1188 2010 1320 2094 corporis

216 2123 322 2187 forma
370 2124 471 2202 Sexto,
490 2124 562 2209 quia
584 2126 692 2189 saltem
714 2132 816 2209 potest
838 2123 963 2208 spiritus
985 2144 1040 2207 per
1062 2122 1207 2186 virtutem
1232 2143 1320 2184 suam

217 2235 362 2299 motivam
387 2235 538 2299 clementa
557 2236 734 2314 materialia,
749 2258 818 2321 quae
842 2236 966 2301 suntin
990 2234 1111 2313 aethere,
1126 2233 1159 2296 in
1181 2237 1250 2297 aere
1273 2234 1319 2296 vel

216 2346 299 2425 alibi,
313 2347 446 2431 quadam
468 2356 533 2411 arta
554 2348 739 2432 coniungere
754 2356 784 2411 et
807 2348 971 2424 continere,
987 2355 1018 2411 et
1038 2368 1092 2431 per
1113 2353 1226 2425 motus,
1242 2367 1319 2430 quos

215 2456 248 2520 in
270 2457 330 2521 illis
352 2457 502 2543 producit,
518 2459 727 2543 apparentiam
750 2458 898 2524 visibilem
921 2457 1081 2523 exhiberet
1104 2456 1220 2542 inquo
1245 2477 1318 2521 casu

212 2567 271 2631 erit
285 2589 341 2652 per
355 2569 587 2654 applicationem
604 2571 726 2634 virtutis
739 2570 773 2633 in
788 2569 931 2633 omnibus
955 2568 1178 2634 ubicationibus
1192 2566 1317 2632 illorum

213 2678 455 2746 elementorum:
487 2690 518 2745 et
542 2681 600 2746 hcc
623 2681 745 2766 proprie
770 2680 891 2744 videtur
914 2680 1097 2744 intellexisse
1128 2681 1159 2744 S.
1184 2678 1316 2742 'l'homaa

211 2789 306 2854 citato
336 2790 410 2857 loco.
464 2793 557 2858 Unde
585 2793 678 2857 etiam
707 2793 783 2857 dixit
813 2791 937 2875 angelos
967 2815 1003 2855 ex
1031 2796 1100 2856 abre
1130 2789 1316 2854 condensato

211 2924 366 2967 assumere
386 2904 446 2968 sibi
467 2927 602 2989 corpora,
617 2906 650 2968 in
670 2903 783 2989 quibus
804 2903 935 2967 visibiles
953 2904 1042 2966 fiunt.
1087 2903 1234 2967 Attamen
1256 2901 1314 2964 hoc

212 3033 276 3076 non
305 3013 426 3078 videtur
450 3016 662 3093 necessarium,
686 3023 718 3078 et
744 3014 907 3078 difficulter
934 3013 1089 3078 conciliari
1118 3020 1220 3097 potest
1242 3034 1313 3076 cum

211 3123 313 3188 subita
327 3125 533 3210 disparitione.

253 3237 303 3297 55.
329 3233 484 3310 Quaeritur
507 3236 721 3315 decimosexto,
737 3238 810 3318 qnod
832 3239 873 3301 eit
897 3239 941 3300 cia
958 3236 1147 3320 informatioo
1167 3237 1308 3316 corporis,

208 3353 239 3408 et
252 3355 351 3410 utrum
364 3349 487 3430 apiritas
494 3351 592 3432 poscit
606 3349 767 3432 infomncre
780 3369 894 3431 corpas.

254 3456 445 3540 Respondeo,
468 3482 504 3522 ex
527 3457 708 3544 supradictis
730 3459 818 3524 facile
842 3481 908 3524 esse
930 3459 1077 3544 explicare
1100 3458 1175 3544 quid
1201 3459 1241 3523 sit
1265 3460 1310 3524 via

208 3567 410 3634 informatius.
455 3569 560 3646 Quum
585 3571 668 3635 enim
697 3569 872 3651 viderimus,
899 3570 1043 3635 virtutem
1071 3571 1217 3635 motivam
1244 3592 1309 3635 cor-

208 3700 328 3763 porum,
344 3703 412 3765 qua
432 3690 480 3745 est
493 3681 561 3765 ipsa
580 3681 752 3745 substantia
766 3680 944 3766 spiritualis,
959 3703 1024 3746 esse
1038 3679 1077 3746 de
1098 3703 1131 3746 se
1145 3681 1308 3768 plusquam

207 3791 362 3871 motivam,
377 3801 408 3856 et
423 3793 581 3872 rationem,
591 3801 716 3878 propter
730 3815 822 3877 quam
837 3814 962 3878 corpora
976 3813 1039 3857 non
1053 3793 1205 3878 rccipiunt
1219 3793 1258 3857 ab
1272 3815 1308 3858 ea

205 3902 266 3966 nisi
280 3911 398 3967 motum
421 3903 557 3982 localem,
572 3925 638 3967 esse
659 3925 695 3967 eo
717 3903 800 3988 quod
815 3925 877 3967 non
900 3903 1014 3968 sintin
1036 3904 1173 3989 potentia
1187 3903 1247 3970 nisi
1269 3905 1308 3969 ad

204 4012 297 4076 talem
319 4022 450 4093 motum,
466 4014 613 4098 sequitur,
633 4014 726 4099 quod,
742 4015 769 4078 si
794 4014 967 4080 inveniatur
988 4014 1111 4100 aliquod
1132 4038 1242 4101 corpus
1264 4016 1308 4081 ita

204 4131 407 4208 praparatum
430 4125 581 4209 organice,
597 4133 633 4189 ut
648 4126 688 4190 sit
711 4125 894 4210 inpotentia
912 4126 1059 4191 advitam
1081 4127 1252 4192 habendam
1276 4138 1307 4194 et

202 4234 410 4313 exercendam,
422 4243 508 4299 actus
524 4235 734 4301 substantialis
749 4237 925 4320 spiritualis,
937 4239 990 4322 qui
1005 4239 1037 4301 in
1053 4237 1119 4302 aliis
1131 4239 1306 4323 corporibus

201 4368 264 4410 non
284 4355 386 4412 actuat
407 4348 468 4411 nisi
488 4357 606 4412 motum
630 4349 766 4428 localem,
783 4349 813 4412 in
834 4349 887 4413 tali
910 4371 1032 4434 corpore
1052 4349 1164 4434 poterit
1183 4359 1304 4414 aetuarc
