3200 4975
219 388 290 431 cnr.
309 366 380 451 111.]
608 386 650 429 na
667 384 925 430 sccrnaurrans.
1258 360 1321 423 361

221 562 298 646 pori.
342 559 586 644 Designantibus
612 582 686 644 ergo
698 561 729 644 s,
741 556 787 645 f',
800 556 841 643 β’
861 558 993 623 diversas
1017 556 1198 635 functiones,
1225 576 1326 639 aequa-

220 674 322 738 tiones
336 672 556 757 illaepoternnt
572 671 664 736 scribi
679 672 740 735 sicr
908 674 910 679 ’

222 809 280 874 d’a
630 808 671 871 dc

220 898 276 975 ff
292 860 397 944 ψῃ,
412 882 439 939 v,
454 882 486 940 ω,
501 880 540 936 m,
555 859 600 941 n),
630 895 671 973 Et-
683 858 979 942 =st(w‚v,a,m,a),
1005 853 1326 941 t=fl(w,u,a‚m,a).

223 1063 326 1127 Prima
354 1060 477 1126 exhibet
512 1060 612 1145 legem
646 1059 813 1139 actionum,
843 1059 915 1145 quia
943 1059 1085 1145 exprimit
1118 1057 1327 1123 intensitatem

225 1172 381 1237 actionum
411 1194 466 1256 pro
496 1172 633 1256 qualibet
663 1171 810 1237 distantia
838 1171 1058 1236 elementorum
1087 1171 1169 1234 inter
1197 1192 1229 1234 se
1255 1190 1327 1233 con-

224 1307 389 1349 nexorum:
420 1283 554 1349 secunda
579 1283 678 1367 legem
708 1284 896 1368 passionum,
918 1284 989 1369 quia
1015 1282 1156 1368 exprimit
1179 1281 1328 1345 actualem

224 1397 413 1463 velocitatem
438 1396 680 1481 uniuscuiusque
701 1395 844 1460 elementi
866 1418 923 1481 pro
943 1394 1079 1481 quolibet
1100 1394 1229 1458 instanti
1250 1404 1328 1457 tenr-

224 1509 324 1593 poris:
347 1508 437 1573 tertia
466 1518 608 1571 naturam
638 1507 795 1572 molecnlae
823 1508 856 1571 in
885 1507 984 1591 seipsa
1012 1506 1228 1585 consideratae3
1258 1528 1330 1569 nam

227 1642 323 1704 quum
345 1619 446 1683 funtio
458 1614 500 1703 Γ*
514 1619 670 1682 contineat
692 1618 811 1683 realiter
833 1618 1002 1683 virtualiter
1030 1618 1202 1683 functiones
1214 1617 1241 1699 f
1256 1627 1286 1681 ct
1299 1612 1332 1701 f

232 1733 311 1815 (quae
325 1753 380 1815 per
395 1729 681 1794 differentiationem
696 1730 849 1815 prodeunt
864 1753 901 1795 ex
914 1731 1006 1817 ipsa),
1022 1730 1176 1795 evidenter
1190 1728 1332 1814 exprimit

228 1840 385 1925 adaequate
406 1862 519 1904 nexum
552 1840 746 1926 dynamicum
777 1841 997 1906 elementorum
1020 1842 1053 1905 in
1075 1840 1232 1919 molecula,
1258 1840 1330 1904 dum

229 1952 402 2017 functiones
410 1953 438 2036 s
446 1962 477 2016 et
484 1949 519 2037 s'
532 1954 706 2037 exprimunt
721 1954 808 2018 illum
825 1953 1013 2038 inadaequate
1029 1963 1159 2017 tantum.

272 2066 314 2129 Et
336 2064 460 2149 quidem
483 2064 602 2129 functio
617 2066 644 2148 f
660 2065 782 2129 exbibet
805 2065 1004 2130 resultantem
1034 2066 1198 2142 actionum,
1221 2064 1334 2149 quibus

230 2187 333 2241 motus
354 2176 516 2241 cuiuslibet
538 2177 682 2241 elementi
703 2177 896 2267 modificatur
918 2186 971 2241 ant
993 2176 1158 2241 modificari
1178 2184 1279 2260 potest
1297 2175 1334 2240 ab

230 2290 373 2353 omnibus
387 2288 454 2353 aliis
471 2288 503 2351 in
525 2288 663 2373 quolibet
683 2289 830 2354 instanti:
853 2289 974 2353 exhibet
990 2289 1128 2354 videlicet
1149 2311 1213 2353 non
1234 2288 1333 2373 legem

231 2402 386 2465 actionum
401 2399 574 2484 generalem
585 2400 619 2463 in
630 2400 747 2464 ratione
758 2402 877 2464 inversa
892 2401 1108 2487 quadraturam
1124 2401 1336 2465 distantiarum

234 2514 324 2596 (banc
338 2514 421 2577 enim
436 2513 567 2577 includit
581 2514 856 2598 praesuppositive),
867 2515 920 2578 sed
935 2513 1034 2599 legem
1049 2513 1273 2600 particularem,
1283 2536 1337 2576 seu

231 2628 346 2690 nudum
367 2626 520 2709 specialem
542 2627 647 2707 asperula¹
667 2625 701 2687 in
723 2625 774 2689 illa
794 2625 953 2705 molecula,
969 2627 1022 2712 qui
1037 2626 1199 2711 respondet
1215 2624 1337 2710 speciali

233 2737 479 2801 determinationi
506 2719 644 2800 valorum
670 2759 707 2814 w,
733 2760 762 2815 o,
784 2761 817 2816 a,
840 2761 879 2817 m,
905 2762 926 2802 a
948 2739 981 2803 in
1012 2739 1064 2803 illa
1094 2739 1161 2823 ipsa
1190 2736 1338 2802 molecula

233 2846 437 2910 existentium.
491 2846 645 2930 Exprimit
673 2867 746 2930 ergo
779 2847 942 2933 functios
959 2851 1175 2935 proprietatem
1210 2849 1337 2914 activam

236 2957 319 3021 illius
333 2955 498 3037 moleculae,
514 2956 562 3021 vel
577 2957 643 3021 eius
656 2965 800 3022 naturam
816 2969 851 3024 ut
866 2961 1004 3025 activam.

278 3068 408 3133 Functio
415 3068 449 3152 f
457 3067 579 3133 exhibet
589 3069 778 3134 velocitatem
794 3071 929 3136 cuiusvis
943 3072 1086 3137 elementi
1098 3074 1136 3138 ad
1147 3073 1337 3140 involucrum

236 3180 392 3244 moleculae
416 3181 615 3265 pertinentis:
646 3192 677 3244 et
699 3181 772 3266 quia
791 3181 935 3248 velocitas
960 3184 1087 3248 actualis
1117 3194 1164 3248 est
1186 3186 1337 3251 resultans

236 3292 411 3377 passionum
427 3300 615 3376 receptarum
630 3292 664 3355 in
679 3293 817 3372 materia,
831 3293 950 3359 functio
965 3296 997 3379 f
1012 3295 1134 3360 exhibet
1155 3297 1254 3382 legem
1268 3321 1339 3383 pas-

237 3406 368 3482 sionum,
392 3426 446 3468 seu
467 3405 582 3468 modum
602 3406 755 3488 specialem
770 3407 907 3490 patiertdi
928 3409 1157 3472 convenientem
1179 3409 1224 3473 illi
1246 3409 1340 3475 mole·
1418 3465 1420 3470 .

236 3517 311 3581 culae
322 3526 353 3580 et
368 3515 603 3601 respondentem
619 3517 741 3602 speciali
756 3517 1001 3582 determinationi
1016 3521 1192 3586 eorumdem
1203 3522 1338 3588 valorum

234 3653 270 3707 w,
286 3652 314 3706 a,
329 3652 361 3707 a,
376 3651 415 3707 m,
436 3651 467 3692 a.
511 3627 663 3713 Exprimit
681 3650 755 3713 ergo
775 3629 937 3713 farnetiofl
951 3631 1168 3715 proprietatem
1190 3634 1339 3719 passivam

237 3739 320 3804 illius
334 3739 501 3819 moleculae,
516 3762 571 3804 sen
585 3740 652 3805 eius
666 3748 809 3805 naturam
825 3751 860 3806 ut
874 3742 1034 3827 passivam.

282 3851 413 3915 Functio
427 3873 498 3916 vero
505 3847 547 3937 sl
562 3851 615 3916 dat
630 3874 685 3936 pro
700 3852 837 3936 quolibet
851 3854 979 3917 instanti
994 3855 1140 3939 temporis
1159 3856 1341 3940 positionem

238 3963 394 4028 relativam
417 3963 639 4028 elementorum
661 3964 695 4027 in
718 3965 826 4047 spatio,
850 3965 876 4028 si
899 3965 1066 4031 resolvatur
1087 3968 1188 4052 quoad
1206 3992 1238 4048 a,
1254 3979 1285 4033 et
1300 3970 1342 4035 sic

239 4075 361 4139 exhibet
383 4073 612 4138 resultationem
632 4074 760 4139 actionis
774 4084 806 4139 et
820 4076 970 4160 passionis
990 4077 1210 4145 elementorum
1229 4080 1342 4166 quibus

239 4195 358 4250 constat
372 4185 426 4250 illa
439 4185 598 4264 molecula,
613 4195 644 4250 et
658 4187 842 4252 determinat
858 4189 987 4273 figuram
1002 4190 1173 4255 eiusdem*.

287 4375 305 4414 t
323 4372 354 4428 si
370 4373 503 4430 molecula
521 4373 558 4429 sit
575 4373 707 4445 nucleata,
726 4380 758 4430 ut
775 4376 954 4432 communiter
978 4377 1182 4450 supponendum
1206 4386 1255 4448 est,
1280 4380 1343 4434 fun·
