3200 4975
236 348 305 391 car.
324 330 395 413 nn]
547 350 589 392 na
607 351 813 393 suasanurrs
830 350 1031 394 srrarrusnr.
1296 329 1339 391 97

278 516 469 601 Respondeo,
489 517 572 601 quod
592 516 834 602 unumquodque
849 517 928 581 sicut
943 515 1035 580 habet
1050 537 1125 593 esse,
1141 515 1185 579 ita
1199 514 1291 578 habet
1305 524 1337 581 et

233 628 360 712 operari.
405 628 482 693 llsse
505 638 608 692 etitem
634 629 800 692 voluntatis
826 628 965 693 consistit
990 628 1023 691 in
1049 628 1117 705 hoc,
1143 625 1227 711 quod
1250 636 1336 699 actus

233 737 453 819 substantialis,
469 762 530 824 quo
546 740 723 823 intelligens
745 740 901 824 cognoscit
925 762 1014 803 suum
1036 762 1111 817 esse,
1132 739 1233 823 primo
1252 760 1336 801 coru·

232 849 334 934 pietus
348 850 513 915 iuratione
530 860 617 915 actus
638 851 836 935 cognoscitivi
857 874 912 936 per
934 850 1178 915 terminationem
1201 850 1241 913 ad
1263 848 1335 914 sub·

231 962 345 1026 iactum
366 961 479 1047 ipsum,
502 970 538 1026 ut
559 962 618 1025 sibi
640 962 810 1045 cognitum,
840 970 972 1047 ponatur
1002 961 1110 1025 ultimo
1135 961 1281 1045 compleri
1302 960 1335 1024 in

232 1094 298 1136 esse
321 1073 451 1137 affectivi
474 1095 529 1158 per
551 1074 798 1137 terminationem
823 1073 862 1138 ad
888 1073 1059 1138 subiectum
1089 1074 1191 1157 ipsum
1215 1081 1251 1135 ut
1277 1071 1335 1136 sibi

231 1183 400 1249 necessario
414 1184 596 1249 conveniens
611 1194 642 1249 et
664 1184 722 1249 sibi
738 1185 874 1263 bonum;
897 1208 951 1271 per
965 1185 1049 1249 bunc
1062 1186 1145 1248 enim
1168 1192 1271 1247 actum
1290 1184 1333 1247 sic

231 1296 342 1360 ultimo
368 1296 554 1381 completum
577 1306 609 1361 et
632 1298 830 1361 terminatum
854 1296 1053 1362 constituitur
1075 1295 1247 1360 substantia
1270 1296 1332 1378 spi-

230 1407 350 1471 ritualia
373 1408 406 1472 in
428 1409 567 1492 potentia
585 1408 659 1472 reali
681 1418 798 1473 remota
821 1409 894 1473 hinc
914 1407 953 1473 ad
976 1406 1178 1493 recipiendam
1204 1406 1242 1471 ab
1265 1406 1334 1472 aliis

231 1516 323 1581 rebus
352 1518 582 1603 impressionem
611 1519 828 1583 accidentalem
858 1520 891 1583 in
915 1520 1036 1596 affectu,
1066 1518 1138 1582 hinc
1164 1518 1203 1582 ad
1229 1518 1334 1582 termi-

231 1629 368 1692 nandum
392 1629 571 1693 naturaliter
592 1639 695 1693 actum
717 1652 809 1694 suurn
829 1630 1056 1715 complacentia
1071 1629 1117 1694 vel
1134 1629 1334 1712 displicentiae

232 1738 271 1802 ad
284 1740 448 1818 obiectum,
464 1740 634 1805 secundum
648 1741 878 1827 impressionem
892 1742 922 1805 in
932 1742 1043 1807 affectu
1057 1752 1219 1827 receptam.
1258 1742 1333 1805 Haec

233 1860 335 1916 autem
361 1854 499 1937 potentia
527 1853 563 1917 fit
589 1852 723 1938 proxime
748 1861 854 1938 parata
876 1853 916 1917 ad
941 1853 1105 1937 agendum,
1129 1853 1253 1939 quando
1279 1853 1333 1916 ob·

233 1964 356 2041 iectum,
372 1964 451 2029 circa
465 1963 548 2050 quod
562 1964 691 2029 exerceri
705 1964 807 2042 debet,
822 1966 857 2029 fit
869 1964 972 2029 debito
987 1965 1078 2029 modo
1092 1967 1251 2049 cognitum
1266 1974 1334 2029 tum

232 2076 350 2140 ratione
365 2076 423 2156 sui,
439 2085 507 2141 tum
521 2077 554 2140 in
574 2077 799 2161 comparatione
821 2076 860 2141 ad
882 2076 1064 2141 subiectum.
1110 2075 1213 2153 Quare
1234 2086 1335 2141 trans·

232 2186 334 2251 eundo
360 2210 378 2251 a
401 2187 545 2252 facultate
569 2187 611 2251 sic
636 2188 805 2252 constituta
827 2186 865 2251 ad
891 2188 957 2251 eius
986 2196 1087 2253 actum
1118 2185 1334 2251 accidentalem

231 2298 458 2383 complacentiae
480 2310 664 2384 spontanee,
687 2299 851 2365 dicendum
871 2308 918 2363 cst
933 2300 1015 2384 quod
1029 2299 1079 2363 hic
1094 2308 1180 2363 actua
1194 2298 1335 2363 consistit

232 2410 263 2473 in
275 2432 312 2474 eo
327 2409 408 2497 quod
423 2411 558 2496 cognitio
573 2410 768 2475 accidentalis
782 2432 843 2496 qua
857 2410 1032 2495 intelligens
1046 2410 1205 2496 cognoscit
1219 2409 1335 2496 aliquid

232 2544 297 2587 ase
312 2522 493 2586 distinctum
508 2524 617 2587 excitet
632 2532 751 2587 motum
772 2523 805 2586 in
827 2523 938 2587 affectu
961 2523 1172 2607 cognoscentis
1194 2525 1335 2588 conveni-

230 2644 333 2698 entem
356 2634 501 2713 subiecto‚
524 2634 802 2699 disconvenientem
818 2634 929 2699 verosi
947 2644 1057 2719 agatur
1076 2634 1114 2698 de
1134 2633 1334 2718 displicentia,

232 2768 324 2831 quem
346 2755 466 2810 motum
488 2747 666 2810 naturaliter
688 2745 836 2831 approbat
851 2746 898 2810 vel
917 2747 1059 2830 reprobat
1074 2746 1224 2822 voluntas,
1246 2756 1336 2829 prout

231 2858 367 2923 subiecto
382 2859 524 2942 congruit
539 2859 585 2922 rel
600 2867 759 2943 repugnat.
807 2858 890 2942 Ergo
904 2865 991 2921 actus
1005 2855 1230 2940 complacentioe
1245 2863 1335 2920 natu-

230 2969 303 3034 ralis
311 2992 374 3033 non
390 2979 437 3033 est
452 2970 512 3032 nisi
527 2980 613 3034 actus
627 2969 831 3054 cognoscendi
842 2969 951 3033 ultimo
961 2968 1130 3053 completus
1139 2968 1219 3031 sicut
1229 2967 1335 3032 volun·

230 3088 278 3144 tas
286 3103 350 3145 non
358 3090 405 3145 cst
415 3082 474 3144 nisi
484 3091 570 3145 nctus
579 3081 787 3145 substantialis
796 3080 1000 3146 intellectivus
1009 3080 1119 3144 ultimo
1131 3079 1162 3149 in
1172 3101 1204 3144 se
1213 3079 1334 3146 sistens.

275 3191 366 3269 Quod
387 3202 423 3256 ut
443 3192 553 3256 clarius
579 3192 777 3275 intelligatur,
804 3201 874 3256 utar
902 3192 1050 3276 exemplo.
1097 3193 1188 3256 Parta
1211 3190 1335 3262 victoria

230 3315 336 3370 contra
358 3305 545 3383 Luciferum,
565 3304 646 3369 dicat
662 3305 693 3367 S.
716 3303 852 3369 Micbabl
876 3326 974 3367 coram
1001 3303 1132 3367 exercitu
1155 3301 1334 3386 angelorum

230 3417 297 3481 haec
320 3417 428 3482 rerba:
455 3419 529 3490 Quia
549 3425 584 3480 ut
605 3415 711 3479 Deru?
742 3415 963 3500 Unusquisque
985 3437 1022 3479 ex
1044 3414 1161 3498 angelis
1186 3413 1274 3480 bonis
1302 3417 1335 3477 1θ

230 3529 375 3592 terminat
397 3527 623 3592 accidentaliter
644 3537 746 3591 actum
767 3527 960 3610 intelligendi
980 3527 1018 3590 ad
1034 3549 1157 3592 sensum
1173 3527 1332 3591 verborum

230 3663 284 3724 per
305 3663 374 3725 quae
395 3639 583 3724 imprimitur
605 3639 736 3723 species:
759 3642 795 3702 2⁰
810 3638 912 3720 angeli
927 3638 1010 3714 boni,
1027 3647 1134 3722 utpote
1154 3638 1207 3722 qui
1229 3639 1331 3704 Deum

229 3760 384 3815 auctorem
400 3750 500 3814 omnis
515 3750 588 3814 boni
603 3772 722 3813 summe
739 3748 901 3833 glorificari
921 3749 1066 3832 gandent,
1087 3749 1201 3813 habent
1217 3759 1331 3814 statum

228 3862 402 3926 affectivum
424 3875 644 3943 congruentem
666 3883 736 3927 cum
748 3883 839 3924 sensu
849 3859 1008 3924 verborum
1024 3858 1081 3924 sibi
1096 3861 1331 3944 propositorum,

229 3974 342 4058 quibus
365 3973 456 4040 datur
477 3973 545 4037 Deo
566 3973 664 4036 honor
686 3972 726 4035 ob
740 3972 896 4036 victoriam
925 3980 1127 4056 reportatam:
1150 3981 1181 4035 et
1204 3974 1247 4035 sic
1269 3995 1331 4044 non

228 4084 328 4149 solum
347 4093 537 4167 cognoscunt
553 4084 643 4148 verba
656 4083 709 4148 illa
728 4105 793 4147 esse
814 4107 892 4160 vera,
919 4084 973 4146 sed
999 4083 1056 4146 sibi
1076 4084 1252 4152 conformia.
1297 4087 1334 4148 3οι

229 4196 393 4260 Passivitas
407 4197 544 4274 affectus,
560 4219 628 4280 quae
643 4196 736 4259 estin
756 4198 895 4280 potentia
917 4197 954 4259 ad
978 4195 1180 4280 recipiendam
1204 4197 1330 4282 impres·

228 4309 343 4374 sionem
364 4309 402 4372 ab
422 4308 540 4373 obiecto
564 4318 710 4392 presente
734 4318 764 4375 et
790 4308 922 4374 habente
946 4307 1077 4372 debitam
1103 4309 1329 4392 proportionem

275 4439 349 4483 ron.
367 4439 407 4483 ιι.
1135 4438 1157 4481 ιι
