3200 4975
298 337 361 400 192
758 356 800 402 oe
819 357 965 402 nostran.
1266 337 1351 424 [cnr.
1370 359 1407 401 ιι.

295 522 378 608 quod
393 522 425 587 in
444 522 565 587 Divinis
587 533 706 588 tautum
731 526 867 610 personis
890 527 991 591 locum
1015 525 1107 590 habet
1116 552 1126 605 3
1150 527 1221 612 quia
1238 537 1312 590 tuno
1328 526 1405 589 ratio

294 636 424 700 altimia
439 637 663 721 complemento
677 639 790 703 auferri
806 650 918 724 potest,
936 648 1078 704 manente
1094 663 1234 725 persona.

338 751 389 813 55.
415 747 571 825 Quaeritur
585 751 704 834 quinto,
719 760 818 815 utram
833 754 864 815 in
879 754 993 816 lamiae
1013 755 1052 816 sit
1073 775 1132 816 aaa
1155 761 1270 817 tantum
1293 755 1404 832 anima,

293 868 323 924 et
338 861 397 924 ltoec
411 862 600 926 intellectiva.

338 971 520 1056 Respondeo
543 974 729 1039 affirmative.
774 975 857 1039 Nam
880 998 961 1039 nnus
983 975 1075 1039 homo
1096 984 1142 1040 est
1160 997 1256 1039 unum
1273 975 1404 1052 animal,

293 1105 367 1167 ergo
384 1083 504 1148 unicam
520 1084 611 1149 habet
625 1085 770 1150 animam.
815 1087 856 1150 Et
866 1109 938 1151 sane
954 1087 1066 1150 animal
1078 1110 1137 1151 aaa
1151 1095 1225 1151 esset
1233 1088 1405 1171 simpliciter

293 1216 393 1270 unane,
416 1193 517 1279 inquit
542 1196 573 1259 S.
597 1195 731 1260 Thomas
754 1198 797 1282 (p.
816 1201 843 1260 1.
861 1220 891 1281 q.
910 1198 962 1262 76.
979 1221 1006 1262 a.
1022 1199 1069 1281 3),
1085 1201 1168 1261 ouius
1187 1207 1281 1262 essent
1303 1200 1405 1261 anima

286 1305 409 1387 plures,·
432 1307 510 1370 nittt
524 1310 600 1370 enim
618 1317 662 1372 eat
683 1310 856 1391 simpliciter
877 1333 976 1388 naum,
1000 1311 1058 1372 nist
1074 1332 1135 1392 per
1152 1311 1284 1394 formam
1306 1333 1402 1388 naam,

285 1441 343 1501 per
358 1441 447 1502 quom
461 1442 508 1484 rea
522 1421 608 1484 ludet
622 1443 702 1484 esse:
726 1423 762 1485 ab
777 1422 874 1485 eodem
893 1424 970 1485 enim
988 1424 1074 1486 labet
1088 1445 1135 1485 rea
1151 1423 1230 1506 quod
1241 1424 1281 1485 sit
1296 1444 1356 1500 aas,
1372 1430 1401 1484 et

292 1531 372 1614 qaod
390 1533 432 1595 sit
452 1555 522 1596 aaa.
566 1530 656 1607 Quod
680 1533 707 1596 si
729 1532 822 1596 homo
844 1531 970 1597 haberet
993 1534 1096 1618 plures
1118 1533 1246 1612 animas,
1271 1534 1401 1618 siugulae

292 1641 402 1707 animae
418 1655 519 1708 essent
540 1643 654 1727 singuli
676 1652 763 1708 aetus
785 1645 1008 1710 constituentes
1030 1647 1159 1711 totidem
1175 1657 1300 1710 naturas
1315 1646 1401 1710 inde-

291 1755 468 1839 pendentes,
484 1778 552 1840 quae
566 1778 630 1819 non
645 1765 769 1840 possent
789 1756 895 1820 reduci
909 1756 948 1820 ad
965 1757 1125 1838 unitatem,
1142 1758 1213 1842 quia
1228 1756 1305 1821 nihil
1322 1767 1400 1821 esset

291 1866 324 1929 in
339 1867 473 1945 homine,
489 1889 550 1951 quo
571 1866 729 1950 pluralitas
751 1867 861 1931 harum
882 1867 1050 1932 formarum
1073 1868 1267 1952 colligaretur
1282 1878 1313 1932 et
1328 1891 1399 1932 eon·

291 1977 440 2041 tineretur
454 1978 487 2041 in
502 2001 610 2042 unum.
656 1978 722 2042 Nee
737 1979 816 2043 valet
832 1979 940 2059 dicere,
956 1980 1039 2065 quod
1055 1980 1213 2065 pluralitas
1233 1981 1398 2045 formarum

291 2088 485 2172 colligabitur
510 2090 543 2152 iu
568 2113 665 2153 unum
692 2113 746 2174 per
770 2090 829 2154 hoe
853 2090 937 2175 quod
962 2091 1091 2174 siugulae
1118 2091 1157 2156 ad
1183 2091 1265 2156 idem
1289 2113 1398 2176 corpus

290 2203 505 2266 terminentur.
550 2201 632 2265 Nam
653 2202 766 2281 unitas,
783 2225 852 2287 quae
867 2203 1068 2266 desumitura
1083 2203 1224 2283 termino,
1241 2214 1287 2266 est
1304 2213 1398 2267 mate·

290 2313 381 2391 rialis,
404 2335 467 2376 non
488 2312 645 2390 formalis3
669 2313 771 2377 unitas
800 2323 903 2378 autem
934 2315 1099 2379 materialis
1129 2338 1191 2379 non
1223 2315 1334 2380 suffieit
1360 2315 1398 2380 ad

289 2423 463 2489 faciendum
486 2446 584 2489 unum
604 2446 658 2509 per
671 2447 723 2504 se3
747 2425 820 2510 quia
841 2424 1001 2507 terminus,
1025 2426 1164 2511 quamvis
1186 2435 1266 2490 esset
1288 2426 1397 2491 unicus

290 2536 408 2600 ratione
421 2536 569 2615 entitatis,
584 2544 663 2599 esset
678 2543 782 2600 tamen
804 2536 964 2621 multiplex
979 2537 1011 2601 in
1026 2538 1144 2602 ratione
1160 2536 1301 2616 termini;
1324 2560 1397 2601 nam

289 2631 433 2713 distinete
448 2648 625 2712 terminaret
640 2657 743 2711 aetum
757 2671 785 2713 v.
802 2671 849 2732 gr.
865 2650 1081 2733 vegetativum,
1100 2648 1290 2728 sensitivam,
1306 2650 1397 2714 intel-

289 2760 445 2841 lectivum,
467 2762 495 2824 si
516 2759 771 2845 ponerenturhae
792 2769 855 2823 tres
881 2761 1000 2825 animae.
1044 2760 1144 2841 Adde,
1174 2760 1258 2845 quod
1288 2783 1397 2845 corpus

287 2873 421 2936 hominis
441 2895 506 2937 non
528 2882 574 2936 est
597 2872 635 2936 de
657 2871 787 2957 sequid
809 2894 917 2951 unum,
941 2872 995 2937 sed
1016 2873 1093 2957 quid
1115 2872 1291 2957 multiplex,
1316 2874 1397 2937 unde

287 2985 374 3049 nullo
389 2985 481 3049 modo
501 2993 602 3069 potest
625 2984 697 3048 dare
719 2983 870 3048 unitatem
894 2984 1023 3063 homini,
1047 2985 1101 3049 sed
1123 2983 1225 3068 potius
1249 2982 1338 3048 debet
1359 2984 1396 3048 ab

286 3097 377 3161 unica
391 3098 489 3161 forma
503 3098 636 3182 accipere
656 3096 818 3160 unitatem.
862 3098 934 3159 Noa
948 3105 1048 3180 potest
1068 3098 1135 3175 dici,
1151 3096 1194 3161 ait
1210 3098 1243 3161 S.
1259 3096 1394 3161 Thomas

285 3208 344 3272 loo.
359 3209 422 3289 cit,
438 3210 516 3292 qaod
533 3211 675 3272 uniantur
688 3208 792 3292 plures
812 3209 915 3270 aniane
925 3230 983 3291 per
998 3210 1128 3291 corporis
1142 3210 1304 3282 unitatem
1327 3211 1397 3291 qaia

285 3323 379 3405 mapale
394 3324 493 3384 animo
507 3322 634 3385 continet
649 3343 753 3404 corpas
767 3320 884 3403 etfacit
899 3321 994 3403 msam
1008 3343 1107 3400 unum,
1123 3343 1211 3403 quom
1221 3344 1238 3383 e
1248 3344 1395 3385 maoerso.

328 3432 482 3511 Secundo,
505 3432 531 3495 si
553 3432 657 3516 plures
681 3441 783 3495 essent
810 3432 919 3495 animae
942 3431 974 3494 in
996 3432 1130 3509 homine,
1153 3431 1239 3495 nulla
1268 3434 1397 3517 eogitari

286 3556 388 3630 posset
418 3546 494 3609 ratio
524 3555 648 3630 propter
677 3568 770 3630 quam
806 3545 898 3609 unius
933 3544 1012 3609 aetio
1047 3546 1208 3630 impediret
1244 3546 1395 3611 sotionem

285 3657 430 3736 alterius3
454 3657 581 3721 sienim
604 3667 690 3722 aetus
714 3656 923 3722 substantialis
946 3658 1039 3721 unius
1060 3668 1162 3742 potest
1183 3658 1339 3723 terminari
1356 3659 1396 3724 ad

285 3792 407 3854 eorpus,
423 3769 498 3855 quin
512 3770 660 3855 impediat
675 3780 778 3835 aetum
795 3769 1028 3835 substantialem
1045 3769 1169 3836 alterius
1184 3772 1341 3835 terminari
1356 3772 1396 3837 ad

285 3881 367 3945 idem
382 3903 503 3966 corpus,
518 3882 616 3946 multo
632 3882 852 3966 minuspotest
870 3882 949 3946 actio
970 3881 1164 3945 accidentalis
1185 3882 1279 3945 unius
1298 3882 1395 3967 impe-

285 3992 350 4057 dire
372 3994 523 4058 actionem
546 3993 763 4057 accidentalem
792 3992 936 4071 alterius,
967 3993 1039 4077 quia
1066 3993 1307 4079 unumquodque
1330 3996 1394 4079 agit

285 4115 376 4191 prout
390 4115 437 4169 est
451 4106 484 4168 in
499 4113 587 4169 actu:
611 4113 714 4169 essent
736 4112 838 4168 autem
854 4102 888 4166 in
904 4112 975 4167 actu
993 4126 1058 4166 non
1074 4125 1105 4166 se
1120 4103 1325 4188 impediendo,
1341 4104 1395 4169 sed

284 4240 356 4283 eum
386 4240 506 4282 summa
534 4217 715 4294 eoncordia,
734 4239 810 4300 ergo
840 4237 904 4279 non
936 4236 967 4279 se
997 4214 1180 4300 impedirent
1204 4216 1237 4279 in
1263 4216 1392 4299 agendo.

282 4328 381 4413 Atqui
396 4340 499 4392 tamen
519 4327 701 4411 experimur,
717 4325 908 4411 operationes
923 4324 993 4390 vita
1012 4324 1228 4391 intellectualis
1250 4325 1394 4411 impediri
