3200 4975
242 357 311 401 car.
329 338 384 420 ru]
690 359 733 400 nu
751 359 897 403 nonnus.
1281 342 1342 406 211

240 527 392 604 quantum
414 521 535 604 cogitur
554 521 691 584 amittere
714 521 945 604 possessionem,
967 521 1139 605 imperium,
1164 520 1344 600 dominium,

239 630 347 714 organi
373 631 432 695 sibi
456 631 635 696 naturaliter
660 630 879 696 convenientis.
939 631 986 696 Ex
1012 655 1074 718 quo
1101 641 1237 718 apparet,
1263 633 1346 718 quod

240 741 327 806 dolor
336 741 389 806 hic
404 742 564 821 sensibilis,
577 765 631 806 seu
646 743 777 807 sensatio
789 742 914 823 doloris,
930 750 1073 809 causatur
1084 768 1101 809 a
1112 756 1200 810 motu
1212 745 1344 810 violento

239 853 357 945 organi,
382 876 445 917 non
469 877 524 939 per
546 854 604 918 hoc
630 854 713 939 quod
737 855 864 919 materia
892 856 1000 940 organi
1029 865 1101 940 agat
1126 856 1160 919 iu
1191 857 1343 941 spiritum,

239 963 293 1028 sed
306 988 362 1050 per
380 966 439 1029 hoc
454 965 536 1050 quod
551 965 704 1050 corruptio
723 966 890 1050 organismi
910 966 998 1030 tollat
1013 965 1219 1030 conditionem
1239 989 1344 1032 neces-

239 1077 349 1140 sariam
371 1076 519 1142 naturalis
543 1076 785 1156 informationis,
808 1076 891 1141 unde
919 1078 952 1140 lit
977 1085 1013 1140 ut
1039 1079 1140 1142 anima
1166 1077 1205 1142 ad
1229 1084 1343 1143 statum

238 1189 441 1254 innaturalem
464 1211 497 1252 se
516 1188 644 1253 transire
666 1186 847 1272 experiatur.
894 1188 926 1251 Si
951 1187 1085 1252 secundo
1107 1210 1171 1252 nou
1192 1209 1343 1272 ponamus

239 1299 354 1384 ignem,
370 1301 423 1365 sed
438 1323 549 1385 aquam
563 1299 719 1385 frigidam,
734 1300 814 1364 actio
828 1321 915 1385 aquae
929 1322 993 1363 non
1009 1300 1116 1364 tendet
1130 1299 1169 1363 ad
1184 1299 1344 1364 destruen-

239 1411 314 1476 dum
336 1413 555 1496 organismum,
570 1434 627 1475 nec
641 1410 784 1475 excitabit
798 1411 884 1475 illam
907 1411 1110 1476 sensationem
1125 1411 1236 1476 doloris
1251 1413 1342 1492 acuti,

239 1545 332 1607 quam
354 1522 463 1588 excitat
487 1523 579 1606 ignis,
594 1522 648 1586 scd
672 1520 848 1584 immutabit
870 1527 974 1584 tamen
999 1521 1100 1606 aliquo
1123 1521 1215 1584 modo
1239 1523 1342 1606 ipsum

238 1634 457 1718 organismum,
481 1642 517 1698 ut
541 1640 635 1718 patet.
681 1631 799 1717 Nequit
824 1640 926 1696 autem
956 1631 1112 1696 immutari
1138 1633 1342 1716 organismus,

238 1746 314 1830 quin
338 1746 448 1825 anima,
471 1745 540 1831 qua'e
565 1746 598 1810 in
623 1744 753 1828 singulis
775 1743 943 1828 organismi
965 1743 1103 1828 partibus
1126 1751 1227 1808 actuat
1248 1745 1342 1809 vitam

238 1877 295 1940 pro
311 1856 433 1920 illarum
455 1855 662 1940 dispositione,
682 1864 845 1938 cognoscat
864 1853 1110 1918 immutationem
1133 1853 1342 1939 dispositionis

238 1967 359 2031 illarum
382 1967 536 2052 partium,
558 1966 710 2052 siquidem
724 1988 761 2029 ex
776 1965 975 2050 dispositione
996 1965 1120 2029 illarum
1134 1965 1249 2050 pendet
1264 1968 1340 2031 acci-

239 2077 360 2143 dentale
374 2079 549 2144 exercitium
563 2079 633 2142 vitae
648 2077 680 2141 in
698 2076 753 2142 tali
766 2098 891 2160 organo.
938 2075 1018 2152 Quia
1032 2099 1105 2161 ergo
1120 2083 1206 2141 aetus
1222 2079 1341 2142 vivendi

238 2191 462 2256 accidentaliter
477 2197 615 2254 mutatur
629 2191 662 2254 in
684 2189 739 2253 tali
753 2211 879 2274 organo,
895 2189 996 2253 anima
1019 2189 1076 2253 seit
1091 2190 1159 2274 ipso
1174 2191 1264 2270 lacto,
1281 2192 1341 2255 talc

237 2324 387 2387 organum
402 2303 496 2367 fuisse
510 2303 719 2380 immutatum,
734 2310 765 2366 et
780 2301 874 2366 fuisse
889 2323 1011 2366 causam
1026 2302 1206 2366 mutationis
1222 2301 1260 2366 ab
1275 2302 1341 2387 ipsa

237 2413 339 2478 anima
353 2412 538 2478 distinctam.
585 2412 691 2490 Quare·
710 2413 842 2476 sensatio
868 2413 966 2476 oritur
989 2413 1021 2476 in
1046 2413 1156 2493 anima,
1183 2436 1246 2477 non
1270 2415 1341 2499 quia

238 2544 348 2609 corpus
362 2525 532 2588 animatum
547 2532 667 2588 moreat
681 2523 793 2587 animae
806 2523 1011 2587 substantiam
1025 2524 1154 2608 positive
1168 2546 1223 2609 per
1238 2534 1341 2589 actum

238 2658 329 2699 sunm
350 2635 548 2714 materialem,
565 2634 619 2699 sed
640 2639 713 2719 quia
727 2655 837 2718 corpus
859 2634 1030 2697 animatum
1052 2633 1140 2699 offert
1164 2635 1341 2719 simpliciter

237 2748 326 2811 aliam
352 2747 592 2832 dispositionem,
618 2769 673 2811 seu
696 2754 857 2810 mutantur
879 2745 1068 2810 conditiones
1090 2746 1124 2809 in
1145 2746 1279 2811 termino
1300 2747 1340 2811 ad

236 2882 328 2945 quem
353 2860 557 2924 terminantur
579 2867 665 2923 actus
690 2858 798 2923 vitales
828 2858 984 2923 sensitivi:
1010 2866 1130 2921 mutato
1154 2860 1236 2922 enim
1262 2861 1340 2924 acci-

237 2970 399 3035 dentaliter
416 2972 548 3035 termino
566 2970 731 3056 recipiente
751 2969 856 3049 vitam,
872 2979 958 3033 actus
973 2970 1044 3033 vitae
1065 2968 1215 3033 sensitivae
1236 2992 1339 3035 neces-

236 3084 314 3148 sario
329 3082 555 3148 accidentaliter
569 3090 716 3159 mutatur,
733 3103 828 3165 quum
845 3080 905 3145 alio
919 3080 1010 3144 modo
1027 3080 1225 3165 compleatur.
1343 3104 1346 3109 ·

280 3192 373 3270 Quod
388 3193 559 3257 dictumest
575 3192 612 3257 de
627 3193 746 3256 actione
760 3192 842 3276 ignis
857 3200 888 3257 et
903 3214 999 3276 aquae,
1009 3190 1167 3256 commode
1182 3191 1339 3256 transferri

235 3313 337 3389 potest
359 3305 398 3369 ad
412 3306 546 3369 actiones
568 3304 696 3368 aliorum
711 3304 879 3387 agentium,
896 3313 931 3367 ut
953 3302 1039 3383 10010,
1059 3304 1146 3383 aeris,
1163 3303 1232 3383 cibi,
1247 3313 1338 3389 potus

235 3425 293 3481 etc.
337 3416 379 3479 Et
393 3416 472 3481 valet
487 3438 551 3479 nou
566 3416 665 3481 solum
681 3415 720 3479 ad
741 3414 951 3499 explicandam
967 3414 1170 3478 sensationem
1185 3424 1276 3500 prout
1292 3425 1337 3479 est

235 3538 321 3593 actus
335 3527 569 3612 cognoscitivus‚
580 3527 634 3591 sed
648 3527 740 3591 etiam
755 3534 847 3611 prout
857 3534 903 3589 est
919 3533 1021 3590 motus
1033 3525 1198 3590 affectivus.
1245 3528 1336 3607 Nam,

234 3647 270 3703 nt
293 3640 384 3703 etiam
399 3639 457 3703 hoc
479 3638 576 3703 obiter
594 3638 755 3722 attingam,
771 3638 1023 3723 quotiescumque
1045 3638 1176 3702 mutatio
1195 3640 1337 3723 organica

234 3759 280 3815 est
303 3750 491 3830 huiusmodi,
510 3760 545 3814 ut
563 3750 699 3835 perficiat
721 3749 951 3833 dispositionem
973 3771 1158 3832 organorum
1177 3751 1209 3814 in
1231 3751 1337 3815 ordine

234 3862 273 3926 ed
295 3862 476 3927 exercendos
498 3870 585 3925 actus
608 3862 678 3925 vitae
701 3860 853 3925 sensitivae
871 3860 1040 3924 secundum
1063 3870 1181 3924 naturae
1204 3862 1337 3926 destina-⁴

233 3974 359 4052 tionem,
374 3972 548 4037 immutatio
566 3972 618 4035 illa
637 3968 773 4036 causabit
795 3971 953 4055 gaudium,
970 3970 1166 4055 voluptatem,
1183 3972 1336 4056 quietems

233 4084 354 4149 in'casu
368 4086 520 4148 contrario
532 4084 667 4147 causabit
683 4081 836 4147 dolorem:
861 4104 939 4168 saepe
954 4090 1066 4161 autem,
1077 4084 1148 4167 quia
1163 4084 1335 4149 immutatio

234 4206 354 4261 nonest
369 4217 491 4279 magna,
501 4195 550 4260 vix
565 4194 696 4258 sentitur
707 4194 847 4278 voluptas
859 4206 913 4257 aut
924 4193 1019 4257 dolor.
1066 4194 1157 4257 Unde
1166 4198 1335 4278 generatim

233 4308 368 4393 cognitio
386 4306 546 4385 sensibilis,
563 4314 593 4389 et
616 4304 741 4369 affectus
757 4304 908 4368 sensibilis
927 4326 990 4368 nou
1005 4305 1084 4368 fiunt
1103 4327 1158 4389 per
1172 4306 1230 4371 hoc
1253 4308 1335 4392 quod

1107 4437 1125 4479 r
1141 4421 1161 4481 2
