3200 4975
210 387 279 432 car.
296 370 336 453 1.]
662 392 705 434 nn
722 392 868 435 souma.
1256 372 1319 434 143

208 555 357 619 stituente
371 575 496 619 sensum
511 556 689 641 patientem,
704 558 784 623 actio
804 557 915 623 obiecti
937 557 1089 623 sensibilis
1111 556 1317 643 imprimentis

207 666 240 730 in
255 689 348 731 sensu
362 668 493 751 speciem
509 668 683 733 sensibilem
698 670 747 733 sui
761 669 905 733 excitabit
921 691 1046 733 sensum
1062 677 1215 753 agentem,
1230 669 1318 733 cuius

208 786 312 843 actum
333 777 519 844 terminabit.
566 779 636 859 Sed,
660 781 732 865 quia
754 780 856 845 anima
878 788 925 845 est
947 803 1029 845 unns
1052 790 1148 859 actus,
1164 788 1195 843 et
1210 801 1316 844 conse·

209 898 339 975 quanter
364 912 471 954 sensus
500 912 596 974 agens
625 912 688 954 non
717 890 921 975 distinguitur
950 891 988 955 ab
1018 890 1178 955 intellectu
1207 899 1318 975 agente

210 1002 379 1067 seeundum
402 1002 571 1067 realitatem
597 1011 685 1067 actus
708 1003 806 1087 ipsius
829 1002 1026 1067 materialiter
1049 1002 1240 1083 considerati,
1265 1002 1319 1067 sed

209 1123 332 1179 tantum
355 1114 525 1179 secundum
547 1113 696 1178 diversam
718 1114 936 1179 formalitatem
953 1114 1112 1179 inductam
1127 1138 1164 1178 ex
1178 1125 1319 1200 respectu

210 1225 249 1290 ad
264 1226 419 1290 diversum
438 1224 606 1289 terminum
622 1247 716 1309 aquo
731 1224 903 1310 completur
917 1226 950 1288 in
965 1247 1041 1304 esse,
1056 1224 1125 1290 ideo
1139 1248 1203 1290 non
1219 1234 1320 1310 potest

210 1338 316 1403 haberi
339 1346 426 1401 actus
450 1336 602 1401 sentiendi
625 1336 820 1420 proficiscens
842 1336 881 1399 ab
903 1336 1005 1400 anima
1028 1336 1221 1417 intellectiva,
1245 1338 1321 1421 quin

212 1449 303 1514 simul
317 1448 468 1513 habeatur
481 1448 622 1533 aliqualis
636 1457 724 1513 actus
738 1447 949 1533 intelligendi:
972 1448 1016 1512 ita
1030 1447 1178 1528 videlicet,
1194 1460 1229 1513 ut
1246 1450 1320 1513 dum

211 1562 256 1626 vis
271 1562 444 1646 perceptiva
458 1560 576 1639 animae,
592 1569 628 1624 nt
643 1560 795 1645 completa
817 1583 871 1645 per
893 1560 1102 1644 organismum
1124 1561 1236 1627 inesse
1252 1585 1321 1625 sen-

211 1674 316 1752 sitivae,
328 1673 512 1737 terminatur
522 1672 562 1736 ad
572 1672 724 1737 obiectum
741 1672 910 1737 secundum
926 1673 1157 1758 impressionem
1168 1684 1321 1758 receptam

212 1786 245 1851 in
260 1786 436 1870 passivitate
452 1808 560 1849 sensns
578 1806 632 1869 per
652 1808 814 1869 organum,
835 1785 941 1850 eadem
956 1785 1000 1849 vis
1016 1787 1188 1871 perceptiva
1202 1788 1321 1867 animae,

214 1908 249 1962 nt
264 1897 444 1983 simpliciter
463 1896 614 1981 completa
632 1920 688 1982 per
709 1896 900 1961 intellectum
922 1896 1078 1981 passivum
1097 1899 1131 1962 in
1151 1921 1217 1962 esse
1231 1900 1321 1964 intel·

211 2010 337 2090 lectivae,
367 2008 549 2074 terminetur
574 2007 614 2073 ad
639 2008 792 2073 obiectum
820 2009 988 2073 secundum
1017 2010 1249 2096 impressionem
1274 2035 1321 2076 re-

213 2132 332 2207 ceptam
354 2121 387 2184 in
408 2120 585 2206 passivitate
609 2119 761 2205 spirituali
784 2120 980 2185 intellectiva.
1026 2120 1104 2197 Qua
1125 2146 1174 2187 res
1195 2123 1322 2189 omnino

212 2233 277 2297 fieri
293 2231 393 2310 debet,
410 2253 507 2315 quum
522 2238 653 2315 nequeat
669 2253 734 2295 esse
755 2230 909 2295 obiectum
929 2253 1063 2316 praeseus
1085 2233 1188 2297 sensui
1202 2242 1238 2298 ut
1254 2258 1322 2299 sen·

213 2342 311 2423 sibile,
326 2342 402 2427 quin
416 2340 509 2405 simul
524 2341 565 2407 sit
585 2363 719 2425 praesens
741 2341 913 2406 intellectui
933 2351 968 2408 ιιι
983 2365 1047 2423 ens,
1062 2353 1099 2408 ut
1115 2367 1205 2410 causa
1220 2369 1322 2411 sensa·

214 2454 306 2520 tionis
325 2454 433 2540 ipsius,
456 2461 511 2518 aut
533 2461 569 2517 ut
591 2452 708 2539 aliquid
730 2454 880 2519 eiusmodi
901 2454 1104 2540 intelligibile.
1151 2457 1218 2523 Nec
1238 2458 1323 2525 iuvat

214 2569 314 2634 dicere
337 2568 420 2653 quod
446 2569 587 2631 obiectam
610 2569 746 2632 sensibile
771 2591 831 2632 non
854 2578 897 2633 est
921 2571 1102 2653 intettiyitile
1124 2572 1156 2634 ιἰι
1175 2580 1252 2651 octa,
1269 2574 1323 2638 sed

197 2688 337 2745 'tantum
352 2679 385 2742 in
401 2677 548 2763 potentia,
564 2687 596 2742 et
610 2679 694 2763 quod
708 2687 778 2764 post
792 2680 1020 2764 perceptionem
1041 2682 1214 2747 sensibilem
1233 2684 1323 2750 debet

213 2815 269 2877 per
283 2791 474 2856 intellectum
489 2798 633 2874 agentem
646 2791 713 2854 fieri
732 2791 927 2875 intelligibile
946 2792 980 2855 in
995 2800 1082 2857 actu:
1106 2794 1164 2858 hoc
1179 2795 1261 2860 enim
1276 2807 1323 2861 est

214 2903 339 2989 quidem
353 2925 470 2980 verum,
486 2901 587 2965 sedin
608 2901 715 2966 ordine
740 2901 780 2965 ad
803 2902 887 2967 ideas
911 2904 1078 2968 abstractas
1093 2913 1124 2968 et
1139 2905 1323 2972 universales

214 3013 424 3100 acquirendas,
449 3035 512 3077 non
535 3015 570 3077 in
599 3011 706 3077 ordine
729 3013 767 3077 ad
791 3013 875 3078 ideas
905 3023 1061 3080 concretas
1085 3024 1116 3080 et
1142 3017 1322 3102 singulares.

215 3127 297 3192 Nam
323 3126 478 3210 singulare
503 3133 680 3190 concretum
703 3124 802 3209 primo
828 3126 1017 3213 apprehendi
1041 3127 1131 3192 debet
1154 3131 1323 3196 secundum

214 3239 297 3323 quod
312 3245 414 3302 movet
421 3261 433 3315 3
455 3236 566 3301 sivero
581 3245 717 3301 moveret
732 3235 832 3300 solum
848 3260 983 3318 sensnm,
998 3247 1029 3302 et
1044 3261 1107 3304 non
1122 3239 1323 3320 intellectum,

213 3350 387 3414 intellectus
407 3371 511 3434 agens,
535 3349 720 3413 removendo
743 3348 934 3415 conditiones
958 3352 1128 3417 materiales
1149 3377 1241 3419 sensu
1254 3379 1323 3442 per-

215 3471 327 3547 ceptas,
342 3467 510 3526 removeret
524 3467 625 3524 totum
642 3459 727 3545 quod
740 3469 919 3546 perceptum
935 3471 992 3543 est,
1004 3474 1035 3529 et
1050 3465 1126 3529 nihil
1142 3479 1322 3551 superesset,

214 3574 299 3661 quod
317 3583 420 3638 actum
439 3571 614 3638 intellectus
633 3572 705 3657 puri
724 3574 913 3638 terminaret.
961 3577 993 3639 Si
1009 3577 1084 3661 quid
1099 3601 1171 3662 ergo
1186 3588 1322 3645 remanet

215 3694 284 3770 post
299 3684 534 3749 abstractionem
554 3706 573 3746 a
591 3683 819 3747 conditionibus
842 3686 1060 3766 materialibus,
1080 3689 1164 3773 quod
1179 3690 1216 3754 ab
1232 3691 1322 3756 intel-

215 3797 298 3860 lectu
312 3794 497 3860 considerari
510 3795 618 3878 possit,
641 3793 680 3858 de
699 3817 735 3858 eo
756 3795 864 3879 procul
886 3796 980 3861 dubio
1002 3798 1108 3864 habita
1129 3809 1175 3865 est
1198 3803 1322 3887 species,

215 3909 308 3972 etiam
336 3906 553 3991 intelligibilis,
575 3906 614 3970 ab
636 3906 774 3972 obiecto:
797 3908 853 3972 sed
874 3909 946 3993 quia
968 3910 1032 3976 haec
1056 3913 1170 3996 species
1200 3915 1323 3980 advenit

216 4043 286 4084 cnm
304 4019 405 4104 specie
427 4017 573 4098 sensibili,
595 4017 664 4083 ideo
686 4026 773 4084 aetus
795 4043 857 4105 quo
880 4022 1045 4107 attingitur
1066 4025 1220 4090 obiectum
1243 4027 1328 4105 eius<

216 4131 300 4197 modi
321 4153 378 4216 per
402 4129 533 4215 primam
562 4129 837 4215 apprehensionem
867 4155 930 4197 non
959 4143 1006 4199 est
1030 4135 1208 4222 simpliciter
1231 4139 1322 4203 intel-

216 4243 354 4323 lectivus,
384 4263 441 4306 neo
471 4240 650 4325 simpliciter
678 4243 852 4324 sensitivus,
880 4245 934 4310 sed
963 4255 1130 4334 utrumque
1159 4248 1252 4314 simul
1283 4251 1322 4315 ob

219 4355 371 4440 duplicem
393 4352 648 4433 terminationem,
671 4353 742 4418 licet
762 4377 780 4418 a
799 4363 886 4440 parte
906 4359 1025 4440 agentis
1046 4360 1085 4423 sit
1100 4359 1210 4424 unicus
1224 4370 1320 4426 actus.
