<?xml version="1.0" encoding="UTF-8"?>
<!DOCTYPE html PUBLIC "-//W3C//DTD XHTML 1.0 Transitional//EN"
    "http://www.w3.org/TR/xhtml1/DTD/xhtml1-transitional.dtd">
<html xmlns="http://www.w3.org/1999/xhtml" xml:lang="en" lang="en">
 <head>
  <title>
</title>
<meta http-equiv="Content-Type" content="text/html;charset=utf-8" />
  <meta name='ocr-system' content='tesseract 3.04.00' />
  <meta name='ocr-capabilities' content='ocr_page ocr_carea ocr_par ocr_line ocrx_word'/>
</head>
<body>
  <div class='ocr_page' id='page_1' title='image "./realisphilosoph02baymgoog_0195.png"; bbox 0 0 3200 4975; ppageno 0'>
   <div class='ocr_carea' id='block_1_1' title="bbox 256 355 1358 446">
    <p class='ocr_par' dir='ltr' id='par_1_1' title="bbox 256 355 1358 446">
     <span class='ocr_line' id='line_1_1' title="bbox 256 355 1358 446; baseline 0.004 -28"><span class='ocrx_word' id='word_1_1' title='bbox 256 374 327 419; x_wconf 76' lang='lat' dir='ltr'>car.</span> <span class='ocrx_word' id='word_1_2' title='bbox 346 355 400 440; x_wconf 75' lang='grc'><strong>[1.]</strong></span> <span class='ocrx_word' id='word_1_3' title='bbox 708 378 751 421; x_wconf 80' lang='lat' dir='ltr'>oa</span> <span class='ocrx_word' id='word_1_4' title='bbox 769 378 914 422; x_wconf 78' lang='lat' dir='ltr'>nomina.</span> <span class='ocrx_word' id='word_1_5' title='bbox 1298 361 1358 446; x_wconf 88' lang='lat'>181</span> 
     </span>
    </p>
   </div>
   <div class='ocr_carea' id='block_1_2' title="bbox 236 541 1369 4433">
    <p class='ocr_par' dir='ltr' id='par_1_2' title="bbox 244 541 1369 2748">
     <span class='ocr_line' id='line_1_2' title="bbox 253 541 1360 628; baseline 0.004 -24"><span class='ocrx_word' id='word_1_6' title='bbox 253 549 358 605; x_wconf 90' lang='lat' dir='ltr'>tatem.</span> <span class='ocrx_word' id='word_1_7' title='bbox 405 541 486 605; x_wconf 93' lang='lat' dir='ltr'>Nam</span> <span class='ocrx_word' id='word_1_8' title='bbox 502 541 564 606; x_wconf 89' lang='lat' dir='ltr'>vita</span> <span class='ocrx_word' id='word_1_9' title='bbox 580 542 748 628; x_wconf 86' lang='lat' dir='ltr'>vegetativa</span> <span class='ocrx_word' id='word_1_10' title='bbox 765 543 913 628; x_wconf 85' lang='lat' dir='ltr'>pendete</span> <span class='ocrx_word' id='word_1_11' title='bbox 929 542 1147 628; x_wconf 82' lang='lat' dir='ltr'>compositione</span> <span class='ocrx_word' id='word_1_12' title='bbox 1162 551 1192 607; x_wconf 91' lang='lat' dir='ltr'>et</span> <span class='ocrx_word' id='word_1_13' title='bbox 1216 542 1360 608; x_wconf 89' lang='lat' dir='ltr'>distribu-</span> 
     </span>
     <span class='ocr_line' id='line_1_3' title="bbox 253 653 1359 741; baseline 0.003 -25"><span class='ocrx_word' id='word_1_14' title='bbox 253 653 337 717; x_wconf 84' lang='lat' dir='ltr'>tione</span> <span class='ocrx_word' id='word_1_15' title='bbox 352 654 484 738; x_wconf 91' lang='lat' dir='ltr'>partium</span> <span class='ocrx_word' id='word_1_16' title='bbox 503 655 681 719; x_wconf 80' lang='lat' dir='ltr'>habentium</span> <span class='ocrx_word' id='word_1_17' title='bbox 698 655 736 718; x_wconf 87' lang='lat' dir='ltr'>de</span> <span class='ocrx_word' id='word_1_18' title='bbox 750 679 783 719; x_wconf 88' lang='lat' dir='ltr'>se</span> <span class='ocrx_word' id='word_1_19' title='bbox 798 655 860 720; x_wconf 89' lang='lat' dir='ltr'>vim</span> <span class='ocrx_word' id='word_1_20' title='bbox 880 655 1091 721; x_wconf 85' lang='lat' dir='ltr'>locomotivam</span> <span class='ocrx_word' id='word_1_21' title='bbox 1107 665 1139 720; x_wconf 93' lang='lat' dir='ltr'>et</span> <span class='ocrx_word' id='word_1_22' title='bbox 1152 656 1359 741; x_wconf 81' lang='lat' dir='ltr'>passivitatem</span> 
     </span>
     <span class='ocr_line' id='line_1_4' title="bbox 252 765 1358 852; baseline 0.005 -25"><span class='ocrx_word' id='word_1_23' title='bbox 252 773 356 829; x_wconf 88' lang='lat' dir='ltr'>motus</span> <span class='ocrx_word' id='word_1_24' title='bbox 382 765 495 844; x_wconf 90' lang='lat' dir='ltr'>localis,</span> <span class='ocrx_word' id='word_1_25' title='bbox 522 766 634 850; x_wconf 91' lang='lat' dir='ltr'>quibus</span> <span class='ocrx_word' id='word_1_26' title='bbox 657 767 930 852; x_wconf 87' lang='lat' dir='ltr'>proportionantur</span> <span class='ocrx_word' id='word_1_27' title='bbox 953 767 992 831; x_wconf 89' lang='lat' dir='ltr'>ad</span> <span class='ocrx_word' id='word_1_28' title='bbox 1015 767 1109 831; x_wconf 86' lang='lat' dir='ltr'>vitam</span> <span class='ocrx_word' id='word_1_29' title='bbox 1139 768 1337 852; x_wconf 79' lang='lat' dir='ltr'>vegetativam</span> <span class='ocrx_word' id='word_1_30' title='bbox 1348 794 1358 848; x_wconf 99' lang='lat'>3</span> 
     </span>
     <span class='ocr_line' id='line_1_5' title="bbox 252 858 1357 964; baseline 0.002 -22"><span class='ocrx_word' id='word_1_31' title='bbox 252 877 313 942; x_wconf 91' lang='lat' dir='ltr'>vita</span> <span class='ocrx_word' id='word_1_32' title='bbox 323 900 394 941; x_wconf 89' lang='lat' dir='ltr'>vero</span> <span class='ocrx_word' id='word_1_33' title='bbox 408 858 573 962; x_wconf 84' lang='lat' dir='ltr'>cogitativa</span> <span class='ocrx_word' id='word_1_34' title='bbox 587 879 695 963; x_wconf 89' lang='lat' dir='ltr'>nequit</span> <span class='ocrx_word' id='word_1_35' title='bbox 710 901 775 943; x_wconf 89' lang='lat' dir='ltr'>esse</span> <span class='ocrx_word' id='word_1_36' title='bbox 785 879 830 943; x_wconf 91' lang='lat' dir='ltr'>vis</span> <span class='ocrx_word' id='word_1_37' title='bbox 845 878 1006 964; x_wconf 88' lang='lat' dir='ltr'>compositi</span> <span class='ocrx_word' id='word_1_38' title='bbox 1022 901 1057 942; x_wconf 86' lang='lat' dir='ltr'>ex</span> <span class='ocrx_word' id='word_1_39' title='bbox 1072 879 1185 943; x_wconf 88' lang='lat' dir='ltr'>talibus</span> <span class='ocrx_word' id='word_1_40' title='bbox 1199 880 1357 964; x_wconf 89' lang='lat' dir='ltr'>partibus:</span> 
     </span>
     <span class='ocr_line' id='line_1_6' title="bbox 250 987 1358 1074; baseline 0.002 -23"><span class='ocrx_word' id='word_1_41' title='bbox 250 991 286 1051; x_wconf 84' lang='grc' dir='ltr'>2ο</span> <span class='ocrx_word' id='word_1_42' title='bbox 300 987 333 1050; x_wconf 95' lang='lat' dir='ltr'>in</span> <span class='ocrx_word' id='word_1_43' title='bbox 356 988 418 1051; x_wconf 91' lang='lat' dir='ltr'>vita</span> <span class='ocrx_word' id='word_1_44' title='bbox 433 989 602 1072; x_wconf 89' lang='lat' dir='ltr'>vegetativa</span> <span class='ocrx_word' id='word_1_45' title='bbox 623 987 709 1052; x_wconf 89' lang='lat' dir='ltr'>nulla</span> <span class='ocrx_word' id='word_1_46' title='bbox 728 1011 799 1073; x_wconf 90' lang='lat' dir='ltr'>pars</span> <span class='ocrx_word' id='word_1_47' title='bbox 822 988 999 1073; x_wconf 84' lang='lat' dir='ltr'>vegetabilis</span> <span class='ocrx_word' id='word_1_48' title='bbox 1022 989 1150 1074; x_wconf 87' lang='lat' dir='ltr'>seipsam</span> <span class='ocrx_word' id='word_1_49' title='bbox 1173 997 1283 1068; x_wconf 89' lang='lat' dir='ltr'>movet,</span> <span class='ocrx_word' id='word_1_50' title='bbox 1304 988 1358 1053; x_wconf 88' lang='lat' dir='ltr'>sed</span> 
     </span>
     <span class='ocr_line' id='line_1_7' title="bbox 251 1099 1357 1183; baseline 0.003 -22"><span class='ocrx_word' id='word_1_51' title='bbox 251 1099 351 1163; x_wconf 88' lang='lat' dir='ltr'>omnis</span> <span class='ocrx_word' id='word_1_52' title='bbox 372 1123 443 1183; x_wconf 92' lang='lat' dir='ltr'>pars</span> <span class='ocrx_word' id='word_1_53' title='bbox 467 1100 505 1164; x_wconf 90' lang='lat' dir='ltr'>ab</span> <span class='ocrx_word' id='word_1_54' title='bbox 528 1099 587 1164; x_wconf 88' lang='lat' dir='ltr'>alia</span> <span class='ocrx_word' id='word_1_55' title='bbox 612 1110 761 1181; x_wconf 87' lang='lat' dir='ltr'>movetur,</span> <span class='ocrx_word' id='word_1_56' title='bbox 785 1109 816 1164; x_wconf 91' lang='lat' dir='ltr'>et</span> <span class='ocrx_word' id='word_1_57' title='bbox 839 1101 882 1165; x_wconf 91' lang='lat' dir='ltr'>sic</span> <span class='ocrx_word' id='word_1_58' title='bbox 905 1123 968 1164; x_wconf 87' lang='lat' dir='ltr'>non</span> <span class='ocrx_word' id='word_1_59' title='bbox 993 1100 1124 1165; x_wconf 84' lang='lat' dir='ltr'>habetur</span> <span class='ocrx_word' id='word_1_60' title='bbox 1147 1109 1234 1165; x_wconf 90' lang='lat' dir='ltr'>actus</span> <span class='ocrx_word' id='word_1_61' title='bbox 1258 1100 1357 1167; x_wconf 88' lang='lat' dir='ltr'>vitalis</span> 
     </span>
     <span class='ocr_line' id='line_1_8' title="bbox 248 1210 1357 1302; baseline 0.005 -29"><span class='ocrx_word' id='word_1_62' title='bbox 248 1211 422 1283; x_wconf 87' lang='lat' dir='ltr'>immanens</span> <span class='ocrx_word' id='word_1_63' title='bbox 437 1211 551 1294; x_wconf 89' lang='lat' dir='ltr'>agenti,</span> <span class='ocrx_word' id='word_1_64' title='bbox 564 1210 618 1275; x_wconf 87' lang='lat' dir='ltr'>aed</span> <span class='ocrx_word' id='word_1_65' title='bbox 631 1219 754 1276; x_wconf 87' lang='lat' dir='ltr'>tautum</span> <span class='ocrx_word' id='word_1_66' title='bbox 770 1220 857 1276; x_wconf 89' lang='lat' dir='ltr'>actus</span> <span class='ocrx_word' id='word_1_67' title='bbox 866 1211 966 1276; x_wconf 87' lang='lat' dir='ltr'>vitalis</span> <span class='ocrx_word' id='word_1_68' title='bbox 980 1211 1132 1276; x_wconf 87' lang='lat' dir='ltr'>transiens</span> <span class='ocrx_word' id='word_1_69' title='bbox 1147 1210 1186 1302; x_wconf 90' lang='lat' dir='ltr'>ab</span> <span class='ocrx_word' id='word_1_70' title='bbox 1195 1234 1257 1276; x_wconf 92' lang='lat' dir='ltr'>una</span> <span class='ocrx_word' id='word_1_71' title='bbox 1271 1221 1357 1296; x_wconf 86' lang='lat' dir='ltr'>parte</span> 
     </span>
     <span class='ocr_line' id='line_1_9' title="bbox 250 1321 1356 1408; baseline 0.002 -24"><span class='ocrx_word' id='word_1_72' title='bbox 250 1321 379 1386; x_wconf 89' lang='lat' dir='ltr'>viventis</span> <span class='ocrx_word' id='word_1_73' title='bbox 399 1321 439 1386; x_wconf 87' lang='lat' dir='ltr'>ad</span> <span class='ocrx_word' id='word_1_74' title='bbox 453 1322 543 1387; x_wconf 89' lang='lat' dir='ltr'>aliam</span> <span class='ocrx_word' id='word_1_75' title='bbox 552 1349 561 1401; x_wconf 96' lang='lat'>3</span> <span class='ocrx_word' id='word_1_76' title='bbox 585 1331 691 1387; x_wconf 87' lang='lat' dir='ltr'>contra</span> <span class='ocrx_word' id='word_1_77' title='bbox 705 1322 738 1386; x_wconf 88' lang='lat' dir='ltr'>in</span> <span class='ocrx_word' id='word_1_78' title='bbox 753 1322 816 1386; x_wconf 86' lang='lat' dir='ltr'>vita</span> <span class='ocrx_word' id='word_1_79' title='bbox 838 1322 1000 1407; x_wconf 83' lang='lat' dir='ltr'>cogitativa</span> <span class='ocrx_word' id='word_1_80' title='bbox 1021 1323 1124 1408; x_wconf 87' lang='lat' dir='ltr'>ipsum</span> <span class='ocrx_word' id='word_1_81' title='bbox 1140 1345 1235 1407; x_wconf 89' lang='lat' dir='ltr'>agens</span> <span class='ocrx_word' id='word_1_82' title='bbox 1249 1322 1356 1408; x_wconf 87' lang='lat' dir='ltr'>recipit</span> 
     </span>
     <span class='ocr_line' id='line_1_10' title="bbox 250 1419 1356 1519; baseline 0.004 -23"><span class='ocrx_word' id='word_1_83' title='bbox 250 1433 284 1496; x_wconf 92' lang='lat' dir='ltr'>in</span> <span class='ocrx_word' id='word_1_84' title='bbox 307 1456 340 1498; x_wconf 90' lang='lat' dir='ltr'>se</span> <span class='ocrx_word' id='word_1_85' title='bbox 366 1419 516 1498; x_wconf 88' lang='lat' dir='ltr'>actionem</span> <span class='ocrx_word' id='word_1_86' title='bbox 540 1456 646 1498; x_wconf 89' lang='lat' dir='ltr'>suam:</span> <span class='ocrx_word' id='word_1_87' title='bbox 669 1436 705 1497; x_wconf 83' lang='lat'>3⁰</span> <span class='ocrx_word' id='word_1_88' title='bbox 723 1433 785 1498; x_wconf 89' lang='lat' dir='ltr'>vita</span> <span class='ocrx_word' id='word_1_89' title='bbox 811 1435 980 1518; x_wconf 89' lang='lat' dir='ltr'>vegetativa</span> <span class='ocrx_word' id='word_1_90' title='bbox 1002 1444 1157 1498; x_wconf 84' lang='lat' dir='ltr'>exercetur</span> <span class='ocrx_word' id='word_1_91' title='bbox 1177 1457 1232 1519; x_wconf 90' lang='lat' dir='ltr'>per</span> <span class='ocrx_word' id='word_1_92' title='bbox 1254 1443 1356 1500; x_wconf 87' lang='lat' dir='ltr'>motus</span> 
     </span>
     <span class='ocr_line' id='line_1_11' title="bbox 248 1544 1354 1631; baseline 0.004 -22"><span class='ocrx_word' id='word_1_93' title='bbox 248 1545 367 1625; x_wconf 86' lang='lat' dir='ltr'>locales,</span> <span class='ocrx_word' id='word_1_94' title='bbox 397 1568 468 1611; x_wconf 91' lang='lat' dir='ltr'>cum</span> <span class='ocrx_word' id='word_1_95' title='bbox 498 1545 612 1631; x_wconf 93' lang='lat' dir='ltr'>quibus</span> <span class='ocrx_word' id='word_1_96' title='bbox 640 1545 768 1609; x_wconf 88' lang='lat' dir='ltr'>materia</span> <span class='ocrx_word' id='word_1_97' title='bbox 796 1544 890 1609; x_wconf 91' lang='lat' dir='ltr'>habet</span> <span class='ocrx_word' id='word_1_98' title='bbox 914 1546 1160 1631; x_wconf 91' lang='lat' dir='ltr'>proportionem3</span> <span class='ocrx_word' id='word_1_99' title='bbox 1192 1547 1255 1610; x_wconf 90' lang='lat' dir='ltr'>vita</span> <span class='ocrx_word' id='word_1_100' title='bbox 1284 1570 1354 1613; x_wconf 90' lang='lat' dir='ltr'>vero</span> 
     </span>
     <span class='ocr_line' id='line_1_12' title="bbox 247 1657 1355 1752; baseline -0.001 -31"><span class='ocrx_word' id='word_1_101' title='bbox 247 1658 411 1742; x_wconf 82' lang='lat' dir='ltr'>cogitativa</span> <span class='ocrx_word' id='word_1_102' title='bbox 425 1681 488 1723; x_wconf 91' lang='lat' dir='ltr'>nou</span> <span class='ocrx_word' id='word_1_103' title='bbox 508 1667 664 1723; x_wconf 84' lang='lat' dir='ltr'>exercetur</span> <span class='ocrx_word' id='word_1_104' title='bbox 676 1680 732 1743; x_wconf 89' lang='lat' dir='ltr'>per</span> <span class='ocrx_word' id='word_1_105' title='bbox 745 1667 850 1722; x_wconf 90' lang='lat' dir='ltr'>motus</span> <span class='ocrx_word' id='word_1_106' title='bbox 871 1657 993 1737; x_wconf 86' lang='lat' dir='ltr'>locales,</span> <span class='ocrx_word' id='word_1_107' title='bbox 1009 1666 1040 1721; x_wconf 91' lang='lat' dir='ltr'>et</span> <span class='ocrx_word' id='word_1_108' title='bbox 1056 1667 1277 1752; x_wconf 85' lang='lat' dir='ltr'>consequenter</span> <span class='ocrx_word' id='word_1_109' title='bbox 1292 1678 1355 1721; x_wconf 92' lang='lat' dir='ltr'>non</span> 
     </span>
     <span class='ocr_line' id='line_1_13' title="bbox 247 1764 1354 1858; baseline 0.001 -26"><span class='ocrx_word' id='word_1_110' title='bbox 247 1777 294 1833; x_wconf 90' lang='lat' dir='ltr'>est</span> <span class='ocrx_word' id='word_1_111' title='bbox 309 1768 424 1854; x_wconf 86' lang='lat' dir='ltr'>aliquid</span> <span class='ocrx_word' id='word_1_112' title='bbox 439 1792 544 1834; x_wconf 92' lang='lat' dir='ltr'>eorum</span> <span class='ocrx_word' id='word_1_113' title='bbox 559 1769 598 1833; x_wconf 89' lang='lat' dir='ltr'>ad</span> <span class='ocrx_word' id='word_1_114' title='bbox 621 1791 689 1855; x_wconf 86' lang='lat' dir='ltr'>quae</span> <span class='ocrx_word' id='word_1_115' title='bbox 704 1767 831 1832; x_wconf 89' lang='lat' dir='ltr'>materia</span> <span class='ocrx_word' id='word_1_116' title='bbox 853 1769 946 1832; x_wconf 92' lang='lat' dir='ltr'>estin</span> <span class='ocrx_word' id='word_1_117' title='bbox 961 1769 1116 1854; x_wconf 89' lang='lat' dir='ltr'>potentia:</span> <span class='ocrx_word' id='word_1_118' title='bbox 1140 1764 1354 1858; x_wconf 62' lang='lat' dir='ltr'>4⁰vita&#39;vege·</span> 
     </span>
     <span class='ocr_line' id='line_1_14' title="bbox 248 1871 1354 1967; baseline 0.001 -23"><span class='ocrx_word' id='word_1_119' title='bbox 248 1881 342 1945; x_wconf 88' lang='lat' dir='ltr'>tativa</span> <span class='ocrx_word' id='word_1_120' title='bbox 356 1891 459 1966; x_wconf 87' lang='lat' dir='ltr'>potest</span> <span class='ocrx_word' id='word_1_121' title='bbox 477 1881 593 1967; x_wconf 91' lang='lat' dir='ltr'>optime</span> <span class='ocrx_word' id='word_1_122' title='bbox 607 1881 761 1946; x_wconf 88' lang='lat' dir='ltr'>conciliari</span> <span class='ocrx_word' id='word_1_123' title='bbox 775 1871 846 1945; x_wconf 89' lang='lat' dir='ltr'>cum</span> <span class='ocrx_word' id='word_1_124' title='bbox 869 1879 979 1945; x_wconf 90' lang='lat' dir='ltr'>inertia</span> <span class='ocrx_word' id='word_1_125' title='bbox 998 1881 1130 1946; x_wconf 88' lang='lat' dir='ltr'>materiae</span> <span class='ocrx_word' id='word_1_126' title='bbox 1138 1907 1148 1960; x_wconf 94' lang='lat'>3</span> <span class='ocrx_word' id='word_1_127' title='bbox 1171 1889 1278 1945; x_wconf 91' lang='lat' dir='ltr'>contra</span> <span class='ocrx_word' id='word_1_128' title='bbox 1292 1881 1354 1946; x_wconf 86' lang='lat' dir='ltr'>vita</span> 
     </span>
     <span class='ocr_line' id='line_1_15' title="bbox 247 1991 1354 2078; baseline 0 -22"><span class='ocrx_word' id='word_1_129' title='bbox 247 1992 411 2076; x_wconf 85' lang='lat' dir='ltr'>cogitativa</span> <span class='ocrx_word' id='word_1_130' title='bbox 440 2016 509 2057; x_wconf 92' lang='lat' dir='ltr'>cum</span> <span class='ocrx_word' id='word_1_131' title='bbox 539 1993 650 2056; x_wconf 85' lang='lat' dir='ltr'>inertia</span> <span class='ocrx_word' id='word_1_132' title='bbox 681 1992 806 2057; x_wconf 91' lang='lat' dir='ltr'>omnino</span> <span class='ocrx_word' id='word_1_133' title='bbox 836 2001 965 2077; x_wconf 86' lang='lat' dir='ltr'>pugnat.</span> <span class='ocrx_word' id='word_1_134' title='bbox 1016 1991 1099 2056; x_wconf 86' lang='lat' dir='ltr'>Addi</span> <span class='ocrx_word' id='word_1_135' title='bbox 1127 2001 1241 2077; x_wconf 89' lang='lat' dir='ltr'>posset,</span> <span class='ocrx_word' id='word_1_136' title='bbox 1271 1991 1354 2078; x_wconf 81' lang='lat' dir='ltr'>quod</span> 
     </span>
     <span class='ocr_line' id='line_1_16' title="bbox 245 2103 1351 2189; baseline 0.001 -23"><span class='ocrx_word' id='word_1_137' title='bbox 245 2103 371 2188; x_wconf 88' lang='lat' dir='ltr'>plurimi</span> <span class='ocrx_word' id='word_1_138' title='bbox 379 2127 416 2168; x_wconf 87' lang='lat' dir='ltr'>ex</span> <span class='ocrx_word' id='word_1_139' title='bbox 425 2104 615 2189; x_wconf 91' lang='lat' dir='ltr'>philosophis</span> <span class='ocrx_word' id='word_1_140' title='bbox 630 2104 722 2169; x_wconf 92' lang='lat' dir='ltr'>etiam</span> <span class='ocrx_word' id='word_1_141' title='bbox 738 2126 794 2189; x_wconf 90' lang='lat' dir='ltr'>pro</span> <span class='ocrx_word' id='word_1_142' title='bbox 806 2105 868 2169; x_wconf 87' lang='lat' dir='ltr'>vita</span> <span class='ocrx_word' id='word_1_143' title='bbox 882 2103 1052 2188; x_wconf 88' lang='lat' dir='ltr'>vegetativa</span> <span class='ocrx_word' id='word_1_144' title='bbox 1065 2103 1193 2188; x_wconf 84' lang='lat' dir='ltr'>exigunt</span> <span class='ocrx_word' id='word_1_145' title='bbox 1207 2103 1351 2184; x_wconf 88' lang='lat' dir='ltr'>enimam,</span> 
     </span>
     <span class='ocr_line' id='line_1_17' title="bbox 246 2203 1352 2310; baseline -0.002 -30"><span class='ocrx_word' id='word_1_146' title='bbox 246 2238 315 2300; x_wconf 88' lang='lat' dir='ltr'>quae</span> <span class='ocrx_word' id='word_1_147' title='bbox 341 2239 405 2280; x_wconf 92' lang='lat' dir='ltr'>non</span> <span class='ocrx_word' id='word_1_148' title='bbox 429 2203 469 2280; x_wconf 89' lang='lat' dir='ltr'>sit</span> <span class='ocrx_word' id='word_1_149' title='bbox 494 2216 576 2280; x_wconf 89' lang='lat' dir='ltr'>idem</span> <span class='ocrx_word' id='word_1_150' title='bbox 600 2215 684 2301; x_wconf 89' lang='lat' dir='ltr'>quod</span> <span class='ocrx_word' id='word_1_151' title='bbox 710 2215 837 2280; x_wconf 90' lang='lat' dir='ltr'>materia</span> <span class='ocrx_word' id='word_1_152' title='bbox 858 2215 1053 2301; x_wconf 87' lang='lat' dir='ltr'>vegetabilia3</span> <span class='ocrx_word' id='word_1_153' title='bbox 1075 2215 1158 2280; x_wconf 77' lang='lat' dir='ltr'>uncle</span> <span class='ocrx_word' id='word_1_154' title='bbox 1181 2216 1266 2310; x_wconf 84' lang='lat' dir='ltr'>iuxta</span> <span class='ocrx_word' id='word_1_155' title='bbox 1283 2215 1352 2279; x_wconf 92' lang='lat' dir='ltr'>illos</span> 
     </span>
     <span class='ocr_line' id='line_1_18' title="bbox 244 2326 1351 2414; baseline 0.001 -24"><span class='ocrx_word' id='word_1_156' title='bbox 244 2328 352 2412; x_wconf 88' lang='lat' dir='ltr'>negari</span> <span class='ocrx_word' id='word_1_157' title='bbox 373 2337 485 2413; x_wconf 87' lang='lat' dir='ltr'>posset,</span> <span class='ocrx_word' id='word_1_158' title='bbox 501 2327 585 2414; x_wconf 88' lang='lat' dir='ltr'>quod</span> <span class='ocrx_word' id='word_1_159' title='bbox 600 2327 686 2391; x_wconf 90' lang='lat' dir='ltr'>Deus</span> <span class='ocrx_word' id='word_1_160' title='bbox 709 2326 761 2391; x_wconf 89' lang='lat' dir='ltr'>det</span> <span class='ocrx_word' id='word_1_161' title='bbox 775 2326 836 2412; x_wconf 91' lang='lat' dir='ltr'>ipsi</span> <span class='ocrx_word' id='word_1_162' title='bbox 857 2327 991 2391; x_wconf 88' lang='lat' dir='ltr'>materiae</span> <span class='ocrx_word' id='word_1_163' title='bbox 1006 2327 1238 2412; x_wconf 87' lang='lat' dir='ltr'>vegetationem,</span> <span class='ocrx_word' id='word_1_164' title='bbox 1254 2349 1351 2412; x_wconf 90' lang='lat' dir='ltr'>quum</span> 
     </span>
     <span class='ocr_line' id='line_1_19' title="bbox 244 2439 1352 2525; baseline 0.001 -21"><span class='ocrx_word' id='word_1_165' title='bbox 244 2439 329 2505; x_wconf 80' lang='lat' dir='ltr'>iuxta</span> <span class='ocrx_word' id='word_1_166' title='bbox 343 2440 465 2505; x_wconf 87' lang='lat' dir='ltr'>eosdem</span> <span class='ocrx_word' id='word_1_167' title='bbox 477 2439 628 2525; x_wconf 89' lang='lat' dir='ltr'>vegetatio</span> <span class='ocrx_word' id='word_1_168' title='bbox 637 2447 717 2505; x_wconf 88' lang='lat' dir='ltr'>esset</span> <span class='ocrx_word' id='word_1_169' title='bbox 731 2440 866 2507; x_wconf 86' lang='lat' dir='ltr'>materiae</span> <span class='ocrx_word' id='word_1_170' title='bbox 877 2461 939 2504; x_wconf 93' lang='lat' dir='ltr'>non</span> <span class='ocrx_word' id='word_1_171' title='bbox 952 2447 988 2504; x_wconf 89' lang='lat' dir='ltr'>ut</span> <span class='ocrx_word' id='word_1_172' title='bbox 999 2440 1051 2519; x_wconf 89' lang='lat' dir='ltr'>sic,</span> <span class='ocrx_word' id='word_1_173' title='bbox 1063 2439 1117 2505; x_wconf 91' lang='lat' dir='ltr'>sed</span> <span class='ocrx_word' id='word_1_174' title='bbox 1131 2449 1167 2505; x_wconf 90' lang='lat' dir='ltr'>ut</span> <span class='ocrx_word' id='word_1_175' title='bbox 1181 2439 1352 2505; x_wconf 84' lang='lat' dir='ltr'>informatae</span> 
     </span>
     <span class='ocr_line' id='line_1_20' title="bbox 245 2535 1369 2637; baseline 0.002 -22"><span class='ocrx_word' id='word_1_176' title='bbox 245 2574 300 2636; x_wconf 91' lang='lat' dir='ltr'>per</span> <span class='ocrx_word' id='word_1_177' title='bbox 322 2552 467 2617; x_wconf 88' lang='lat' dir='ltr'>animam.</span> <span class='ocrx_word' id='word_1_178' title='bbox 502 2535 575 2616; x_wconf 70' lang='lat' dir='ltr'>-sid</span> <span class='ocrx_word' id='word_1_179' title='bbox 594 2574 651 2615; x_wconf 94' lang='lat' dir='ltr'>nos</span> <span class='ocrx_word' id='word_1_180' title='bbox 673 2573 737 2615; x_wconf 90' lang='lat' dir='ltr'>non</span> <span class='ocrx_word' id='word_1_181' title='bbox 759 2552 877 2615; x_wconf 90' lang='lat' dir='ltr'>utimur</span> <span class='ocrx_word' id='word_1_182' title='bbox 896 2552 953 2616; x_wconf 90' lang='lat' dir='ltr'>bac</span> <span class='ocrx_word' id='word_1_183' title='bbox 975 2552 1181 2637; x_wconf 89' lang='lat' dir='ltr'>responsione,</span> <span class='ocrx_word' id='word_1_184' title='bbox 1197 2552 1269 2637; x_wconf 89' lang='lat' dir='ltr'>quia</span> <span class='ocrx_word' id='word_1_185' title='bbox 1286 2575 1369 2631; x_wconf 69' lang='lat' dir='ltr'>nou,</span> 
     </span>
     <span class='ocr_line' id='line_1_21' title="bbox 244 2662 842 2748; baseline 0 -22"><span class='ocrx_word' id='word_1_186' title='bbox 244 2670 364 2727; x_wconf 90' lang='lat' dir='ltr'>constat</span> <span class='ocrx_word' id='word_1_187' title='bbox 380 2662 560 2748; x_wconf 77' lang='lat' dir='ltr'>vegetabilis</span> <span class='ocrx_word' id='word_1_188' title='bbox 574 2662 685 2727; x_wconf 90' lang='lat' dir='ltr'>habere</span> <span class='ocrx_word' id='word_1_189' title='bbox 699 2662 842 2727; x_wconf 90' lang='lat' dir='ltr'>animam.</span> 
     </span>
    </p>

    <p class='ocr_par' dir='ltr' id='par_1_3' title="bbox 285 2773 1349 2860">
     <span class='ocr_line' id='line_1_22' title="bbox 285 2773 1349 2860; baseline 0 -21"><span class='ocrx_word' id='word_1_190' title='bbox 285 2777 425 2841; x_wconf 77' lang='lat' dir='ltr'>Iactatis.</span> <span class='ocrx_word' id='word_1_191' title='bbox 457 2776 505 2841; x_wconf 79' lang='lat' dir='ltr'>Ex</span> <span class='ocrx_word' id='word_1_192' title='bbox 525 2797 562 2839; x_wconf 88' lang='lat' dir='ltr'>eo</span> <span class='ocrx_word' id='word_1_193' title='bbox 578 2775 662 2860; x_wconf 93' lang='lat' dir='ltr'>quod</span> <span class='ocrx_word' id='word_1_194' title='bbox 685 2796 749 2839; x_wconf 92' lang='lat' dir='ltr'>nou</span> <span class='ocrx_word' id='word_1_195' title='bbox 766 2774 969 2858; x_wconf 88' lang='lat' dir='ltr'>intelligimus</span> <span class='ocrx_word' id='word_1_196' title='bbox 989 2774 1142 2860; x_wconf 88' lang='lat' dir='ltr'>quomodo</span> <span class='ocrx_word' id='word_1_197' title='bbox 1158 2773 1284 2839; x_wconf 89' lang='lat' dir='ltr'>materia</span> <span class='ocrx_word' id='word_1_198' title='bbox 1299 2797 1349 2839; x_wconf 92' lang='lat' dir='ltr'>co-</span> 
     </span>
    </p>

    <p class='ocr_par' dir='ltr' id='par_1_4' title="bbox 236 2882 1349 4184">
     <span class='ocr_line' id='line_1_23' title="bbox 243 2882 1349 2971; baseline 0.002 -22"><span class='ocrx_word' id='word_1_199' title='bbox 243 2886 341 2970; x_wconf 92' lang='lat' dir='ltr'>gitare</span> <span class='ocrx_word' id='word_1_200' title='bbox 362 2886 470 2971; x_wconf 88' lang='lat' dir='ltr'>possit,</span> <span class='ocrx_word' id='word_1_201' title='bbox 485 2908 549 2950; x_wconf 91' lang='lat' dir='ltr'>non</span> <span class='ocrx_word' id='word_1_202' title='bbox 572 2886 712 2971; x_wconf 89' lang='lat' dir='ltr'>sequitur</span> <span class='ocrx_word' id='word_1_203' title='bbox 731 2908 797 2949; x_wconf 90' lang='lat' dir='ltr'>rem</span> <span class='ocrx_word' id='word_1_204' title='bbox 819 2908 884 2950; x_wconf 89' lang='lat' dir='ltr'>esse</span> <span class='ocrx_word' id='word_1_205' title='bbox 907 2885 1144 2971; x_wconf 89' lang='lat' dir='ltr'>impossibilem3</span> <span class='ocrx_word' id='word_1_206' title='bbox 1168 2882 1244 2951; x_wconf 80' lang='lat' dir='ltr'>nam¹</span> <span class='ocrx_word' id='word_1_207' title='bbox 1262 2887 1349 2951; x_wconf 88' lang='lat' dir='ltr'>Deus</span> 
     </span>
     <span class='ocr_line' id='line_1_24' title="bbox 242 2998 1347 3083; baseline 0.002 -22"><span class='ocrx_word' id='word_1_208' title='bbox 242 3006 344 3082; x_wconf 90' lang='lat' dir='ltr'>potest</span> <span class='ocrx_word' id='word_1_209' title='bbox 365 2998 485 3062; x_wconf 89' lang='lat' dir='ltr'>infinite</span> <span class='ocrx_word' id='word_1_210' title='bbox 506 2998 577 3083; x_wconf 92' lang='lat' dir='ltr'>plus</span> <span class='ocrx_word' id='word_1_211' title='bbox 600 3020 692 3083; x_wconf 91' lang='lat' dir='ltr'>quam</span> <span class='ocrx_word' id='word_1_212' title='bbox 711 2998 865 3082; x_wconf 90' lang='lat' dir='ltr'>possimus</span> <span class='ocrx_word' id='word_1_213' title='bbox 888 2998 1070 3082; x_wconf 84' lang='lat' dir='ltr'>intelligere.</span> <span class='ocrx_word' id='word_1_214' title='bbox 1113 2999 1262 3063; x_wconf 88' lang='lat' dir='ltr'>Praeterea</span> <span class='ocrx_word' id='word_1_215' title='bbox 1283 3020 1347 3063; x_wconf 91' lang='lat' dir='ltr'>non</span> 
     </span>
     <span class='ocr_line' id='line_1_25' title="bbox 241 3110 1348 3196; baseline 0.003 -23"><span class='ocrx_word' id='word_1_216' title='bbox 241 3110 454 3194; x_wconf 87' lang='lat' dir='ltr'>cognoscimus</span> <span class='ocrx_word' id='word_1_217' title='bbox 465 3110 629 3174; x_wconf 88' lang='lat' dir='ltr'>essentiam</span> <span class='ocrx_word' id='word_1_218' title='bbox 644 3110 799 3189; x_wconf 86' lang='lat' dir='ltr'>materiae3</span> <span class='ocrx_word' id='word_1_219' title='bbox 823 3132 897 3195; x_wconf 90' lang='lat' dir='ltr'>ergo</span> <span class='ocrx_word' id='word_1_220' title='bbox 908 3133 970 3174; x_wconf 92' lang='lat' dir='ltr'>non</span> <span class='ocrx_word' id='word_1_221' title='bbox 985 3132 1149 3195; x_wconf 89' lang='lat' dir='ltr'>possumus</span> <span class='ocrx_word' id='word_1_222' title='bbox 1165 3110 1263 3175; x_wconf 90' lang='lat' dir='ltr'>dicere</span> <span class='ocrx_word' id='word_1_223' title='bbox 1272 3112 1348 3196; x_wconf 90' lang='lat' dir='ltr'>quid</span> 
     </span>
     <span class='ocr_line' id='line_1_26' title="bbox 240 3221 1348 3308; baseline 0.002 -23"><span class='ocrx_word' id='word_1_224' title='bbox 240 3222 286 3286; x_wconf 93' lang='lat' dir='ltr'>illi</span> <span class='ocrx_word' id='word_1_225' title='bbox 315 3231 476 3307; x_wconf 86' lang='lat' dir='ltr'>repugnet.</span> <span class='ocrx_word' id='word_1_226' title='bbox 533 3222 684 3306; x_wconf 84' lang='lat' dir='ltr'>Praeterea</span> <span class='ocrx_word' id='word_1_227' title='bbox 713 3244 776 3286; x_wconf 92' lang='lat' dir='ltr'>non</span> <span class='ocrx_word' id='word_1_228' title='bbox 806 3221 1009 3307; x_wconf 90' lang='lat' dir='ltr'>intelligimus</span> <span class='ocrx_word' id='word_1_229' title='bbox 1039 3223 1192 3308; x_wconf 89' lang='lat' dir='ltr'>quomodo</span> <span class='ocrx_word' id='word_1_230' title='bbox 1221 3223 1348 3287; x_wconf 90' lang='lat' dir='ltr'>materia</span> 
     </span>
     <span class='ocr_line' id='line_1_27' title="bbox 240 3333 1345 3420; baseline 0.004 -23"><span class='ocrx_word' id='word_1_231' title='bbox 240 3334 342 3398; x_wconf 91' lang='lat' dir='ltr'>trahat</span> <span class='ocrx_word' id='word_1_232' title='bbox 356 3334 525 3413; x_wconf 88' lang='lat' dir='ltr'>materiam,</span> <span class='ocrx_word' id='word_1_233' title='bbox 540 3356 596 3398; x_wconf 86' lang='lat' dir='ltr'>nec</span> <span class='ocrx_word' id='word_1_234' title='bbox 611 3343 715 3419; x_wconf 85' lang='lat' dir='ltr'>tamen</span> <span class='ocrx_word' id='word_1_235' title='bbox 730 3356 880 3420; x_wconf 91' lang='lat' dir='ltr'>negamus</span> <span class='ocrx_word' id='word_1_236' title='bbox 896 3333 1126 3414; x_wconf 90' lang='lat' dir='ltr'>attractionem3</span> <span class='ocrx_word' id='word_1_237' title='bbox 1149 3358 1222 3419; x_wconf 87' lang='lat' dir='ltr'>ergo</span> <span class='ocrx_word' id='word_1_238' title='bbox 1238 3358 1255 3399; x_wconf 94' lang='lat' dir='ltr'>a</span> <span class='ocrx_word' id='word_1_239' title='bbox 1269 3335 1345 3420; x_wconf 88' lang='lat' dir='ltr'>pari.</span> 
     </span>
     <span class='ocr_line' id='line_1_28' title="bbox 241 3439 1344 3531; baseline 0.004 -23"><span class='ocrx_word' id='word_1_240' title='bbox 241 3445 390 3510; x_wconf 84' lang='lat' dir='ltr'>Praeterea</span> <span class='ocrx_word' id='word_1_241' title='bbox 411 3468 501 3510; x_wconf 92' lang='lat' dir='ltr'>omne</span> <span class='ocrx_word' id='word_1_242' title='bbox 515 3445 637 3509; x_wconf 87' lang='lat' dir='ltr'>finitum</span> <span class='ocrx_word' id='word_1_243' title='bbox 660 3456 707 3509; x_wconf 88' lang='lat' dir='ltr'>cst</span> <span class='ocrx_word' id='word_1_244' title='bbox 728 3439 917 3531; x_wconf 81' lang='lat' dir='ltr'>perfectibile</span> <span class='ocrx_word' id='word_1_245' title='bbox 928 3472 938 3526; x_wconf 89' lang='lat'>3</span> <span class='ocrx_word' id='word_1_246' title='bbox 963 3446 1015 3510; x_wconf 88' lang='lat' dir='ltr'>sed</span> <span class='ocrx_word' id='word_1_247' title='bbox 1037 3447 1193 3516; x_wconf 87' lang='lat' dir='ltr'>materiam</span> <span class='ocrx_word' id='word_1_248' title='bbox 1216 3448 1280 3512; x_wconf 88' lang='lat' dir='ltr'>fieri</span> <span class='ocrx_word' id='word_1_249' title='bbox 1295 3470 1344 3512; x_wconf 92' lang='lat' dir='ltr'>co-</span> 
     </span>
     <span class='ocr_line' id='line_1_29' title="bbox 238 3558 1344 3645; baseline 0.004 -23"><span class='ocrx_word' id='word_1_250' title='bbox 238 3558 391 3643; x_wconf 90' lang='lat' dir='ltr'>gitantem</span> <span class='ocrx_word' id='word_1_251' title='bbox 416 3567 462 3622; x_wconf 90' lang='lat' dir='ltr'>est</span> <span class='ocrx_word' id='word_1_252' title='bbox 488 3558 648 3622; x_wconf 87' lang='lat' dir='ltr'>materiam</span> <span class='ocrx_word' id='word_1_253' title='bbox 674 3558 796 3642; x_wconf 88' lang='lat' dir='ltr'>perfici3</span> <span class='ocrx_word' id='word_1_254' title='bbox 821 3580 904 3643; x_wconf 90' lang='lat' dir='ltr'>ergo.</span> <span class='ocrx_word' id='word_1_255' title='bbox 949 3558 991 3639; x_wconf 83' lang='lat' dir='ltr'>Et</span> <span class='ocrx_word' id='word_1_256' title='bbox 1016 3560 1117 3623; x_wconf 91' lang='lat' dir='ltr'>minor</span> <span class='ocrx_word' id='word_1_257' title='bbox 1142 3569 1227 3645; x_wconf 88' lang='lat' dir='ltr'>patet</span> <span class='ocrx_word' id='word_1_258' title='bbox 1237 3586 1248 3640; x_wconf 88' lang='lat'>3</span> <span class='ocrx_word' id='word_1_259' title='bbox 1272 3583 1344 3627; x_wconf 90' lang='lat' dir='ltr'>nam</span> 
     </span>
     <span class='ocr_line' id='line_1_30' title="bbox 239 3668 864 3753; baseline -0.003 -18"><span class='ocrx_word' id='word_1_260' title='bbox 239 3669 383 3753; x_wconf 87' lang='lat' dir='ltr'>cogitatio</span> <span class='ocrx_word' id='word_1_261' title='bbox 397 3678 444 3733; x_wconf 92' lang='lat' dir='ltr'>cst</span> <span class='ocrx_word' id='word_1_262' title='bbox 459 3668 534 3753; x_wconf 92' lang='lat' dir='ltr'>quid</span> <span class='ocrx_word' id='word_1_263' title='bbox 548 3668 711 3753; x_wconf 87' lang='lat' dir='ltr'>perfectius</span> <span class='ocrx_word' id='word_1_264' title='bbox 727 3668 864 3734; x_wconf 87' lang='lat' dir='ltr'>materia.</span> 
     </span>
     <span class='ocr_line' id='line_1_31' title="bbox 236 3760 1342 3867; baseline 0.004 -22"><span class='ocrx_word' id='word_1_265' title='bbox 236 3842 240 3845; x_wconf 80' lang='grc'><em>.</em></span> <span class='ocrx_word' id='word_1_266' title='bbox 284 3760 466 3867; x_wconf 79' lang='lat' dir='ltr'>Respondeo</span> <span class='ocrx_word' id='word_1_267' title='bbox 480 3805 510 3844; x_wconf 79' lang='lat' dir='ltr'>a.</span> <span class='ocrx_word' id='word_1_268' title='bbox 521 3790 595 3861; x_wconf 76' lang='lat' dir='ltr'>act,</span> <span class='ocrx_word' id='word_1_269' title='bbox 605 3781 644 3845; x_wconf 89' lang='lat' dir='ltr'>ad</span> <span class='ocrx_word' id='word_1_270' title='bbox 653 3780 864 3865; x_wconf 88' lang='lat' dir='ltr'>probationem</span> <span class='ocrx_word' id='word_1_271' title='bbox 880 3806 903 3846; x_wconf 86' lang='lat' dir='ltr'>c.</span> <span class='ocrx_word' id='word_1_272' title='bbox 921 3790 982 3847; x_wconf 83' lang='lat' dir='ltr'>ont.</span> <span class='ocrx_word' id='word_1_273' title='bbox 997 3806 1027 3845; x_wconf 79' lang='lat' dir='ltr'>a.</span> <span class='ocrx_word' id='word_1_274' title='bbox 1043 3806 1120 3847; x_wconf 79' lang='lat' dir='ltr'>coos.</span> <span class='ocrx_word' id='word_1_275' title='bbox 1126 3807 1137 3862; x_wconf 92' lang='lat'>3</span> <span class='ocrx_word' id='word_1_276' title='bbox 1153 3795 1183 3847; x_wconf 87' lang='lat' dir='ltr'>ct</span> <span class='ocrx_word' id='word_1_277' title='bbox 1193 3783 1271 3849; x_wconf 85' lang='lat' dir='ltr'>ratio</span> <span class='ocrx_word' id='word_1_278' title='bbox 1286 3792 1342 3866; x_wconf 89' lang='lat' dir='ltr'>est,</span> 
     </span>
     <span class='ocr_line' id='line_1_32' title="bbox 239 3892 1344 3980; baseline 0.004 -23"><span class='ocrx_word' id='word_1_279' title='bbox 239 3892 400 3979; x_wconf 89' lang='lat' dir='ltr'>quianon</span> <span class='ocrx_word' id='word_1_280' title='bbox 425 3892 527 3957; x_wconf 90' lang='lat' dir='ltr'>solum</span> <span class='ocrx_word' id='word_1_281' title='bbox 550 3916 614 3957; x_wconf 91' lang='lat' dir='ltr'>non</span> <span class='ocrx_word' id='word_1_282' title='bbox 643 3893 845 3977; x_wconf 87' lang='lat' dir='ltr'>intelligimus</span> <span class='ocrx_word' id='word_1_283' title='bbox 872 3893 1026 3978; x_wconf 89' lang='lat' dir='ltr'>quomodo</span> <span class='ocrx_word' id='word_1_284' title='bbox 1056 3894 1182 3961; x_wconf 85' lang='lat' dir='ltr'>materia</span> <span class='ocrx_word' id='word_1_285' title='bbox 1210 3896 1344 3980; x_wconf 90' lang='lat' dir='ltr'>cogitare</span> 
     </span>
     <span class='ocr_line' id='line_1_33' title="bbox 237 4002 1344 4092; baseline 0.003 -23"><span class='ocrx_word' id='word_1_286' title='bbox 237 4006 344 4092; x_wconf 89' lang='lat' dir='ltr'>possit,</span> <span class='ocrx_word' id='word_1_287' title='bbox 357 4002 410 4070; x_wconf 85' lang='lat' dir='ltr'>sed</span> <span class='ocrx_word' id='word_1_288' title='bbox 425 4005 517 4070; x_wconf 91' lang='lat' dir='ltr'>etiam</span> <span class='ocrx_word' id='word_1_289' title='bbox 532 4004 660 4089; x_wconf 91' lang='lat' dir='ltr'>positive</span> <span class='ocrx_word' id='word_1_290' title='bbox 675 4004 878 4089; x_wconf 88' lang='lat' dir='ltr'>intelligimus</span> <span class='ocrx_word' id='word_1_291' title='bbox 888 4004 1104 4089; x_wconf 89' lang='lat' dir='ltr'>cogitationem</span> <span class='ocrx_word' id='word_1_292' title='bbox 1119 4029 1258 4092; x_wconf 85' lang='lat' dir='ltr'>pugnare</span> <span class='ocrx_word' id='word_1_293' title='bbox 1272 4028 1344 4073; x_wconf 89' lang='lat' dir='ltr'>cum</span> 
     </span>
     <span class='ocr_line' id='line_1_34' title="bbox 237 4119 374 4184; baseline -0.015 0"><span class='ocrx_word' id='word_1_294' title='bbox 237 4119 374 4184; x_wconf 87' lang='lat' dir='ltr'>materia.</span> 
     </span>
    </p>

    <p class='ocr_par' dir='ltr' id='par_1_5' title="bbox 238 4230 1345 4433">
     <span class='ocr_line' id='line_1_35' title="bbox 280 4230 1345 4315; baseline -0.001 -15"><span class='ocrx_word' id='word_1_295' title='bbox 280 4233 331 4300; x_wconf 83' lang='lat' dir='ltr'>Ad</span> <span class='ocrx_word' id='word_1_296' title='bbox 346 4232 478 4297; x_wconf 87' lang='lat' dir='ltr'>alterum</span> <span class='ocrx_word' id='word_1_297' title='bbox 492 4256 522 4295; x_wconf 82' lang='lat' dir='ltr'>a.</span> <span class='ocrx_word' id='word_1_298' title='bbox 539 4241 601 4296; x_wconf 83' lang='lat' dir='ltr'>ont.</span> <span class='ocrx_word' id='word_1_299' title='bbox 648 4230 872 4315; x_wconf 75' lang='lat' dir='ltr'>cognoscimus</span> <span class='ocrx_word' id='word_1_300' title='bbox 889 4232 970 4296; x_wconf 89' lang='lat' dir='ltr'>enim</span> <span class='ocrx_word' id='word_1_301' title='bbox 986 4232 1147 4297; x_wconf 87' lang='lat' dir='ltr'>essentiam</span> <span class='ocrx_word' id='word_1_302' title='bbox 1165 4232 1345 4300; x_wconf 84' lang='lat' dir='ltr'>substantiae</span> 
     </span>
     <span class='ocr_line' id='line_1_36' title="bbox 238 4343 1344 4433; baseline 0.002 -26"><span class='ocrx_word' id='word_1_303' title='bbox 238 4343 413 4424; x_wconf 88' lang='lat' dir='ltr'>materialia,</span> <span class='ocrx_word' id='word_1_304' title='bbox 432 4354 469 4407; x_wconf 91' lang='lat' dir='ltr'>ut</span> <span class='ocrx_word' id='word_1_305' title='bbox 489 4343 567 4409; x_wconf 88' lang='lat' dir='ltr'>clare</span> <span class='ocrx_word' id='word_1_306' title='bbox 591 4353 716 4429; x_wconf 88' lang='lat' dir='ltr'>apparet</span> <span class='ocrx_word' id='word_1_307' title='bbox 739 4366 775 4409; x_wconf 85' lang='lat' dir='ltr'>ex</span> <span class='ocrx_word' id='word_1_308' title='bbox 795 4343 975 4409; x_wconf 87' lang='lat' dir='ltr'>tractatibus</span> <span class='ocrx_word' id='word_1_309' title='bbox 999 4344 1036 4408; x_wconf 91' lang='lat' dir='ltr'>de</span> <span class='ocrx_word' id='word_1_310' title='bbox 1058 4344 1165 4433; x_wconf 89' lang='lat' dir='ltr'>primis</span> <span class='ocrx_word' id='word_1_311' title='bbox 1185 4346 1344 4431; x_wconf 90' lang='lat' dir='ltr'>principiis</span> 
     </span>
    </p>
   </div>
   <div class='ocr_carea' id='block_1_3' title="bbox 0 0 1604 4975">
    <p class='ocr_par' dir='ltr' id='par_1_6' title="bbox 0 0 1604 4975">
     <span class='ocr_line' id='line_1_37' title="bbox 0 0 1604 4975; baseline 0 6"><span class='ocrx_word' id='word_1_312' title='bbox 0 0 1604 4975; x_wconf 95' lang='lat' dir='ltr'> </span> 
     </span>
    </p>
   </div>
  </div>
 </body>
</html>
