3200 4975
263 347 326 408 160
650 386 653 392 ·
698 369 740 411 oa
759 368 905 411 nonnvn.
1236 343 1324 428 [cna.
1342 365 1366 407 r.

260 532 370 598 festare
385 555 455 596 cum
471 555 506 596 ea
521 533 717 598 distinetione
731 545 761 597 et
777 533 923 612 claritate,
944 556 1005 616 qna
1024 531 1144 616 fulgent
1159 530 1192 595 in
1210 540 1320 610 mente,
1334 541 1366 595 et

260 645 325 708 sine
348 644 443 709 nimio
466 644 612 729 temporis
635 644 805 730 dispendio.
851 646 954 730 Atque
974 667 1089 727 organa
1103 643 1280 707 huiusmodi
1294 665 1367 727 pos*

259 767 332 822 siant
361 779 427 821 esse
456 756 545 841 plura
568 758 608 821 ad
638 779 736 821 unum
765 757 908 821 effectum
938 755 1161 840 conspirantia:
1185 754 1239 818 scd
1268 777 1365 818 unum

259 871 367 936 saltem
392 873 581 934 communiter
603 877 635 935 et
653 893 709 954 per
735 893 767 934 ae
792 879 839 934 est
868 869 1081 946 necessarium,
1112 877 1147 932 ut
1177 867 1303 952 spiritus
1333 867 1365 928 io

259 1003 383 1066 corpore
412 981 544 1045 existens
573 1003 636 1044 non
665 982 800 1066 privetur
838 980 970 1045 naturali
1005 980 1149 1045 facultate
1184 1001 1255 1043 suas
1283 979 1367 1043 ideas

259 1092 485 1158 manifestandi.
634 1172 636 1175 Ι

300 1205 373 1270 Dixi
387 1215 491 1269 tamen
505 1207 696 1270 communiter
711 1215 741 1269 et
750 1228 811 1290 per
825 1229 873 1283 ae3
897 1205 969 1290 quia
987 1227 1039 1289 per
1053 1202 1192 1268 accidens
1207 1211 1237 1267 et
1249 1202 1281 1266 in
1293 1225 1366 1266 casu

257 1317 432 1402 particulari
457 1317 580 1402 ¹poterit
614 1317 818 1403 compositum
853 1340 918 1381 esse
951 1317 1174 1401 imperfectum,
1205 1325 1236 1379 et
1266 1337 1366 1379 carere

258 1429 398 1513 expedito
420 1452 535 1513 organo
556 1429 694 1494 idearum
724 1429 949 1494 manifestativo
960 1455 969 1507 3
993 1429 1051 1492 hoc
1074 1429 1155 1492 enim
1179 1451 1242 1491 non
1264 1427 1365 1511 requi-

258 1543 337 1606 ritur
352 1541 491 1605 absolute
505 1542 545 1605 ad
559 1563 626 1605 esse
641 1541 801 1626 compositi
819 1542 926 1627 (quum
945 1541 1087 1626 respiciat
1107 1541 1311 1624 operationem
1327 1539 1366 1604 ad

257 1655 353 1738 extra)
371 1654 425 1718 sed
440 1661 562 1717 tantum
578 1654 618 1718 ad
632 1654 850 1718 convenienter
870 1676 945 1718 esse.
991 1653 1102 1733 Immo,
1122 1653 1195 1737 quia
1209 1654 1255 1717 vis
1270 1653 1367 1716 mani-

257 1767 395 1831 festativa
416 1765 553 1831 idearum
576 1766 684 1851 nequit
707 1767 838 1830 exerceri
861 1766 956 1830 donec
978 1767 1134 1851 acquisitae
1155 1767 1218 1830 sint
1235 1766 1320 1844 ideae,
1336 1777 1366 1829 et

259 1886 461 1962 cognoscatur
482 1878 633 1941 motivum
655 1877 815 1961 impellens
838 1877 878 1941 ad
900 1900 950 1942 eas
972 1878 1221 1957 manifestandas,
1243 1888 1367 1942 nonest

257 2012 388 2068 necesse,
418 2011 533 2072 organa
564 1988 788 2053 manifestativa
820 2011 886 2052 esse
924 1989 1059 2073 perfecta
1093 2000 1125 2053 et
1159 1988 1298 2073 expedita
1327 1989 1366 2052 ad
1439 2002 1442 2007 ’

257 2100 413 2184 agendum
428 2101 531 2164 statim
547 2100 585 2164 ab
600 2099 690 2163 initio
710 2099 744 2162 in
767 2121 891 2184 corpore
914 2099 1112 2180 informabili,
1136 2101 1190 2164 sed
1210 2099 1320 2164 sufficit
1334 2111 1366 2163 et

256 2211 439 2276 conveniens
458 2221 514 2290 est,
537 2221 573 2275 ut
595 2220 666 2295 post
688 2211 936 2276 informationem
959 2212 1111 2295 gradatim
1133 2212 1311 2276 evolvantur
1333 2221 1364 2274 et

256 2324 462 2409 perficiantur,
492 2331 528 2387 ut
557 2332 632 2387 tunc
663 2323 725 2385 sint
755 2322 934 2386 naturaliter
968 2323 1117 2408 expedita,
1147 2345 1243 2407 quurn
1273 2321 1365 2386 fuerit

258 2436 406 2521 acquisita
420 2444 451 2501 et
471 2434 598 2500 materia
618 2433 771 2499 sufficiens
797 2434 1083 2500 communicationis
1105 2443 1135 2499 et
1151 2434 1285 2520 cognitio
1300 2456 1365 2498 mo-

259 2550 315 2614 tivi
329 2548 515 2633 impellentis
538 2547 577 2611 ad
597 2547 906 2612 communicationem
928 2546 1108 2612 faciendam.
1152 2548 1207 2611 Vis
1230 2546 1365 2611 idearum

258 2659 483 2725 manifestativa
497 2658 530 2722 in
544 2659 669 2723 homine
684 2668 731 2723 est
745 2658 875 2723 facultas
884 2657 1040 2744 loquendi,
1050 2658 1138 2723 cuius
1153 2680 1303 2743 organum
1319 2668 1365 2722 est

257 2796 304 2853 os,
323 2796 379 2837 seu
394 2772 512 2856 lingua,
537 2771 654 2850 dentes,
679 2771 827 2856 palatum,
851 2771 941 2850 labia,
957 2780 1066 2855 guttur
1086 2780 1154 2850 etc,
1176 2779 1206 2835 et
1221 2781 1366 2856 praeterea

257 2885 348 2964 oculi,
380 2906 489 2948 manus
518 2895 587 2962 ete,
618 2893 774 2967 tamqnam
804 2905 920 2967 organa
950 2882 1138 2947 secundaria.
1186 2883 1268 2958 Quia
1296 2904 1366 2946 vero

258 2996 463 3061 manifestatio
489 2995 649 3059 ordinatur
675 2994 714 3058 ad
738 2994 881 3079 aliquem,
908 2993 942 3057 in
965 3016 1026 3077 quo
1052 2994 1145 3079 recipi
1168 2993 1268 3072 debet,
1293 3016 1390 3081 con-¹

258 3131 389 3194 sequens
403 3117 449 3171 est
464 3115 500 3171 nt
515 3107 548 3169 in
562 3106 621 3171 hoc
636 3106 676 3170 sit
690 3128 842 3189 organum
862 3105 1048 3190 receptivum
1069 3114 1172 3171 motus
1192 3105 1333 3191 producti
1348 3130 1366 3170 a

258 3220 474 3286 manifestante
499 3240 570 3282 suas
593 3217 686 3281 ideas.
730 3217 788 3280 llst
809 3239 881 3300 ergo
904 3218 937 3280 in
957 3218 1126 3301 composito
1146 3241 1182 3282 ex
1204 3218 1314 3301 spiritu
1335 3227 1365 3282 et

256 3332 384 3397 materia
400 3331 492 3395 etiam
515 3351 664 3413 organum
688 3328 875 3413 receptivum
898 3329 1183 3393 communicationis
1206 3329 1362 3393 idearum:

259 3444 343 3529 quod
357 3465 507 3527 organum
521 3442 555 3504 in
570 3441 693 3505 homine
712 3449 759 3504 est
779 3441 872 3521 auris,
889 3451 918 3505 et
934 3451 1079 3525 praeterea
1099 3441 1188 3522 oculi,
1209 3453 1301 3527 atque
1316 3442 1367 3507 alii

259 3578 377 3635 sensus,
394 3555 447 3618 sed
463 3554 641 3618 secundario
656 3560 814 3618 tantum*.

297 3741 311 3769 ¹*
330 3738 416 3792 Bruta
427 3744 455 3792 et
468 3737 596 3791 infantuli
608 3742 700 3791 carent
710 3737 825 3808 loquela,
839 3736 902 3807 quia
919 3737 1020 3791 habent
1037 3738 1221 3809 perceptiones
1238 3738 1366 3792 determi-

260 3832 337 3881 natas
355 3826 390 3881 ad
406 3844 500 3894 unum,
519 3843 587 3897 quas
603 3843 659 3878 non
676 3824 796 3893 consilio,
816 3824 863 3877 sed
880 3824 998 3878 naturali
1016 3824 1176 3879 necessitate
1196 3825 1366 3879 manifestare

260 3914 451 3986 impelluntur:
477 3912 586 3983 loquela
609 3918 700 3966 autam
725 3910 759 3965 ad
781 3911 901 3965 diversos
929 3929 1018 3964 rerum
1041 3917 1178 3983 respectus
1201 3912 1367 3967 intellectiva

260 4002 380 4073 cognitos
403 3999 614 4055 manifestandos
637 3997 776 4052 ordinatur
798 3997 849 4051 sub
872 3997 986 4069 imperio
1002 3998 1151 4053 voluntatis
1174 3998 1274 4053 liberae.
1312 3998 1367 4053 Sed

258 4090 337 4145 bmta
354 4088 480 4160 pleraque
498 4104 553 4140 non
574 4092 666 4139 carent
683 4084 800 4153 auribus,
823 4084 903 4139 sicuti
924 4102 974 4139 nec
995 4084 1127 4139 infantes:
1146 4086 1226 4140 bruta
1246 4085 1372 4156 quidem,¹

261 4173 325 4247 quia
336 4180 399 4247 apta
410 4173 519 4229 suntad
532 4171 699 4245 recipiendas
716 4172 904 4245 impressiones
921 4172 1068 4242 sensibiles,
1087 4172 1203 4227 infantes
1221 4191 1285 4228 vero
1303 4173 1368 4245 quia

260 4263 369 4333 insuper
386 4260 484 4315 debent
500 4259 644 4332 paullatim
661 4258 762 4314 discere
781 4278 816 4313 ex
832 4260 941 4331 loquela
958 4259 1073 4315 oliorum
1086 4260 1205 4316 valorem
1220 4260 1366 4332 signorum,

261 4347 360 4421 quibus
370 4366 413 4404 ras
424 4346 540 4419 cognitas
552 4347 745 4420 significantur.
