3200 4975
285 331 352 394 alo
733 346 776 390 us
794 346 937 392 iromus.
1243 321 1327 406 [cnr.
1346 341 1384 384 ιι.

283 512 373 582 unice
387 511 582 592 advertendo,
598 512 681 599 quod
694 514 728 577 hi
742 514 936 598 potissimum
951 512 990 578 ad
1005 509 1183 578 memoriam
1197 515 1386 584 revocantur,

284 631 315 688 et
338 623 372 687 in
393 624 567 708 passivitate
587 625 760 692 intellectus
784 634 858 692 suut
879 633 916 690 ut
937 626 970 690 in
994 624 1142 690 subiecto.
1186 620 1297 688 Recole
1319 642 1387 704 quae

285 733 451 802 dictasunt
464 735 499 798 in
512 744 646 801 tractatu
659 735 847 820 praecedente
862 760 896 804 n.
906 739 958 816 83,
969 739 1021 802 84.
1055 735 1105 800 De
1119 734 1237 818 origine
1251 733 1388 797 idearum

285 844 389 931 aliqua
406 847 534 911 inferius
553 847 746 932 attingentur
763 870 790 913 c.
800 848 864 914 III.
908 849 957 915 Ile
977 847 1117 914 sensibus
1135 854 1249 925 autern,
1263 868 1303 910 ne
1322 867 1387 908 om·

285 944 361 1023 nino
375 958 659 1041 praetermittantur,
674 959 784 1025 addam
800 982 868 1044 quae
882 959 1065 1044 philosopho
1085 959 1220 1024 sufficere
1234 957 1387 1033 videntur,

286 1068 433 1136 nimirum
447 1068 480 1134 in
495 1093 557 1154 quo
566 1071 748 1162 consistant,
764 1072 919 1157 quomodo
933 1071 1174 1158 distinguantur,
1188 1078 1219 1135 et
1234 1068 1387 1154 quomodo

287 1179 349 1246 siut
362 1181 542 1248 naturaliter
555 1205 685 1250 veraces.

332 1289 448 1358 Sensus
469 1293 586 1358 externi
607 1293 753 1362 dicuutur
769 1316 884 1378 organa
904 1293 1048 1370 animata,
1063 1291 1175 1376 quibus
1192 1292 1389 1376 attinguntur

287 1403 452 1470 sensibilia.
498 1405 605 1482 Quum
626 1413 729 1471 autem
752 1405 917 1484 sensibilia,
934 1427 988 1470 seu
1010 1403 1176 1470 materialia
1201 1410 1293 1490 prout
1314 1410 1387 1466 sunt

286 1515 406 1582 obiecta
429 1538 586 1596 sensuum,
611 1516 742 1582 debeant
765 1539 855 1601 agere
878 1517 911 1582 in
936 1517 1002 1582 haec
1030 1539 1145 1601 organa
1174 1515 1325 1593 sensitiva,
1351 1523 1386 1578 ιιι

287 1633 417 1706 constat,
426 1635 457 1691 et
471 1626 550 1692 actio
564 1626 610 1699 rei
624 1625 787 1692 materialis
802 1626 836 1689 in
850 1648 965 1711 organa
979 1625 1146 1694 materialia
1160 1626 1200 1690 sit
1215 1625 1293 1690 actm
1307 1624 1388 1692 loco·

284 1737 410 1817 motiva,
438 1737 576 1822 sequitur
603 1736 669 1803 hac
698 1758 814 1820 organa
842 1736 987 1802 constitui
1015 1737 1220 1804 instrumenta
1249 1743 1321 1820 apta
1349 1735 1388 1799 ad

286 1847 541 1933 apprehendenda
567 1847 677 1917 similia
701 1857 755 1914 ant
782 1848 900 1915 diversa
921 1848 1048 1926 obiecta,
1066 1871 1120 1932 per
1141 1849 1200 1914 hoc
1222 1847 1305 1932 quod
1327 1848 1388 1912 sint

287 1967 393 2044 parata
407 1959 447 2024 ad
467 1959 658 2046 recipiendos
679 1958 829 2045 quosdam
851 1967 954 2024 motus
975 1959 1085 2024 locales
1106 1959 1252 2026 similium
1274 1966 1328 2022 aut
1343 1958 1389 2023 di·

201 2084 206 2091 ·
283 2092 441 2134 -versarum
463 2070 626 2150 rationum,
641 2079 678 2136 ut
700 2070 761 2142 cito
781 2071 1011 2136 declarabimus.
1056 2070 1170 2136 Anima
1191 2079 1304 2148 autem,
1320 2092 1388 2154 quae

287 2203 341 2266 per
354 2181 419 2246 haec
441 2180 647 2248 instrumenta
668 2181 727 2246 sibi
747 2183 910 2246 coniuncta
931 2182 1131 2266 apprehendit
1148 2182 1277 2261 obiecta,
1290 2204 1387 2267 quum

171 2351 175 2357 .
287 2314 351 2358 uon
373 2293 413 2359 sit
435 2292 469 2359 in
490 2292 612 2359 cerebro
637 2301 771 2373 tantum,
789 2295 844 2358 sed
865 2293 898 2358 in
921 2302 987 2358 toto
1010 2314 1134 2378 corpore
1157 2293 1329 2372 informato,
1352 2301 1388 2358 ut

288 2426 381 2490 snpra
409 2403 552 2484 diximus,
581 2403 711 2470 advertit
740 2414 861 2470 motum
889 2405 924 2470 iu
949 2405 1072 2491 organis
1094 2404 1221 2486 factum,
1239 2413 1270 2470 et
1295 2426 1332 2470 ex
1353 2425 1389 2468 eo

288 2516 451 2585 adducitur
464 2516 497 2582 in
511 2518 653 2583 notitiam
669 2516 789 2583 obiecti.

330 2630 435 2714 Atque
448 2629 499 2693 hic
510 2629 640 2698 occurrit
654 2651 767 2713 magna
778 2628 916 2713 qnaestio,
925 2651 1017 2714 quam
1033 2637 1136 2695 tamen
1148 2628 1324 2695 brevissime
1338 2652 1387 2693 ex-

287 2742 419 2827 pediam,
430 2741 570 2816 videlioet
585 2741 622 2808 de
637 2742 667 2807 vi
681 2764 750 2826 quae
764 2741 910 2826 competit
925 2743 1043 2827 corpori
1056 2742 1220 2809 informato
1235 2743 1268 2808 ιιι
1282 2743 1388 2810 ordine

288 2854 328 2927 ad
355 2853 536 2928 mouendam
555 2854 732 2947 animam„
772 2853 891 2921 Dicunt
920 2854 1002 2919 enim
1032 2853 1169 2919 meliores
1202 2854 1388 2938 philosophi,

286 2963 420 3029 animam
442 2963 567 3049 quidem
592 2986 681 3048 posse
700 2980 821 3037 mouere
842 2985 962 3048 corpus,
986 2964 1040 3028 sed
1059 2986 1170 3049 corpus
1189 2964 1275 3033 nullo
1297 2965 1388 3030 modo

287 3098 376 3160 posse
398 3097 519 3139 movere
543 3076 687 3141 animam.
733 3074 826 3151 Quod
851 3074 878 3139 si
899 3097 1004 3140 verum
1027 3074 1067 3139 sit
1089 3075 1127 3144 de
1148 3077 1234 3145 omni
1255 3098 1389 3160 corpore,

287 3186 381 3251 etiam
395 3185 572 3266 informato,
585 3186 705 3251 videtur
718 3185 915 3270 impossibilis
928 3186 994 3249 fieri
1007 3186 1162 3270 perceptio
1176 3209 1279 3251 rerum
1293 3186 1387 3253 sensi-

287 3297 415 3363 bilium:
438 3305 470 3362 et
491 3296 560 3373 ideo
577 3296 723 3381 suspicari
743 3298 812 3382 quis
832 3304 943 3382 posset,
965 3297 1046 3382 quod
1067 3296 1173 3363 saltem
1191 3319 1248 3382 pro
1265 3319 1389 3383 corpore

288 3408 452 3473 informato
473 3407 613 3485 facienda
633 3408 673 3471 sit
695 3410 843 3492 exceptio,
861 3431 957 3493 quum
980 3416 1083 3473 tamen
1103 3430 1193 3473 nemo
1216 3409 1317 3475 adhuc
1338 3432 1389 3475 ex·

287 3518 400 3603 plicare
410 3518 544 3603 potuerit
554 3506 715 3612 positivam
724 3518 859 3603 corporis
873 3518 1029 3584 informati
1040 3519 1188 3584 actionem
1201 3520 1233 3583 in
1244 3519 1387 3585 animam.

331 3630 379 3694 Ex
392 3629 556 3714 praemissis
577 3610 679 3694 autem
696 3651 722 3694 c.
738 3630 906 3715 I.·aliquod
924 3630 1031 3695 lumen
1046 3630 1173 3695 derivari
1194 3639 1293 3716 potest
1310 3632 1390 3696 circa

287 3741 367 3806 hanc
378 3739 588 3826 quaestionem.
631 3740 678 3835 Et,
688 3737 787 3833 primo
799 3762 1008 3826 supponamus
1022 3741 1167 3826 applicari
1181 3741 1285 3827 ignem
1300 3743 1390 3808 alicui

288 3853 369 3939 parti
383 3848 516 3939 corporis
527 3831 820 3940 ,organiciauimati
862 3852 952 3916 Actio
964 3851 1046 3937 ignis
1061 3852 1223 3919 resolutiva
1236 3853 1336 3917 tendit
1351 3854 1390 3918 ad

289 3948 547 4050 corrumpendum
554 3952 705 4047 organum
715 3961 804 4043 illud,
813 3971 845 4028 et
859 3963 899 4027 ad
913 3963 1108 4029 auferendam
1123 3964 1161 4029 ab
1170 3986 1206 4028 eo
1220 3965 1389 4049 potentiam

287 4076 377 4141 rita:
401 4074 473 4161 quia
486 4085 562 4139 vero
576 4065 679 4138 anima
700 4074 808 4159 nequit
828 4074 1007 4139 continuare
1020 4075 1115 4141 vitam
1134 4075 1167 4138 in
1189 4097 1304 4159 organo
1324 4098 1389 4141 cor-

287 4194 391 4270 rupto,
417 4185 595 4264 necessario,
621 4185 697 4249 dum
723 4187 941 4271 corrumpitur,
965 4187 1117 4272 experitur
1142 4186 1295 4273 ingratam
1318 4184 1389 4249 affe·

287 4296 429 4376 ctionem,
459 4304 566 4381 utpote
595 4296 778 4365 contrariam
809 4307 936 4378 naturae,
960 4306 991 4362 et
1028 4297 1110 4361 dolet
1139 4296 1322 4370 sensibiliter
1355 4298 1388 4363 in
