<?xml version="1.0" encoding="UTF-8"?>
<!DOCTYPE html PUBLIC "-//W3C//DTD XHTML 1.0 Transitional//EN"
    "http://www.w3.org/TR/xhtml1/DTD/xhtml1-transitional.dtd">
<html xmlns="http://www.w3.org/1999/xhtml" xml:lang="en" lang="en">
 <head>
  <title>
</title>
<meta http-equiv="Content-Type" content="text/html;charset=utf-8" />
  <meta name='ocr-system' content='tesseract 3.04.00' />
  <meta name='ocr-capabilities' content='ocr_page ocr_carea ocr_par ocr_line ocrx_word'/>
</head>
<body>
  <div class='ocr_page' id='page_1' title='image "./realisphilosoph02baymgoog_0248.png"; bbox 0 0 3200 4975; ppageno 0'>
   <div class='ocr_carea' id='block_1_1' title="bbox 282 327 1390 413">
    <p class='ocr_par' dir='ltr' id='par_1_1' title="bbox 282 327 1390 413">
     <span class='ocr_line' id='line_1_1' title="bbox 282 327 1390 413; baseline -0.002 -21"><span class='ocrx_word' id='word_1_1' title='bbox 282 327 351 392; x_wconf 73' lang='lat'><strong>234</strong></span> <span class='ocrx_word' id='word_1_2' title='bbox 733 349 776 392; x_wconf 85' lang='lat' dir='ltr'><strong>nn</strong></span> <span class='ocrx_word' id='word_1_3' title='bbox 793 348 940 394; x_wconf 74' lang='lat' dir='ltr'><strong>noman.</strong></span> <span class='ocrx_word' id='word_1_4' title='bbox 1251 328 1335 413; x_wconf 75' lang='lat' dir='ltr'><strong>[cur.</strong></span> <span class='ocrx_word' id='word_1_5' title='bbox 1352 347 1390 391; x_wconf 88' lang='lat' dir='ltr'><strong>rr.</strong></span> 
     </span>
    </p>
   </div>
   <div class='ocr_carea' id='block_1_2' title="bbox 281 514 1391 713">
    <p class='ocr_par' dir='ltr' id='par_1_2' title="bbox 281 514 1391 713">
     <span class='ocr_line' id='line_1_2' title="bbox 282 514 1390 602; baseline 0.002 -25"><span class='ocrx_word' id='word_1_6' title='bbox 282 514 368 578; x_wconf 90' lang='lat' dir='ltr'><strong>omni</strong></span> <span class='ocrx_word' id='word_1_7' title='bbox 392 535 429 579; x_wconf 77' lang='lat' dir='ltr'><strong>ex</strong></span> <span class='ocrx_word' id='word_1_8' title='bbox 451 523 538 599; x_wconf 87' lang='lat' dir='ltr'><strong>parte</strong></span> <span class='ocrx_word' id='word_1_9' title='bbox 560 515 646 595; x_wconf 86' lang='lat' dir='ltr'><strong>liber,</strong></span> <span class='ocrx_word' id='word_1_10' title='bbox 664 523 786 601; x_wconf 79' lang='lat' dir='ltr'><strong>oportet</strong></span> <span class='ocrx_word' id='word_1_11' title='bbox 809 524 846 581; x_wconf 93' lang='lat' dir='ltr'><strong>ut</strong></span> <span class='ocrx_word' id='word_1_12' title='bbox 865 539 884 582; x_wconf 83' lang='lat' dir='ltr'><strong>a</strong></span> <span class='ocrx_word' id='word_1_13' title='bbox 904 515 968 582; x_wconf 89' lang='lat' dir='ltr'><strong>sola</strong></span> <span class='ocrx_word' id='word_1_14' title='bbox 989 516 1145 582; x_wconf 84' lang='lat' dir='ltr'><strong>voluntate</strong></span> <span class='ocrx_word' id='word_1_15' title='bbox 1167 516 1298 602; x_wconf 88' lang='lat' dir='ltr'><strong>pendeat</strong></span> <span class='ocrx_word' id='word_1_16' title='bbox 1319 539 1390 580; x_wconf 86' lang='lat' dir='ltr'><strong>cum</strong></span> 
     </span>
     <span class='ocr_line' id='line_1_3' title="bbox 281 623 1391 713; baseline 0.002 -23"><span class='ocrx_word' id='word_1_17' title='bbox 281 623 412 692; x_wconf 82' lang='lat' dir='ltr'><strong>habere:</strong></span> <span class='ocrx_word' id='word_1_18' title='bbox 434 635 466 690; x_wconf 93' lang='lat' dir='ltr'><strong>et</strong></span> <span class='ocrx_word' id='word_1_19' title='bbox 480 627 539 692; x_wconf 92' lang='lat' dir='ltr'><strong>hoc</strong></span> <span class='ocrx_word' id='word_1_20' title='bbox 558 626 772 713; x_wconf 79' lang='lat' dir='ltr'>complectitur</span> <span class='ocrx_word' id='word_1_21' title='bbox 788 626 861 695; x_wconf 89' lang='lat' dir='ltr'><strong>duo.</strong></span> <span class='ocrx_word' id='word_1_22' title='bbox 906 628 1044 692; x_wconf 89' lang='lat' dir='ltr'><strong>Primum</strong></span> <span class='ocrx_word' id='word_1_23' title='bbox 1067 636 1123 707; x_wconf 87' lang='lat' dir='ltr'><strong>est,</strong></span> <span class='ocrx_word' id='word_1_24' title='bbox 1147 628 1229 713; x_wconf 89' lang='lat' dir='ltr'><strong>qnod</strong></span> <span class='ocrx_word' id='word_1_25' title='bbox 1250 628 1391 694; x_wconf 85' lang='lat' dir='ltr'><strong>voluntas</strong></span> 
     </span>
    </p>
   </div>
   <div class='ocr_carea' id='block_1_3' title="bbox 272 736 1392 4395">
    <p class='ocr_par' dir='ltr' id='par_1_3' title="bbox 280 736 1392 1364">
     <span class='ocr_line' id='line_1_4' title="bbox 283 736 1392 826; baseline 0 -24"><span class='ocrx_word' id='word_1_26' title='bbox 283 736 464 803; x_wconf 79' lang='lat' dir='ltr'><strong>determinet</strong></span> <span class='ocrx_word' id='word_1_27' title='bbox 487 761 522 804; x_wconf 89' lang='lat' dir='ltr'><strong>ec</strong></span> <span class='ocrx_word' id='word_1_28' title='bbox 543 748 693 825; x_wconf 86' lang='lat' dir='ltr'><strong>praeparet</strong></span> <span class='ocrx_word' id='word_1_29' title='bbox 718 738 870 826; x_wconf 13' lang='lat' dir='ltr'><strong>sinetulla</strong></span> <span class='ocrx_word' id='word_1_30' title='bbox 891 739 1070 805; x_wconf 80' lang='lat' dir='ltr'><strong>necessitate</strong></span> <span class='ocrx_word' id='word_1_31' title='bbox 1092 747 1123 804; x_wconf 90' lang='lat' dir='ltr'><strong>et</strong></span> <span class='ocrx_word' id='word_1_32' title='bbox 1145 739 1212 803; x_wconf 89' lang='lat' dir='ltr'><strong>sine</strong></span> <span class='ocrx_word' id='word_1_33' title='bbox 1233 738 1392 804; x_wconf 87' lang='lat' dir='ltr'><strong>obstaculo</strong></span> 
     </span>
     <span class='ocr_line' id='line_1_5' title="bbox 282 849 1390 936; baseline -0.002 -22"><span class='ocrx_word' id='word_1_34' title='bbox 282 850 512 916; x_wconf 87' lang='lat' dir='ltr'><strong>convenientem</strong></span> <span class='ocrx_word' id='word_1_35' title='bbox 526 851 685 916; x_wconf 89' lang='lat' dir='ltr'><strong>materiam</strong></span> <span class='ocrx_word' id='word_1_36' title='bbox 699 873 867 916; x_wconf 87' lang='lat' dir='ltr'><strong>consensus</strong></span> <span class='ocrx_word' id='word_1_37' title='bbox 874 876 884 930; x_wconf 73' lang='grc' dir='ltr'><strong><em>ς</em></strong></span> <span class='ocrx_word' id='word_1_38' title='bbox 907 850 989 936; x_wconf 91' lang='lat' dir='ltr'><strong>quod</strong></span> <span class='ocrx_word' id='word_1_39' title='bbox 1004 851 1040 914; x_wconf 87' lang='lat' dir='ltr'><strong>fit</strong></span> <span class='ocrx_word' id='word_1_40' title='bbox 1055 873 1110 935; x_wconf 88' lang='lat' dir='ltr'><strong>per</strong></span> <span class='ocrx_word' id='word_1_41' title='bbox 1124 849 1390 916; x_wconf 74' lang='lat' dir='ltr'><strong>consultationem.</strong></span> 
     </span>
     <span class='ocr_line' id='line_1_6' title="bbox 283 960 1392 1046; baseline 0 -22"><span class='ocrx_word' id='word_1_42' title='bbox 283 960 460 1026; x_wconf 84' lang='lat' dir='ltr'><strong>Secundum</strong></span> <span class='ocrx_word' id='word_1_43' title='bbox 475 971 531 1041; x_wconf 90' lang='lat' dir='ltr'><strong>est,</strong></span> <span class='ocrx_word' id='word_1_44' title='bbox 544 961 637 1046; x_wconf 90' lang='lat' dir='ltr'><strong>quod,</strong></span> <span class='ocrx_word' id='word_1_45' title='bbox 646 961 851 1027; x_wconf 87' lang='lat' dir='ltr'><strong>determinata</strong></span> <span class='ocrx_word' id='word_1_46' title='bbox 864 983 899 1026; x_wconf 83' lang='lat' dir='ltr'><strong>ac</strong></span> <span class='ocrx_word' id='word_1_47' title='bbox 913 975 1082 1046; x_wconf 80' lang='lat' dir='ltr'><strong>praeparata</strong></span> <span class='ocrx_word' id='word_1_48' title='bbox 1096 961 1233 1040; x_wconf 86' lang='lat' dir='ltr'><strong>materia,</strong></span> <span class='ocrx_word' id='word_1_49' title='bbox 1243 969 1275 1026; x_wconf 94' lang='lat' dir='ltr'><strong>et</strong></span> <span class='ocrx_word' id='word_1_50' title='bbox 1289 960 1392 1046; x_wconf 88' lang='lat' dir='ltr'><strong>posito</strong></span> 
     </span>
     <span class='ocr_line' id='line_1_7' title="bbox 281 1071 1391 1158; baseline 0 -22"><span class='ocrx_word' id='word_1_51' title='bbox 281 1080 353 1136; x_wconf 87' lang='lat' dir='ltr'><strong>actu</strong></span> <span class='ocrx_word' id='word_1_52' title='bbox 381 1071 609 1158; x_wconf 69' lang='lat' dir='ltr'><strong>complacentia</strong></span> <span class='ocrx_word' id='word_1_53' title='bbox 638 1073 687 1138; x_wconf 89' lang='lat' dir='ltr'><strong>vel</strong></span> <span class='ocrx_word' id='word_1_54' title='bbox 719 1073 932 1158; x_wconf 75' lang='lat' dir='ltr'><strong>repugnantiae</strong></span> <span class='ocrx_word' id='word_1_55' title='bbox 964 1072 1122 1152; x_wconf 90' lang='lat' dir='ltr'><strong>naturalis,</strong></span> <span class='ocrx_word' id='word_1_56' title='bbox 1157 1094 1219 1158; x_wconf 91' lang='lat' dir='ltr'><strong>quo</strong></span> <span class='ocrx_word' id='word_1_57' title='bbox 1248 1071 1391 1138; x_wconf 85' lang='lat' dir='ltr'><strong>voluntas</strong></span> 
     </span>
     <span class='ocr_line' id='line_1_8' title="bbox 282 1183 1392 1270; baseline 0 -22"><span class='ocrx_word' id='word_1_58' title='bbox 282 1183 396 1248; x_wconf 84' lang='lat' dir='ltr'><strong>directe</strong></span> <span class='ocrx_word' id='word_1_59' title='bbox 417 1184 561 1249; x_wconf 89' lang='lat' dir='ltr'><strong>terminat</strong></span> <span class='ocrx_word' id='word_1_60' title='bbox 584 1207 616 1249; x_wconf 88' lang='lat' dir='ltr'><strong>se</strong></span> <span class='ocrx_word' id='word_1_61' title='bbox 638 1184 677 1249; x_wconf 91' lang='lat' dir='ltr'><strong>ad</strong></span> <span class='ocrx_word' id='word_1_62' title='bbox 698 1184 783 1249; x_wconf 93' lang='lat' dir='ltr'><strong>illam</strong></span> <span class='ocrx_word' id='word_1_63' title='bbox 807 1185 851 1248; x_wconf 87' lang='lat' dir='ltr'><strong>sic</strong></span> <span class='ocrx_word' id='word_1_64' title='bbox 873 1194 1082 1270; x_wconf 77' lang='lat' dir='ltr'><strong>praeparatam,</strong></span> <span class='ocrx_word' id='word_1_65' title='bbox 1105 1184 1203 1268; x_wconf 85' lang='lat' dir='ltr'><strong>possit</strong></span> <span class='ocrx_word' id='word_1_66' title='bbox 1217 1183 1323 1252; x_wconf 89' lang='lat' dir='ltr'><strong>eadem</strong></span> <span class='ocrx_word' id='word_1_67' title='bbox 1337 1205 1392 1249; x_wconf 84' lang='lat' dir='ltr'><strong>vo-</strong></span> 
     </span>
     <span class='ocr_line' id='line_1_9' title="bbox 280 1295 1215 1364; baseline 0.002 -4"><span class='ocrx_word' id='word_1_68' title='bbox 280 1296 385 1360; x_wconf 91' lang='lat' dir='ltr'><strong>luntas</strong></span> <span class='ocrx_word' id='word_1_69' title='bbox 397 1295 507 1361; x_wconf 84' lang='lat' dir='ltr'><strong>reflexa</strong></span> <span class='ocrx_word' id='word_1_70' title='bbox 520 1297 692 1362; x_wconf 84' lang='lat' dir='ltr'><strong>consentire</strong></span> <span class='ocrx_word' id='word_1_71' title='bbox 707 1296 755 1361; x_wconf 85' lang='lat' dir='ltr'><strong>vel</strong></span> <span class='ocrx_word' id='word_1_72' title='bbox 769 1319 833 1361; x_wconf 89' lang='lat' dir='ltr'><strong>non</strong></span> <span class='ocrx_word' id='word_1_73' title='bbox 848 1296 1021 1361; x_wconf 90' lang='lat' dir='ltr'><strong>consentire</strong></span> <span class='ocrx_word' id='word_1_74' title='bbox 1035 1295 1107 1364; x_wconf 90' lang='lat' dir='ltr'><strong>huic</strong></span> <span class='ocrx_word' id='word_1_75' title='bbox 1121 1296 1215 1362; x_wconf 88' lang='lat' dir='ltr'><strong>actui.</strong></span> 
     </span>
    </p>

    <p class='ocr_par' dir='ltr' id='par_1_4' title="bbox 277 1406 1391 3034">
     <span class='ocr_line' id='line_1_10' title="bbox 325 1406 1391 1493; baseline -0.001 -22"><span class='ocrx_word' id='word_1_76' title='bbox 325 1407 459 1484; x_wconf 81' lang='lat' dir='ltr'><strong>Quando</strong></span> <span class='ocrx_word' id='word_1_77' title='bbox 472 1407 566 1473; x_wconf 89' lang='lat' dir='ltr'><strong>homo</strong></span> <span class='ocrx_word' id='word_1_78' title='bbox 581 1417 747 1493; x_wconf 90' lang='lat' dir='ltr'><strong>utrumque</strong></span> <span class='ocrx_word' id='word_1_79' title='bbox 771 1416 884 1492; x_wconf 91' lang='lat' dir='ltr'><strong>potest,</strong></span> <span class='ocrx_word' id='word_1_80' title='bbox 905 1406 1058 1472; x_wconf 86' lang='lat' dir='ltr'><strong>liberrime</strong></span> <span class='ocrx_word' id='word_1_81' title='bbox 1076 1407 1152 1492; x_wconf 81' lang='lat' dir='ltr'><strong>agit,</strong></span> <span class='ocrx_word' id='word_1_82' title='bbox 1171 1406 1310 1471; x_wconf 85' lang='lat' dir='ltr'><strong>libertate</strong></span> <span class='ocrx_word' id='word_1_83' title='bbox 1332 1406 1391 1470; x_wconf 88' lang='lat' dir='ltr'><strong>soi·</strong></span> 
     </span>
     <span class='ocr_line' id='line_1_11' title="bbox 280 1517 1390 1604; baseline -0.003 -21"><span class='ocrx_word' id='word_1_84' title='bbox 280 1517 352 1583; x_wconf 88' lang='lat' dir='ltr'><strong>licet</strong></span> <span class='ocrx_word' id='word_1_85' title='bbox 376 1527 445 1584; x_wconf 91' lang='lat' dir='ltr'><strong>tum</strong></span> <span class='ocrx_word' id='word_1_86' title='bbox 470 1521 628 1600; x_wconf 81' lang='lat' dir='ltr'><strong>materiali,</strong></span> <span class='ocrx_word' id='word_1_87' title='bbox 655 1529 721 1584; x_wconf 90' lang='lat' dir='ltr'><strong>tum</strong></span> <span class='ocrx_word' id='word_1_88' title='bbox 740 1519 876 1604; x_wconf 84' lang='lat' dir='ltr'><strong>samaali.</strong></span> <span class='ocrx_word' id='word_1_89' title='bbox 936 1519 1045 1584; x_wconf 88' lang='lat' dir='ltr'><strong>Minus</strong></span> <span class='ocrx_word' id='word_1_90' title='bbox 1068 1518 1159 1604; x_wconf 90' lang='lat' dir='ltr'><strong>plena</strong></span> <span class='ocrx_word' id='word_1_91' title='bbox 1182 1527 1230 1582; x_wconf 89' lang='lat' dir='ltr'><strong>est</strong></span> <span class='ocrx_word' id='word_1_92' title='bbox 1254 1518 1390 1597; x_wconf 81' lang='lat' dir='ltr'><strong>libertas,</strong></span> 
     </span>
     <span class='ocr_line' id='line_1_12' title="bbox 280 1629 1390 1717; baseline -0.003 -21"><span class='ocrx_word' id='word_1_93' title='bbox 280 1633 404 1717; x_wconf 92' lang='lat' dir='ltr'><strong>quando</strong></span> <span class='ocrx_word' id='word_1_94' title='bbox 418 1632 560 1698; x_wconf 88' lang='lat' dir='ltr'><strong>voluntas</strong></span> <span class='ocrx_word' id='word_1_95' title='bbox 575 1633 615 1697; x_wconf 88' lang='lat' dir='ltr'><strong>ob</strong></span> <span class='ocrx_word' id='word_1_96' title='bbox 629 1640 753 1696; x_wconf 85' lang='lat' dir='ltr'><strong>externa</strong></span> <span class='ocrx_word' id='word_1_97' title='bbox 767 1630 913 1696; x_wconf 86' lang='lat' dir='ltr'><strong>adiuncta</strong></span> <span class='ocrx_word' id='word_1_98' title='bbox 927 1653 990 1695; x_wconf 92' lang='lat' dir='ltr'><strong>non</strong></span> <span class='ocrx_word' id='word_1_99' title='bbox 1011 1639 1113 1715; x_wconf 91' lang='lat' dir='ltr'><strong>potest</strong></span> <span class='ocrx_word' id='word_1_100' title='bbox 1127 1653 1183 1714; x_wconf 92' lang='lat' dir='ltr'><strong>pro</strong></span> <span class='ocrx_word' id='word_1_101' title='bbox 1198 1629 1298 1694; x_wconf 90' lang='lat' dir='ltr'><strong>lubito</strong></span> <span class='ocrx_word' id='word_1_102' title='bbox 1312 1652 1390 1714; x_wconf 75' lang='lat' dir='ltr'><strong>prm-</strong></span> 
     </span>
     <span class='ocr_line' id='line_1_13' title="bbox 280 1739 1388 1828; baseline -0.004 -20"><span class='ocrx_word' id='word_1_103' title='bbox 280 1765 386 1828; x_wconf 88' lang='lat' dir='ltr'><strong>parare</strong></span> <span class='ocrx_word' id='word_1_104' title='bbox 412 1744 570 1808; x_wconf 78' lang='lat' dir='ltr'><strong>materiam</strong></span> <span class='ocrx_word' id='word_1_105' title='bbox 596 1742 828 1809; x_wconf 86' lang='lat' dir='ltr'><strong>convenientem</strong></span> <span class='ocrx_word' id='word_1_106' title='bbox 857 1741 1039 1806; x_wconf 83' lang='lat' dir='ltr'><strong>consensui:</strong></span> <span class='ocrx_word' id='word_1_107' title='bbox 1075 1749 1233 1826; x_wconf 84' lang='lat' dir='ltr'><strong>utquam</strong></span> <span class='ocrx_word' id='word_1_108' title='bbox 1260 1741 1330 1827; x_wconf 90' lang='lat' dir='ltr'><strong>quis</strong></span> <span class='ocrx_word' id='word_1_109' title='bbox 1355 1739 1388 1804; x_wconf 90' lang='lat' dir='ltr'><strong>in</strong></span> 
     </span>
     <span class='ocr_line' id='line_1_14' title="bbox 279 1851 1389 1940; baseline -0.002 -22"><span class='ocrx_word' id='word_1_110' title='bbox 279 1854 389 1918; x_wconf 87' lang='lat' dir='ltr'><strong>timore</strong></span> <span class='ocrx_word' id='word_1_111' title='bbox 403 1855 477 1919; x_wconf 83' lang='lat' dir='ltr'><strong>mali</strong></span> <span class='ocrx_word' id='word_1_112' title='bbox 490 1854 707 1940; x_wconf 87' lang='lat' dir='ltr'><strong>impendentis,</strong></span> <span class='ocrx_word' id='word_1_113' title='bbox 723 1875 750 1919; x_wconf 86' lang='lat' dir='ltr'><strong>r.</strong></span> <span class='ocrx_word' id='word_1_114' title='bbox 768 1876 813 1938; x_wconf 78' lang='lat' dir='ltr'><strong>gr.</strong></span> <span class='ocrx_word' id='word_1_115' title='bbox 832 1853 922 1918; x_wconf 90' lang='lat' dir='ltr'><strong>domo</strong></span> <span class='ocrx_word' id='word_1_116' title='bbox 942 1861 1111 1932; x_wconf 88' lang='lat' dir='ltr'><strong>corruente,</strong></span> <span class='ocrx_word' id='word_1_117' title='bbox 1129 1852 1221 1937; x_wconf 84' lang='lat' dir='ltr'><strong>fugit,</strong></span> <span class='ocrx_word' id='word_1_118' title='bbox 1240 1861 1294 1918; x_wconf 88' lang='lat' dir='ltr'><strong>aut</strong></span> <span class='ocrx_word' id='word_1_119' title='bbox 1313 1851 1389 1937; x_wconf 92' lang='lat' dir='ltr'><strong>quid</strong></span> 
     </span>
     <span class='ocr_line' id='line_1_15' title="bbox 278 1963 1388 2050; baseline -0.002 -22"><span class='ocrx_word' id='word_1_120' title='bbox 278 1964 363 2028; x_wconf 86' lang='lat' dir='ltr'><strong>eliud</strong></span> <span class='ocrx_word' id='word_1_121' title='bbox 376 1965 450 2029; x_wconf 78' lang='lat' dir='ltr'><strong>iacit</strong></span> <span class='ocrx_word' id='word_1_122' title='bbox 465 1966 530 2031; x_wconf 89' lang='lat' dir='ltr'><strong>sine</strong></span> <span class='ocrx_word' id='word_1_123' title='bbox 541 1964 704 2029; x_wconf 88' lang='lat' dir='ltr'><strong>sufficienti</strong></span> <span class='ocrx_word' id='word_1_124' title='bbox 718 1965 830 2050; x_wconf 85' lang='lat' dir='ltr'><strong>praevia</strong></span> <span class='ocrx_word' id='word_1_125' title='bbox 845 1963 1078 2029; x_wconf 88' lang='lat' dir='ltr'><strong>consultatione.</strong></span> <span class='ocrx_word' id='word_1_126' title='bbox 1113 1963 1180 2028; x_wconf 85' lang='lat' dir='ltr'><strong>Etsi</strong></span> <span class='ocrx_word' id='word_1_127' title='bbox 1195 1963 1277 2028; x_wconf 90' lang='lat' dir='ltr'><strong>enim</strong></span> <span class='ocrx_word' id='word_1_128' title='bbox 1291 1972 1388 2042; x_wconf 87' lang='lat' dir='ltr'><strong>actus,</strong></span> 
     </span>
     <span class='ocr_line' id='line_1_16' title="bbox 280 2072 1390 2161; baseline 0.001 -23"><span class='ocrx_word' id='word_1_129' title='bbox 280 2097 342 2160; x_wconf 91' lang='lat' dir='ltr'><strong>quo</strong></span> <span class='ocrx_word' id='word_1_130' title='bbox 361 2076 453 2160; x_wconf 77' lang='lat' dir='ltr'><strong>fugit,</strong></span> <span class='ocrx_word' id='word_1_131' title='bbox 477 2077 517 2139; x_wconf 81' lang='lat' dir='ltr'><strong>rit</strong></span> <span class='ocrx_word' id='word_1_132' title='bbox 535 2075 622 2155; x_wconf 87' lang='lat' dir='ltr'><strong>liber,</strong></span> <span class='ocrx_word' id='word_1_133' title='bbox 645 2076 718 2161; x_wconf 89' lang='lat' dir='ltr'><strong>quia</strong></span> <span class='ocrx_word' id='word_1_134' title='bbox 735 2075 905 2160; x_wconf 80' lang='lat' dir='ltr'><strong>imperatur</strong></span> <span class='ocrx_word' id='word_1_135' title='bbox 926 2097 944 2138; x_wconf 93' lang='lat' dir='ltr'><strong>a</strong></span> <span class='ocrx_word' id='word_1_136' title='bbox 965 2074 1124 2140; x_wconf 85' lang='lat' dir='ltr'><strong>voluntate</strong></span> <span class='ocrx_word' id='word_1_137' title='bbox 1145 2072 1240 2139; x_wconf 91' lang='lat' dir='ltr'><strong>libere</strong></span> <span class='ocrx_word' id='word_1_138' title='bbox 1261 2095 1390 2140; x_wconf 82' lang='lat' dir='ltr'><strong>consen-</strong></span> 
     </span>
     <span class='ocr_line' id='line_1_17' title="bbox 278 2165 1389 2272; baseline 0.004 -22"><span class='ocrx_word' id='word_1_139' title='bbox 278 2187 374 2250; x_wconf 91' lang='lat' dir='ltr'><strong>tiente</strong></span> <span class='ocrx_word' id='word_1_140' title='bbox 388 2187 428 2251; x_wconf 90' lang='lat' dir='ltr'><strong>ad</strong></span> <span class='ocrx_word' id='word_1_141' title='bbox 441 2187 559 2271; x_wconf 77' lang='lat' dir='ltr'><strong>fugem,</strong></span> <span class='ocrx_word' id='word_1_142' title='bbox 575 2187 647 2272; x_wconf 88' lang='lat' dir='ltr'><strong>quia</strong></span> <span class='ocrx_word' id='word_1_143' title='bbox 661 2195 766 2251; x_wconf 89' lang='lat' dir='ltr'><strong>tamen</strong></span> <span class='ocrx_word' id='word_1_144' title='bbox 781 2187 853 2251; x_wconf 83' lang='lat' dir='ltr'><strong>talis</strong></span> <span class='ocrx_word' id='word_1_145' title='bbox 863 2165 1031 2252; x_wconf 85' lang='lat' dir='ltr'><strong>consensus</strong></span> <span class='ocrx_word' id='word_1_146' title='bbox 1041 2185 1080 2250; x_wconf 95' lang='lat' dir='ltr'><strong>ob</strong></span> <span class='ocrx_word' id='word_1_147' title='bbox 1093 2186 1238 2271; x_wconf 90' lang='lat' dir='ltr'><strong>temporis</strong></span> <span class='ocrx_word' id='word_1_148' title='bbox 1252 2185 1389 2271; x_wconf 85' lang='lat' dir='ltr'><strong>inopiam</strong></span> 
     </span>
     <span class='ocr_line' id='line_1_18' title="bbox 278 2297 1388 2376; baseline -0.001 -15"><span class='ocrx_word' id='word_1_149' title='bbox 278 2298 315 2361; x_wconf 83' lang='lat' dir='ltr'><strong>fit</strong></span> <span class='ocrx_word' id='word_1_150' title='bbox 335 2297 400 2362; x_wconf 92' lang='lat' dir='ltr'><strong>sine</strong></span> <span class='ocrx_word' id='word_1_151' title='bbox 420 2298 524 2362; x_wconf 92' lang='lat' dir='ltr'><strong>debita</strong></span> <span class='ocrx_word' id='word_1_152' title='bbox 542 2297 723 2362; x_wconf 89' lang='lat' dir='ltr'><strong>naturaliter</strong></span> <span class='ocrx_word' id='word_1_153' title='bbox 745 2297 998 2376; x_wconf 81' lang='lat' dir='ltr'><strong>consideratione,</strong></span> <span class='ocrx_word' id='word_1_154' title='bbox 1017 2297 1168 2362; x_wconf 89' lang='lat' dir='ltr'><strong>minuitur</strong></span> <span class='ocrx_word' id='word_1_155' title='bbox 1187 2297 1329 2362; x_wconf 91' lang='lat' dir='ltr'><strong>libertas:</strong></span> <span class='ocrx_word' id='word_1_156' title='bbox 1356 2303 1388 2360; x_wconf 93' lang='lat' dir='ltr'><strong>et</strong></span> 
     </span>
     <span class='ocr_line' id='line_1_19' title="bbox 278 2408 1387 2495; baseline -0.002 -22"><span class='ocrx_word' id='word_1_157' title='bbox 278 2408 347 2473; x_wconf 92' lang='lat' dir='ltr'><strong>ideo</strong></span> <span class='ocrx_word' id='word_1_158' title='bbox 362 2409 468 2473; x_wconf 87' lang='lat' dir='ltr'><strong>dicant</strong></span> <span class='ocrx_word' id='word_1_159' title='bbox 483 2408 619 2494; x_wconf 85' lang='lat' dir='ltr'><strong>theologi</strong></span> <span class='ocrx_word' id='word_1_160' title='bbox 637 2418 669 2474; x_wconf 92' lang='lat' dir='ltr'><strong>et</strong></span> <span class='ocrx_word' id='word_1_161' title='bbox 689 2408 864 2495; x_wconf 84' lang='lat' dir='ltr'><strong>philosophi</strong></span> <span class='ocrx_word' id='word_1_162' title='bbox 886 2409 1024 2490; x_wconf 88' lang='lat' dir='ltr'><strong>morales,</strong></span> <span class='ocrx_word' id='word_1_163' title='bbox 1047 2418 1154 2473; x_wconf 74' lang='lat' dir='ltr'><strong>autam</strong></span> <span class='ocrx_word' id='word_1_164' title='bbox 1172 2431 1301 2494; x_wconf 74' lang='lat' dir='ltr'><strong>pravam,</strong></span> <span class='ocrx_word' id='word_1_165' title='bbox 1324 2430 1387 2476; x_wconf 91' lang='lat' dir='ltr'><strong>non</strong></span> 
     </span>
     <span class='ocr_line' id='line_1_20' title="bbox 279 2520 1387 2607; baseline -0.001 -21"><span class='ocrx_word' id='word_1_166' title='bbox 279 2523 404 2607; x_wconf 91' lang='lat' dir='ltr'><strong>quidem</strong></span> <span class='ocrx_word' id='word_1_167' title='bbox 426 2522 543 2602; x_wconf 89' lang='lat' dir='ltr'><strong>tollere,</strong></span> <span class='ocrx_word' id='word_1_168' title='bbox 570 2522 623 2587; x_wconf 90' lang='lat' dir='ltr'><strong>sed</strong></span> <span class='ocrx_word' id='word_1_169' title='bbox 644 2524 774 2587; x_wconf 75' lang='lat' dir='ltr'><strong>mirarere</strong></span> <span class='ocrx_word' id='word_1_170' title='bbox 794 2523 1000 2601; x_wconf 79' lang='lat' dir='ltr'><strong>voluntariam,</strong></span> <span class='ocrx_word' id='word_1_171' title='bbox 1023 2530 1054 2585; x_wconf 93' lang='lat' dir='ltr'><strong>et</strong></span> <span class='ocrx_word' id='word_1_172' title='bbox 1076 2522 1192 2587; x_wconf 88' lang='lat' dir='ltr'><strong>efficere</strong></span> <span class='ocrx_word' id='word_1_173' title='bbox 1213 2520 1387 2586; x_wconf 85' lang='lat' dir='ltr'><strong>involunta-</strong></span> 
     </span>
     <span class='ocr_line' id='line_1_21' title="bbox 277 2633 1385 2719; baseline -0.004 -21"><span class='ocrx_word' id='word_1_174' title='bbox 277 2634 359 2699; x_wconf 91' lang='lat' dir='ltr'><strong>rium</strong></span> <span class='ocrx_word' id='word_1_175' title='bbox 374 2634 543 2699; x_wconf 87' lang='lat' dir='ltr'><strong>secundum</strong></span> <span class='ocrx_word' id='word_1_176' title='bbox 558 2634 645 2719; x_wconf 88' lang='lat' dir='ltr'><strong>quid.</strong></span> <span class='ocrx_word' id='word_1_177' title='bbox 689 2634 732 2698; x_wconf 82' lang='lat' dir='ltr'><strong>llt</strong></span> <span class='ocrx_word' id='word_1_178' title='bbox 745 2634 805 2700; x_wconf 92' lang='lat' dir='ltr'><strong>hoc</strong></span> <span class='ocrx_word' id='word_1_179' title='bbox 819 2633 892 2698; x_wconf 89' lang='lat' dir='ltr'><strong>inde</strong></span> <span class='ocrx_word' id='word_1_180' title='bbox 905 2633 1056 2718; x_wconf 86' lang='lat' dir='ltr'><strong>provenit,</strong></span> <span class='ocrx_word' id='word_1_181' title='bbox 1069 2633 1142 2718; x_wconf 89' lang='lat' dir='ltr'><strong>quia</strong></span> <span class='ocrx_word' id='word_1_182' title='bbox 1156 2633 1284 2697; x_wconf 91' lang='lat' dir='ltr'><strong>materia</strong></span> <span class='ocrx_word' id='word_1_183' title='bbox 1298 2642 1385 2697; x_wconf 87' lang='lat' dir='ltr'><strong>actus</strong></span> 
     </span>
     <span class='ocr_line' id='line_1_22' title="bbox 277 2746 1387 2831; baseline -0.002 -20"><span class='ocrx_word' id='word_1_184' title='bbox 277 2746 364 2811; x_wconf 91' lang='lat' dir='ltr'><strong>liberi</strong></span> <span class='ocrx_word' id='word_1_185' title='bbox 381 2769 444 2810; x_wconf 94' lang='lat' dir='ltr'><strong>non</strong></span> <span class='ocrx_word' id='word_1_186' title='bbox 465 2746 561 2811; x_wconf 88' lang='lat' dir='ltr'><strong>libere</strong></span> <span class='ocrx_word' id='word_1_187' title='bbox 578 2755 783 2831; x_wconf 61' lang='lat' dir='ltr'><strong>praeparatum</strong></span> <span class='ocrx_word' id='word_1_188' title='bbox 807 2768 842 2810; x_wconf 86' lang='lat' dir='ltr'><strong>ex</strong></span> <span class='ocrx_word' id='word_1_189' title='bbox 863 2769 924 2831; x_wconf 91' lang='lat' dir='ltr'><strong>quo</strong></span> <span class='ocrx_word' id='word_1_190' title='bbox 945 2746 1094 2831; x_wconf 89' lang='lat' dir='ltr'><strong>sequitur,</strong></span> <span class='ocrx_word' id='word_1_191' title='bbox 1117 2767 1300 2810; x_wconf 87' lang='lat' dir='ltr'><strong>consensum</strong></span> <span class='ocrx_word' id='word_1_192' title='bbox 1322 2747 1387 2809; x_wconf 86' lang='lat' dir='ltr'><strong>fore</strong></span> 
     </span>
     <span class='ocr_line' id='line_1_23' title="bbox 278 2857 1385 2944; baseline -0.001 -22"><span class='ocrx_word' id='word_1_193' title='bbox 278 2858 401 2944; x_wconf 91' lang='lat' dir='ltr'><strong>quidem</strong></span> <span class='ocrx_word' id='word_1_194' title='bbox 417 2858 534 2942; x_wconf 88' lang='lat' dir='ltr'><strong>ratione</strong></span> <span class='ocrx_word' id='word_1_195' title='bbox 549 2858 597 2923; x_wconf 92' lang='lat' dir='ltr'><strong>sui</strong></span> <span class='ocrx_word' id='word_1_196' title='bbox 611 2866 643 2922; x_wconf 90' lang='lat' dir='ltr'><strong>et</strong></span> <span class='ocrx_word' id='word_1_197' title='bbox 648 2859 823 2941; x_wconf 88' lang='lat' dir='ltr'><strong>formaliter</strong></span> <span class='ocrx_word' id='word_1_198' title='bbox 837 2857 979 2938; x_wconf 89' lang='lat' dir='ltr'><strong>liberum,</strong></span> <span class='ocrx_word' id='word_1_199' title='bbox 1002 2857 1056 2922; x_wconf 86' lang='lat' dir='ltr'><strong>sed</strong></span> <span class='ocrx_word' id='word_1_200' title='bbox 1075 2858 1267 2925; x_wconf 82' lang='lat' dir='ltr'><strong>materialiter</strong></span> <span class='ocrx_word' id='word_1_201' title='bbox 1283 2879 1385 2922; x_wconf 88' lang='lat' dir='ltr'><strong>neces·</strong></span> 
     </span>
     <span class='ocr_line' id='line_1_24' title="bbox 278 2970 403 3034; baseline -0.008 0"><span class='ocrx_word' id='word_1_202' title='bbox 278 2970 403 3034; x_wconf 71' lang='lat' dir='ltr'><strong>samum.</strong></span> 
     </span>
    </p>

    <p class='ocr_par' dir='ltr' id='par_1_5' title="bbox 272 3079 1385 4395">
     <span class='ocr_line' id='line_1_25' title="bbox 321 3079 1385 3166; baseline 0 -21"><span class='ocrx_word' id='word_1_203' title='bbox 321 3081 415 3158; x_wconf 85' lang='lat' dir='ltr'><strong>Quod</strong></span> <span class='ocrx_word' id='word_1_204' title='bbox 434 3080 461 3145; x_wconf 88' lang='lat' dir='ltr'><strong>si</strong></span> <span class='ocrx_word' id='word_1_205' title='bbox 475 3081 544 3166; x_wconf 89' lang='lat' dir='ltr'><strong>quis</strong></span> <span class='ocrx_word' id='word_1_206' title='bbox 558 3102 622 3145; x_wconf 90' lang='lat' dir='ltr'><strong>non</strong></span> <span class='ocrx_word' id='word_1_207' title='bbox 636 3089 722 3145; x_wconf 90' lang='lat' dir='ltr'><strong>metu</strong></span> <span class='ocrx_word' id='word_1_208' title='bbox 736 3088 884 3165; x_wconf 85' lang='lat' dir='ltr'><strong>urgeatur</strong></span> <span class='ocrx_word' id='word_1_209' title='bbox 898 3080 938 3145; x_wconf 89' lang='lat' dir='ltr'><strong>ad</strong></span> <span class='ocrx_word' id='word_1_210' title='bbox 953 3079 1139 3164; x_wconf 81' lang='lat' dir='ltr'><strong>eligendum,</strong></span> <span class='ocrx_word' id='word_1_211' title='bbox 1161 3079 1214 3144; x_wconf 90' lang='lat' dir='ltr'><strong>sed</strong></span> <span class='ocrx_word' id='word_1_212' title='bbox 1229 3080 1336 3145; x_wconf 85' lang='lat' dir='ltr'><strong>fraude</strong></span> <span class='ocrx_word' id='word_1_213' title='bbox 1350 3104 1385 3145; x_wconf 87' lang='lat' dir='ltr'><strong>ac</strong></span> 
     </span>
     <span class='ocr_line' id='line_1_26' title="bbox 276 3190 1384 3277; baseline 0 -21"><span class='ocrx_word' id='word_1_214' title='bbox 276 3192 442 3257; x_wconf 78' lang='lat' dir='ltr'><strong>mendaciis</strong></span> <span class='ocrx_word' id='word_1_215' title='bbox 457 3191 624 3277; x_wconf 90' lang='lat' dir='ltr'><strong>decipiatur</strong></span> <span class='ocrx_word' id='word_1_216' title='bbox 638 3192 717 3256; x_wconf 90' lang='lat' dir='ltr'><strong>circa</strong></span> <span class='ocrx_word' id='word_1_217' title='bbox 738 3190 929 3255; x_wconf 88' lang='lat' dir='ltr'><strong>conditiones</strong></span> <span class='ocrx_word' id='word_1_218' title='bbox 951 3192 1087 3255; x_wconf 86' lang='lat' dir='ltr'><strong>materiae</strong></span> <span class='ocrx_word' id='word_1_219' title='bbox 1108 3191 1263 3277; x_wconf 79' lang='lat' dir='ltr'><strong>eligibilis,</strong></span> <span class='ocrx_word' id='word_1_220' title='bbox 1279 3201 1332 3256; x_wconf 89' lang='lat' dir='ltr'><strong>aut</strong></span> <span class='ocrx_word' id='word_1_221' title='bbox 1347 3215 1384 3257; x_wconf 85' lang='lat' dir='ltr'><strong>ex</strong></span> 
     </span>
     <span class='ocr_line' id='line_1_27' title="bbox 275 3302 1384 3390; baseline 0.001 -23"><span class='ocrx_word' id='word_1_222' title='bbox 275 3306 398 3390; x_wconf 88' lang='lat' dir='ltr'><strong>propria</strong></span> <span class='ocrx_word' id='word_1_223' title='bbox 412 3304 619 3368; x_wconf 84' lang='lat' dir='ltr'><strong>imbecillitate</strong></span> <span class='ocrx_word' id='word_1_224' title='bbox 630 3303 709 3368; x_wconf 90' lang='lat' dir='ltr'><strong>circa</strong></span> <span class='ocrx_word' id='word_1_225' title='bbox 724 3304 844 3368; x_wconf 89' lang='lat' dir='ltr'><strong>easdem</strong></span> <span class='ocrx_word' id='word_1_226' title='bbox 854 3312 933 3370; x_wconf 84' lang='lat' dir='ltr'><strong>erret</strong></span> <span class='ocrx_word' id='word_1_227' title='bbox 944 3302 1169 3382; x_wconf 87' lang='lat' dir='ltr'><strong>invincibiliter,</strong></span> <span class='ocrx_word' id='word_1_228' title='bbox 1181 3326 1244 3368; x_wconf 91' lang='lat' dir='ltr'><strong>non</strong></span> <span class='ocrx_word' id='word_1_229' title='bbox 1256 3304 1384 3368; x_wconf 89' lang='lat' dir='ltr'><strong>tolletur</strong></span> 
     </span>
     <span class='ocr_line' id='line_1_28' title="bbox 276 3414 1384 3502; baseline 0 -23"><span class='ocrx_word' id='word_1_230' title='bbox 276 3416 481 3495; x_wconf 85' lang='lat' dir='ltr'><strong>materialiter,</strong></span> <span class='ocrx_word' id='word_1_231' title='bbox 496 3438 553 3479; x_wconf 90' lang='lat' dir='ltr'><strong>nec</strong></span> <span class='ocrx_word' id='word_1_232' title='bbox 573 3414 742 3482; x_wconf 82' lang='lat' dir='ltr'><strong>formaliter</strong></span> <span class='ocrx_word' id='word_1_233' title='bbox 761 3414 887 3479; x_wconf 87' lang='lat' dir='ltr'><strong>libertas</strong></span> <span class='ocrx_word' id='word_1_234' title='bbox 907 3423 1004 3494; x_wconf 90' lang='lat' dir='ltr'><strong>actus,</strong></span> <span class='ocrx_word' id='word_1_235' title='bbox 1026 3414 1060 3478; x_wconf 92' lang='lat' dir='ltr'><strong>in</strong></span> <span class='ocrx_word' id='word_1_236' title='bbox 1083 3424 1235 3500; x_wconf 86' lang='lat' dir='ltr'><strong>quantum</strong></span> <span class='ocrx_word' id='word_1_237' title='bbox 1257 3415 1384 3502; x_wconf 89' lang='lat' dir='ltr'><strong>physice</strong></span> 
     </span>
     <span class='ocr_line' id='line_1_29' title="bbox 275 3525 1383 3613; baseline -0.001 -21"><span class='ocrx_word' id='word_1_238' title='bbox 275 3527 412 3613; x_wconf 86' lang='lat' dir='ltr'><strong>procedit</strong></span> <span class='ocrx_word' id='word_1_239' title='bbox 426 3525 465 3590; x_wconf 92' lang='lat' dir='ltr'><strong>ab</strong></span> <span class='ocrx_word' id='word_1_240' title='bbox 480 3535 606 3609; x_wconf 79' lang='lat' dir='ltr'><strong>agente:</strong></span> <span class='ocrx_word' id='word_1_241' title='bbox 630 3525 684 3590; x_wconf 89' lang='lat' dir='ltr'><strong>sed</strong></span> <span class='ocrx_word' id='word_1_242' title='bbox 703 3526 829 3590; x_wconf 92' lang='lat' dir='ltr'><strong>tolletur</strong></span> <span class='ocrx_word' id='word_1_243' title='bbox 850 3525 975 3590; x_wconf 90' lang='lat' dir='ltr'><strong>libertas</strong></span> <span class='ocrx_word' id='word_1_244' title='bbox 993 3526 1148 3591; x_wconf 87' lang='lat' dir='ltr'><strong>moraliter</strong></span> <span class='ocrx_word' id='word_1_245' title='bbox 1162 3550 1217 3591; x_wconf 90' lang='lat' dir='ltr'><strong>scu</strong></span> <span class='ocrx_word' id='word_1_246' title='bbox 1231 3527 1263 3591; x_wconf 89' lang='lat' dir='ltr'><strong>in</strong></span> <span class='ocrx_word' id='word_1_247' title='bbox 1284 3528 1383 3613; x_wconf 89' lang='lat' dir='ltr'><strong>specie</strong></span> 
     </span>
     <span class='ocr_line' id='line_1_30' title="bbox 275 3636 1382 3722; baseline 0 -20"><span class='ocrx_word' id='word_1_248' title='bbox 275 3638 378 3715; x_wconf 88' lang='lat' dir='ltr'><strong>moris,</strong></span> <span class='ocrx_word' id='word_1_249' title='bbox 394 3637 427 3702; x_wconf 83' lang='lat' dir='ltr'><strong>id</strong></span> <span class='ocrx_word' id='word_1_250' title='bbox 441 3645 489 3701; x_wconf 91' lang='lat' dir='ltr'><strong>est</strong></span> <span class='ocrx_word' id='word_1_251' title='bbox 502 3636 669 3700; x_wconf 87' lang='lat' dir='ltr'><strong>formalitas</strong></span> <span class='ocrx_word' id='word_1_252' title='bbox 684 3636 809 3701; x_wconf 86' lang='lat' dir='ltr'><strong>relativa</strong></span> <span class='ocrx_word' id='word_1_253' title='bbox 825 3636 864 3701; x_wconf 89' lang='lat' dir='ltr'><strong>ad</strong></span> <span class='ocrx_word' id='word_1_254' title='bbox 879 3659 988 3716; x_wconf 88' lang='lat' dir='ltr'><strong>mores,</strong></span> <span class='ocrx_word' id='word_1_255' title='bbox 1001 3660 1069 3722; x_wconf 85' lang='lat' dir='ltr'><strong>quae</strong></span> <span class='ocrx_word' id='word_1_256' title='bbox 1083 3637 1211 3702; x_wconf 88' lang='lat' dir='ltr'><strong>resultat</strong></span> <span class='ocrx_word' id='word_1_257' title='bbox 1228 3660 1263 3701; x_wconf 87' lang='lat' dir='ltr'><strong>ex</strong></span> <span class='ocrx_word' id='word_1_258' title='bbox 1278 3639 1382 3702; x_wconf 89' lang='lat' dir='ltr'><strong>termi-</strong></span> 
     </span>
     <span class='ocr_line' id='line_1_31' title="bbox 274 3745 1382 3816; baseline 0.001 -2"><span class='ocrx_word' id='word_1_259' title='bbox 274 3750 399 3815; x_wconf 92' lang='lat' dir='ltr'><strong>natione</strong></span> <span class='ocrx_word' id='word_1_260' title='bbox 422 3770 587 3812; x_wconf 88' lang='lat' dir='ltr'><strong>consensus</strong></span> <span class='ocrx_word' id='word_1_261' title='bbox 612 3748 652 3812; x_wconf 90' lang='lat' dir='ltr'><strong>ad</strong></span> <span class='ocrx_word' id='word_1_262' title='bbox 674 3747 768 3813; x_wconf 88' lang='lat' dir='ltr'><strong>talem</strong></span> <span class='ocrx_word' id='word_1_263' title='bbox 791 3748 962 3816; x_wconf 89' lang='lat' dir='ltr'><strong>materiam.</strong></span> <span class='ocrx_word' id='word_1_264' title='bbox 1013 3745 1086 3813; x_wconf 93' lang='lat' dir='ltr'><strong>Non</strong></span> <span class='ocrx_word' id='word_1_265' title='bbox 1112 3748 1233 3813; x_wconf 90' lang='lat' dir='ltr'><strong>tollitur</strong></span> <span class='ocrx_word' id='word_1_266' title='bbox 1258 3749 1382 3816; x_wconf 86' lang='lat' dir='ltr'><strong>libertas</strong></span> 
     </span>
     <span class='ocr_line' id='line_1_32' title="bbox 274 3859 1382 3947; baseline 0 -21"><span class='ocrx_word' id='word_1_267' title='bbox 274 3862 474 3939; x_wconf 68' lang='lat' dir='ltr'><strong>materialiter,</strong></span> <span class='ocrx_word' id='word_1_268' title='bbox 499 3860 571 3946; x_wconf 91' lang='lat' dir='ltr'><strong>quia</strong></span> <span class='ocrx_word' id='word_1_269' title='bbox 595 3859 736 3924; x_wconf 87' lang='lat' dir='ltr'><strong>voluntas</strong></span> <span class='ocrx_word' id='word_1_270' title='bbox 759 3869 911 3947; x_wconf 84' lang='lat' dir='ltr'><strong>praeparat</strong></span> <span class='ocrx_word' id='word_1_271' title='bbox 930 3872 1022 3946; x_wconf 89' lang='lat' dir='ltr'><strong>prout</strong></span> <span class='ocrx_word' id='word_1_272' title='bbox 1046 3860 1112 3925; x_wconf 83' lang='lat' dir='ltr'><strong>vult</strong></span> <span class='ocrx_word' id='word_1_273' title='bbox 1136 3862 1295 3929; x_wconf 88' lang='lat' dir='ltr'><strong>materiam</strong></span> <span class='ocrx_word' id='word_1_274' title='bbox 1319 3886 1382 3927; x_wconf 85' lang='lat' dir='ltr'><strong>suae</strong></span> 
     </span>
     <span class='ocr_line' id='line_1_33' title="bbox 273 3973 1382 4059; baseline -0.002 -20"><span class='ocrx_word' id='word_1_275' title='bbox 273 3973 447 4039; x_wconf 84' lang='lat' dir='ltr'><strong>electionis:</strong></span> <span class='ocrx_word' id='word_1_276' title='bbox 477 3994 534 4037; x_wconf 90' lang='lat' dir='ltr'><strong>nec</strong></span> <span class='ocrx_word' id='word_1_277' title='bbox 547 3973 727 4058; x_wconf 79' lang='lat' dir='ltr'><strong>formaliter,</strong></span> <span class='ocrx_word' id='word_1_278' title='bbox 750 3973 822 4058; x_wconf 93' lang='lat' dir='ltr'><strong>quia</strong></span> <span class='ocrx_word' id='word_1_279' title='bbox 841 3974 969 4058; x_wconf 87' lang='lat' dir='ltr'><strong>quiescit</strong></span> <span class='ocrx_word' id='word_1_280' title='bbox 991 3975 1024 4037; x_wconf 91' lang='lat' dir='ltr'><strong>in</strong></span> <span class='ocrx_word' id='word_1_281' title='bbox 1047 3983 1118 4039; x_wconf 87' lang='lat' dir='ltr'><strong>actu</strong></span> <span class='ocrx_word' id='word_1_282' title='bbox 1139 3974 1173 4037; x_wconf 91' lang='lat' dir='ltr'><strong>in</strong></span> <span class='ocrx_word' id='word_1_283' title='bbox 1196 3996 1257 4059; x_wconf 89' lang='lat' dir='ltr'><strong>quo</strong></span> <span class='ocrx_word' id='word_1_284' title='bbox 1279 3984 1382 4059; x_wconf 87' lang='lat' dir='ltr'><strong>posset</strong></span> 
     </span>
     <span class='ocr_line' id='line_1_34' title="bbox 274 4080 1382 4171; baseline 0.003 -22"><span class='ocrx_word' id='word_1_285' title='bbox 274 4108 337 4150; x_wconf 90' lang='lat' dir='ltr'><strong>non</strong></span> <span class='ocrx_word' id='word_1_286' title='bbox 353 4084 524 4170; x_wconf 88' lang='lat' dir='ltr'><strong>quiescere:</strong></span> <span class='ocrx_word' id='word_1_287' title='bbox 547 4084 602 4149; x_wconf 90' lang='lat' dir='ltr'><strong>sed</strong></span> <span class='ocrx_word' id='word_1_288' title='bbox 615 4084 735 4150; x_wconf 89' lang='lat' dir='ltr'><strong>tollitur</strong></span> <span class='ocrx_word' id='word_1_289' title='bbox 756 4086 917 4165; x_wconf 86' lang='lat' dir='ltr'><strong>moraliter,</strong></span> <span class='ocrx_word' id='word_1_290' title='bbox 940 4080 1012 4171; x_wconf 89' lang='lat' dir='ltr'><strong>quia</strong></span> <span class='ocrx_word' id='word_1_291' title='bbox 1032 4108 1199 4150; x_wconf 83' lang='lat' dir='ltr'><strong>consensus</strong></span> <span class='ocrx_word' id='word_1_292' title='bbox 1214 4085 1382 4153; x_wconf 84' lang='lat' dir='ltr'><strong>voluntatis</strong></span> 
     </span>
     <span class='ocr_line' id='line_1_35' title="bbox 274 4196 1380 4283; baseline -0.001 -21"><span class='ocrx_word' id='word_1_293' title='bbox 274 4206 320 4262; x_wconf 90' lang='lat' dir='ltr'><strong>est</strong></span> <span class='ocrx_word' id='word_1_294' title='bbox 342 4197 512 4262; x_wconf 88' lang='lat' dir='ltr'><strong>virtualiter</strong></span> <span class='ocrx_word' id='word_1_295' title='bbox 529 4196 756 4283; x_wconf 88' lang='lat' dir='ltr'><strong>hypotheticus,</strong></span> <span class='ocrx_word' id='word_1_296' title='bbox 779 4196 812 4261; x_wconf 91' lang='lat' dir='ltr'><strong>id</strong></span> <span class='ocrx_word' id='word_1_297' title='bbox 827 4205 873 4261; x_wconf 88' lang='lat' dir='ltr'><strong>est</strong></span> <span class='ocrx_word' id='word_1_298' title='bbox 885 4197 1036 4281; x_wconf 55' lang='lat' dir='ltr'><strong>⁴supponit</strong></span> <span class='ocrx_word' id='word_1_299' title='bbox 1051 4197 1205 4262; x_wconf 88' lang='lat' dir='ltr'><strong>obiectum</strong></span> <span class='ocrx_word' id='word_1_300' title='bbox 1221 4220 1286 4260; x_wconf 88' lang='lat' dir='ltr'><strong>csse</strong></span> <span class='ocrx_word' id='word_1_301' title='bbox 1301 4196 1380 4261; x_wconf 87' lang='lat' dir='ltr'><strong>sicut</strong></span> 
     </span>
     <span class='ocr_line' id='line_1_36' title="bbox 272 4307 1379 4395; baseline 0 -22"><span class='ocrx_word' id='word_1_302' title='bbox 272 4309 527 4395; x_wconf 86' lang='lat' dir='ltr'><strong>apprehenditur:</strong></span> <span class='ocrx_word' id='word_1_303' title='bbox 551 4317 592 4388; x_wconf 91' lang='lat' dir='ltr'><strong>et,</strong></span> <span class='ocrx_word' id='word_1_304' title='bbox 608 4317 708 4372; x_wconf 85' lang='lat' dir='ltr'><strong>stante</strong></span> <span class='ocrx_word' id='word_1_305' title='bbox 724 4331 833 4387; x_wconf 85' lang='lat' dir='ltr'><strong>errore,</strong></span> <span class='ocrx_word' id='word_1_306' title='bbox 849 4308 930 4373; x_wconf 84' lang='lat' dir='ltr'><strong>cadit</strong></span> <span class='ocrx_word' id='word_1_307' title='bbox 945 4309 978 4372; x_wconf 91' lang='lat' dir='ltr'><strong>in</strong></span> <span class='ocrx_word' id='word_1_308' title='bbox 993 4308 1156 4387; x_wconf 88' lang='lat' dir='ltr'><strong>obiectum,</strong></span> <span class='ocrx_word' id='word_1_309' title='bbox 1169 4310 1201 4372; x_wconf 89' lang='lat' dir='ltr'><strong>in</strong></span> <span class='ocrx_word' id='word_1_310' title='bbox 1218 4307 1300 4393; x_wconf 90' lang='lat' dir='ltr'><strong>quod</strong></span> <span class='ocrx_word' id='word_1_311' title='bbox 1317 4330 1379 4373; x_wconf 90' lang='lat' dir='ltr'><strong>non</strong></span> 
     </span>
    </p>
   </div>
   <div class='ocr_carea' id='block_1_4' title="bbox 0 0 1604 4975">
    <p class='ocr_par' dir='ltr' id='par_1_6' title="bbox 0 0 1604 4975">
     <span class='ocr_line' id='line_1_37' title="bbox 0 0 1604 4975; baseline 0 3"><span class='ocrx_word' id='word_1_312' title='bbox 0 0 1604 4975; x_wconf 95' lang='lat' dir='ltr'><strong> </strong></span> 
     </span>
    </p>
   </div>
  </div>
 </body>
</html>
