3200 4975
226 356 299 399 car.
316 336 355 419 1.]
395 376 398 382 -
617 357 660 399 nn
677 356 932 400 accrnsurrans.
1265 332 1329 401 307

222 550 299 613 pure
322 528 481 613 spirituale
508 551 564 593 nec
591 551 667 613 pure
693 529 859 609 materiale,
884 530 937 593 sed
962 551 998 592 ex
1027 538 1156 613 utroque
1186 528 1326 606 mixtum,

221 648 329 724 estque
356 640 408 705 ille
436 640 587 705 terminus
613 641 827 725 cognoscibilis
856 642 895 706 ad
924 663 1016 726 quem
1042 641 1212 709 attenditur
1235 661 1327 704 sensu

222 750 314 815 simul
334 760 366 816 et
387 751 546 817 intellectu
569 752 602 816 in
624 774 661 817 eo
682 761 762 831 actu,
778 774 841 836 quo
863 752 956 816 homo
977 752 1194 817 invariabiliter
1216 752 1273 816 scit
1295 772 1327 815 se

220 884 295 927 ease.
340 862 455 926 Utrum
476 885 546 927 vero
573 863 613 926 sit
632 863 666 926 in
687 863 811 927 homine
834 863 925 927 etiam
951 866 1001 927 ube
1024 864 1224 928 intrinsecum
1251 884 1327 947 pure

221 974 425 1039 intellectuale
448 997 510 1039 non
536 984 640 1059 patet3
663 976 784 1039 videtur
806 986 910 1039 tamen
933 974 1121 1059 negandum,
1148 976 1220 1059 quia
1242 974 1328 1038 nulla

221 1084 425 1157 videturesse
450 1085 484 1149 in
505 1086 631 1149 homine
650 1086 786 1170 operatio
809 1086 854 1150 ita
875 1086 1039 1151 terminata
1061 1085 1100 1150 ad
1123 1084 1326 1169 intelligibile,

220 1222 289 1283 quae
298 1222 362 1263 non
378 1199 471 1263 simul
485 1199 628 1283 attingat,
645 1200 752 1264 saltem
768 1200 925 1279 indirecte,
941 1198 1064 1285 aliquod
1079 1198 1230 1277 sensibile,
1246 1206 1283 1262 ut
1293 1198 1326 1261 in

219 1318 352 1375 tractatu
367 1311 406 1375 de
419 1311 545 1375 homine
560 1312 733 1395 expositum
746 1310 843 1376 fuit*.

262 1421 366 1485 Tertio
375 1422 509 1501 demum,
519 1420 703 1505 conspiratio
712 1424 822 1485 animae
830 1430 861 1486 et
870 1422 1005 1507 corporis
1014 1422 1052 1486 ad
1064 1420 1324 1486 coinexistendum

219 1533 252 1596 in
268 1535 382 1617 quando
393 1533 617 1597 informationis
626 1544 660 1597 et
668 1533 701 1597 in
715 1536 767 1598 ubi
775 1534 910 1619 corporis
921 1534 1076 1598 informati
1092 1534 1165 1598 dicit
1177 1534 1325 1597 rationem

218 1645 377 1709 formalem
392 1644 519 1709 unitatis
534 1654 652 1709 natura
665 1668 727 1730 qua
748 1667 830 1709 nnrrs
845 1655 891 1710 est
906 1646 1009 1710 homo.
1055 1646 1137 1708 Nam
1154 1645 1257 1708 anima
1271 1666 1326 1729 per

219 1756 465 1821 informationem
485 1756 538 1821 dat
563 1756 682 1841 corpori
706 1757 805 1821 vivere
825 1765 856 1821 et
879 1766 1101 1841 consequenter
1120 1744 1326 1820 communicat

218 1866 264 1931 illi
275 1889 366 1932 suum
381 1869 496 1952 quando
507 1867 750 1931 informationis:
775 1867 915 1931 similiter
926 1890 1036 1952 eorpus
1051 1867 1183 1952 complet
1193 1866 1325 1931 animam

154 2029 157 2033 .
219 1977 253 2040 in
266 2000 333 2041 esse
347 1978 516 2057 sentientis,
531 1988 563 2042 et
577 1978 782 2043 communicat
804 1978 850 2042 illi
864 2000 920 2042 sua
934 1982 984 2043 ubi
998 1978 1114 2058 localia,
1130 1979 1244 2043 faciens
1259 1998 1325 2041 eam

219 2109 285 2151 esse
299 2088 469 2152 virtualiter
490 2088 523 2151 in
541 2087 650 2153 iisdem
664 2091 733 2153 ubi:
755 2112 851 2174 quare
865 2089 945 2153 idem
967 2090 1081 2173 wando
1104 2098 1135 2153 et
1149 2088 1254 2153 eadem
1276 2090 1327 2151 ubi

219 2200 342 2285 utrique
350 2200 544 2280 conveniunt,
557 2200 626 2265 licet
635 2202 686 2264 ubi
696 2200 790 2264 locale
800 2220 865 2264 non
877 2200 917 2264 sit
928 2200 1043 2284 aliquid
1056 2200 1165 2263 animae
1175 2207 1211 2263 ut
1223 2198 1266 2263 sic
1269 2225 1279 2277 3
1294 2207 1325 2263 et

219 2313 335 2395 quando
344 2312 567 2376 informationis
578 2334 641 2376 non
653 2313 695 2375 sit
706 2311 822 2398 aliquid
833 2312 967 2397 corporis
975 2324 1011 2375 ut
1026 2311 1078 2389 sic,
1095 2312 1148 2375 scd
1159 2319 1326 2395 utrumque

218 2423 359 2489 convenit
370 2424 501 2509 utrique,
511 2435 547 2488 ut
559 2434 632 2488 sunt
643 2446 742 2489 unum
754 2425 959 2509 compositum
970 2424 1109 2490 naturale
1121 2422 1324 2488 individuum.

260 2539 312 2602 22.
336 2537 447 2621 Itaque
459 2537 493 2599 in
515 2535 639 2600 homine
652 2536 802 2600 habemus
820 2545 883 2600 tres
897 2536 966 2600 illos
988 2537 1135 2600 terminos
1149 2535 1325 2599 essentiales

218 2647 369 2726 relativos,
385 2671 462 2733 quos
477 2630 553 2711 ιηιό
563 2648 705 2728 diximus,
720 2649 821 2713 tribus
844 2647 1111 2712 terminationibus
1125 2648 1323 2712 terminatos:

220 2760 254 2820 1⁰
268 2759 401 2822 animam
415 2769 452 2822 nt
467 2769 538 2822 actu
558 2758 682 2823 dantem
697 2759 795 2823 vivere
810 2760 930 2844 corpori
948 2759 1101 2843 organico,
1117 2759 1204 2822 cuius
1219 2759 1323 2822 termi-

217 2870 301 2933 natio
323 2879 372 2933 est
394 2871 508 2953 quando
531 2870 775 2934 informationis:
799 2875 834 2936 2⁰
858 2893 968 2956 corpus
995 2870 1173 2955 organicum
1194 2879 1231 2934 ut
1251 2879 1323 2934 actu

218 2981 322 3045 vivens
344 3004 398 3066 per
423 2982 567 3060 animam,
591 2983 678 3046 cuins
700 2982 875 3046 terminatio
898 2990 944 3044 est
970 2982 1021 3044 ubi
1042 2980 1203 3064 multiplex
1222 2961 1323 3044 ¹mate·

219 3092 342 3171 rialiter,
352 3116 450 3156 unum
466 3101 570 3156 tamen
585 3092 760 3171 formaliter,
773 3103 809 3156 ut
825 3105 871 3155 est
881 3091 1009 3156 relatum
1026 3092 1065 3154 ad
1080 3115 1174 3155 unam
1189 3091 1323 3155 animam
1349 3103 1351 3107 '

218 3203 434 3267 informantem
458 3226 519 3266 uno
546 3214 616 3268 actu
642 3212 743 3266 totum
767 3223 877 3287 corpus
900 3202 932 3265 in
955 3203 1097 3266 omnibus
1117 3204 1167 3265 chi
1190 3203 1323 3266 materiae

218 3314 406 3378 informatae:
429 3318 464 3378 3⁰
479 3315 630 3379 unitatem
652 3322 770 3378 natiuae
790 3315 946 3378 exanima
964 3324 994 3377 et
1010 3336 1132 3398 corpore
1151 3314 1325 3397 compositae

219 3426 417 3490 resultantem
429 3448 466 3490 ex
479 3425 704 3510 conspiratione
714 3426 875 3510 utriusque
887 3425 926 3488 ad
941 3424 1200 3488 coinexistendum
1214 3448 1323 3490 secun-

218 3537 291 3602 dum
314 3539 430 3622 mado
452 3538 678 3601 informationis
700 3545 731 3599 et
752 3539 803 3600 ubi
825 3535 958 3598 materiae
980 3535 1159 3599 informatae.
1204 3536 1253 3599 De
1275 3535 1323 3598 his

215 3650 315 3713 tribus
345 3649 495 3735 quidquid
530 3648 704 3727 dixerimus,
736 3634 867 3712 dicimus
896 3647 1071 3710 bominem:
1107 3647 1159 3711 sed
1190 3647 1322 3731 primum

217 3760 338 3825 exhibet
354 3761 508 3824 hominem
525 3759 583 3823 sub
598 3771 748 3844 conceptu
767 3758 900 3836 formali,
916 3758 1085 3822 secundum
1101 3756 1159 3821 sub
1175 3766 1323 3841 conceptu

218 3871 375 3949 materiali,
391 3872 517 3935 tertium
538 3872 595 3935 sub
613 3881 764 3954 conceptu
784 3869 975 3947 individuali,
994 3879 1028 3931 ut
1051 3869 1111 3932 iam
1130 3869 1323 3933 monuimus:

253 4058 266 4085 *
285 4056 348 4110 Non
366 4060 408 4108 cst
423 4073 471 4109 cur
488 4055 521 4109 de
542 4054 630 4108 brutis
647 4053 799 4126 specialiter
816 4055 967 4124 loquamur,
985 4070 1070 4124 quum
1091 4053 1120 4106 in
1139 4052 1264 4106 omnibus
1281 4053 1325 4106 his

216 4142 366 4211 imitentur,
374 4142 440 4196 licet
450 4141 480 4195 in
493 4141 599 4196 diverso
612 4141 704 4212 gradu,
718 4158 750 4194 ea
761 4157 822 4212 quae
835 4140 865 4192 in
876 4139 1032 4193 hominibus
1044 4138 1198 4194 invenimus
1209 4159 1215 4192 ι
1234 4132 1327 4193 habita'

216 4245 280 4282 vcro
297 4228 380 4282 huius
398 4226 564 4283 diversitatis
583 4227 695 4294 ratione,
713 4226 843 4299 applicari
861 4231 990 4298 poterunt
1007 4225 1094 4280 brutis
1112 4225 1195 4278 etiam
1214 4242 1274 4296 quae
1293 4226 1327 4280 de

217 4315 356 4391 spiritibus
364 4315 441 4371 dicta
453 4320 518 4371 sunt
530 4332 556 4368 n.
568 4315 626 4368 n..
655 4363 659 4368 .
679 4350 683 4354 -
701 4361 704 4366 .
729 4362 742 4367 1,

1088 4361 1326 4470 32⁵⁵
