3200 4975
277 347 343 411 226
733 367 777 412 aa
794 366 941 411 norrrur.
1238 344 1326 431 [car.
1343 364 1382 407 rr.

278 533 392 599 remla
406 543 437 599 ct
452 531 608 599 inlinitum
624 531 852 619 poasidcudnm.
900 531 983 596 Hinc
997 547 1090 595 omne
1111 528 1229 596 bonum
1249 529 1382 605 finitum,

277 647 474 730 quartumvir
502 645 553 710 hic
581 653 614 709 ct
642 661 726 709 nnuc
749 642 915 729 appetibile
938 641 978 707 oh
1000 642 1149 708 rationem
1173 641 1248 706 boui
1269 641 1383 707 iudicio

278 757 412 840 practico
436 757 634 841 propositam,
660 754 753 819 habet
776 763 880 819 tamen
907 754 941 819 in
967 776 1023 818 aua
1048 753 1212 818 finitudine
1233 753 1382 818 rationem

277 867 436 932 cuiusdam
448 867 530 946 mali,
540 867 573 931 in
582 875 733 952 quantum
742 868 846 947 homo,
858 865 951 932 etiam
962 873 1033 951 poet
1044 865 1193 932 iudicium
1204 867 1382 951 practicam,

277 979 446 1062 cognoscit,
460 1001 494 1042 ae
508 978 586 1043 illud
602 978 787 1063 possidendo
808 999 872 1042 non
889 977 1069 1043 habitururn
1090 999 1151 1062 quo
1172 979 1300 1042 satietur
1317 977 1382 1040 eiua

279 1089 445 1174 appetitus.
490 1090 596 1154 Poteat
624 1110 698 1174 ergo
727 1088 806 1153 illud
834 1111 985 1174 respuere,
1014 1111 1078 1153 non
1107 1087 1230 1174 quidem
1261 1088 1319 1152 rub
1348 1110 1383 1152 ea

277 1202 396 1267 ratione
422 1200 480 1266 auh
504 1224 565 1286 qua
584 1200 768 1286 proponitur
785 1223 839 1286 per·
859 1200 1007 1265 iudicium
1032 1200 1211 1286 practicam,
1227 1199 1281 1265 sed
1301 1200 1381 1265 indi-

278 1321 369 1393 recte,
384 1311 571 1377 attendendo
584 1311 625 1376 ad
639 1313 787 1376 rationem
803 1310 1034 1390 insufficientia,
1051 1333 1143 1396 quam
1159 1311 1224 1375 aine
1234 1311 1382 1376 ullanora

277 1424 520 1490 consideratione
539 1424 668 1510 percipit
686 1424 719 1488 in
736 1423 857 1489 obiecto
875 1425 919 1488 ric
936 1432 1129 1509 praeaentato.
1173 1423 1221 1487 Ex
1237 1423 1381 1488 alicuem

278 1545 364 1623 parte
378 1536 526 1602 iudicium
540 1536 707 1622 practicam
722 1557 786 1600 non
800 1536 945 1620 proponit
961 1535 1114 1600 obiectum
1130 1545 1165 1599 ιιι
1179 1535 1230 1600 hic
1244 1545 1276 1600 et
1297 1558 1381 1618 nunc

277 1649 445 1713 necessario
467 1647 642 1725 volendum,
669 1645 724 1711 aed
752 1655 788 1711 ut
814 1646 953 1726 rolibile3
987 1669 1090 1732 quare,
1114 1647 1205 1710 etiarn
1229 1648 1260 1712 vi
1284 1647 1380 1732 ipsine

277 1759 382 1824 iudicii
404 1759 529 1845 practici
545 1758 636 1823 dehet
651 1758 792 1822 voluntas
814 1777 937 1823 manere
958 1780 1030 1823 cum
1052 1766 1203 1843 potestate
1225 1758 1265 1823 ad
1286 1781 1380 1845 oppo-

277 1873 382 1937 nitum.
428 1872 461 1936 Si
475 1893 559 1957 ergo,
575 1871 650 1935 dum
664 1871 819 1955 experitur
833 1880 954 1935 motum
968 1870 1138 1935 naturalem
1154 1871 1380 1957 complacentia

276 1994 381 2050 ortum
403 2005 439 2049 ex
456 1984 568 2049 iudicio
585 1983 728 2069 practico,
744 1982 818 2048 sinit
837 1982 931 2048 homo
948 1982 1041 2048 talem
1056 1992 1175 2047 motum
1190 1983 1308 2064 durare,
1324 2003 1380 2049 nec

278 2116 348 2162 eum
364 2094 551 2160 attendendo
565 2094 605 2159 ad
619 2093 815 2159 finitudinem
830 2093 904 2158 boni
919 2095 1066 2180 propositi
1080 2095 1160 2180 (quae
1173 2104 1292 2160 motum
1305 2081 1380 2161 'con-

275 2207 405 2272 trarium
419 2207 545 2292 gignere
558 2209 631 2292 apta
644 2207 702 2290 eat)
728 2207 898 2290 exunguat,
914 2206 968 2270 aed
983 2216 1104 2270 maneat
1118 2229 1189 2271 cum
1207 2207 1378 2288 reflexione,

275 2341 332 2384 reu
345 2306 543 2398 advertentia,
559 2318 592 2382 in
612 2341 647 2382 ea
664 2319 883 2403 complacentia
905 2318 948 2403 (et
968 2317 1066 2383 multo
1086 2319 1229 2404 maginni
1250 2320 1380 2404 positive

274 2431 401 2517 replicet
421 2438 525 2496 actum
539 2429 753 2514 ¹adhaesionis),
769 2437 855 2496 actus
877 2429 929 2496 illc
951 2430 1176 2517 complacentiae
1198 2432 1251 2498 liet
1273 2433 1380 2499 volun·

274 2542 381 2622 tarius,
396 2563 459 2606 non
474 2541 573 2606 nolum
588 2542 738 2629 negative,
754 2564 790 2605 eo
806 2541 898 2606 modo
912 2561 975 2627 quo
989 2541 1137 2607 tribuitur
1151 2552 1237 2608 actua
1253 2544 1309 2624 illi,
1325 2546 1380 2630 qui

273 2675 337 2719 non
358 2652 497 2739 impedit,
520 2673 617 2738 quum
637 2654 736 2738 posuit
757 2653 916 2739 impedire,
940 2653 1107 2719 sedetiam
1129 2657 1278 2741 positive3
1306 2657 1380 2742 quia

273 2764 411 2830 wtivitat
425 2764 591 2829 uoluntatis
608 2764 677 2827 iam‘
691 2764 820 2848 positive
840 2765 1024 2829 terminatur
1042 2764 1082 2829 ad
1097 2774 1216 2831 motum
1231 2789 1294 2832 ouae
1308 2790 1377 2853 paa-

272 2876 403 2941 civitatis
417 2898 472 2962 per
485 2884 588 2941 actum
603 2874 754 2941 directum
768 2875 1005 2960 complacentia,
1021 2876 1072 2940 cui
1088 2877 1116 2942 oi
1132 2886 1202 2962 post
1219 2877 1379 2944 adverten-

273 2989 348 3053 tiam
362 2988 549 3053 eontrarium
565 3010 628 3053 non
644 2987 783 3083 opprurit,
798 2986 852 3052 sed
866 2987 899 3051 in
914 3010 950 3053 eo
970 2998 1075 3052 manet
1094 2988 1234 3068 scienter,
1249 2990 1311 3054 iam
1330 3000 1377 3055 eat

272 3099 377 3167 volens
391 3108 462 3165 actu
475 3098 614 3185 positive.
659 3099 694 3163 Si
705 3089 775 3164 vieto
789 3099 865 3164 dum
881 3099 1035 3184 experitur
1048 3108 1168 3165 motum
1181 3100 1271 3165 illum
1286 3124 1377 3166 auum

272 3212 444 3279 naturalem
455 3210 691 3297 complacentia,
703 3210 818 3296 praebet
833 3210 1034 3275 attentionem
1048 3210 1206 3276 finitudini
1220 3220 1251 3276 et
1264 3211 1376 3297 imper-

272 3325 455 3392 fectionibua
472 3323 547 3388 boni
566 3345 665 3426 agno
685 3330 835 3403 movetur,
850 3330 882 3387 et
901 3344 957 3407 per
977 3322 1036 3387 hoc
1058 3323 1228 3388 contrarius
1246 3324 1377 3390 sentitur

272 3448 386 3517 motae,
402 3458 463 3522 quo
480 3430 678 3521 extinguatur
696 3443 798 3499 motna
818 3433 1047 3520 complacentia
1065 3434 1185 3520 prioris,
1200 3434 1327 3501 tolletur
1340 3459 1377 3501 eo

271 3552 340 3636 ipro
356 3548 485 3613 materia
502 3548 645 3632 proxima
658 3557 744 3611 actua
759 3545 874 3612 volitivi
896 3546 1016 3631 prioris,
1031 3554 1063 3611 et
1077 3546 1219 3612 voluntas
1240 3547 1377 3613 manebit

271 3663 306 3727 in
329 3683 386 3726 aua
408 3660 506 3725 activa
527 3658 816 3725 indeterminatione
840 3680 875 3723 aa
899 3667 1015 3743 parata¹
1030 3656 1070 3723 ad
1092 3677 1203 3724 novam
1222 3660 1376 3725 consulta·

271 3773 398 3852 tionem,
420 3790 482 3856 qua
503 3770 594 3836 aliam
616 3769 774 3835 materiam
794 3770 885 3835 liberi
905 3792 1072 3836 concensus
1095 3770 1287 3838 determinet.
1329 3775 1376 3838 4⁰.

272 3883 342 3948 Hoc
356 3883 459 3968 ipaum
473 3883 671 3947 confirmatur
684 3904 721 3945 ex
735 3902 772 3945 eo
786 3881 870 3967 quod
881 3882 1075 3947 consentiant
1085 3904 1192 3947 omnes
1202 3882 1378 3969 philosophi

269 4018 306 4061 ac
320 3992 456 4078 theologi
470 3992 609 4072 morales,
621 3992 872 4077 complacentiam
888 3991 926 4057 dc
940 4014 974 4057 re
988 3993 1070 4058 mala
1083 4015 1147 4058 non
1163 4016 1229 4059 ease
1243 3993 1376 4080 imputa·

269 4106 363 4173 bilem
378 4106 419 4171 ad
432 4105 554 4190 culpam
568 4105 629 4169 nisi
640 4103 745 4169 habita
758 4105 800 4170 ait
814 4128 879 4170 cum
898 4106 1101 4173 reverentia:
1125 4106 1210 4191 quod
1228 4115 1275 4172 eat
1294 4108 1376 4173 idern

270 4242 305 4285 ac
333 4218 430 4298 fateri,
456 4218 536 4283 hanc
565 4217 827 4303 complacentiam,
853 4226 890 4282 ut
914 4217 1093 4303 simpliciter
1117 4219 1316 4305 consequitur
1339 4240 1377 4285 ex

269 4330 381 4398 iudicio
404 4330 506 4415 aliquo
524 4330 668 4416 practico,
689 4328 830 4395 nondum
854 4328 965 4395 habere
991 4329 1024 4394 id
1047 4328 1130 4416 quod
1150 4331 1316 4418 requiritur
1336 4328 1376 4397 ad
