3200 4975
267 385 330 449 156
715 403 757 446 nn
775 401 923 446 nonina.
1240 380 1326 464 [car.
1345 402 1368 445 1.

265 563 419 654 possimis
441 591 616 654 comparare
633 569 696 632 luci
711 569 743 632 id
761 592 823 653 quo
839 569 1074 632 manifestantur
1095 568 1180 646 ideae,
1196 581 1227 631 et
1241 568 1369 633 calonico

264 682 298 746 id
320 704 381 766 quo
402 681 666 745 communicantur
690 680 816 744 affectus
841 681 925 763 (nam
948 679 1048 744 omnis
1070 701 1155 743 arnor
1176 688 1222 743 est
1244 679 1369 764 quidam

266 793 364 873 ardor,
380 802 411 857 et
426 792 551 857 affectus
567 801 640 856 sunt
656 804 814 876 tamquam
829 792 910 855 calor·
925 791 1024 855 vitalis
1040 791 1171 874 animae),
1188 815 1250 855 non
1266 802 1369 855 tamen

266 905 435 969 necessario
445 903 499 989 qui
508 904 713 967 communicat
722 926 809 967 suam
819 902 1034 986 cogitationem
1045 903 1218 966 manifestat
1227 903 1370 966 affectum

266 1039 304 1079 ex
323 1038 359 1079 ea
372 1015 405 1078 in
428 1038 460 1078 se
475 1014 569 1077 libere
588 1014 839 1098 provenientem,
862 1023 893 1076 et
908 1013 976 1077 ideo
995 1036 1058 1076 non
1075 1013 1193 1077 videtur
1214 1035 1302 1098 posse
1318 1036 1373 1097 per

268 1149 361 1191 unam
386 1127 555 1212 potentiam
576 1126 763 1209 specularem
784 1125 851 1189 fieri
869 1134 937 1187 tum
955 1124 1101 1205 idearum,
1117 1136 1184 1188 tum
1204 1125 1369 1189 affectuum

267 1239 583 1305 communicationem.
643 1236 717 1300 Dixi
742 1237 865 1320 affectus
894 1239 1017 1316 liberos,
1046 1259 1117 1300 nam
1142 1246 1244 1300 motus
1267 1237 1371 1319 primi,

268 1352 323 1437 qui
338 1360 447 1436 sponte
462 1359 633 1435 sequuntur
648 1371 684 1411 ex
706 1349 948 1433 apprehensione
962 1349 1061 1434 prima
1078 1348 1197 1427 obiecti,
1212 1371 1248 1412 ex
1262 1364 1371 1411 natura

268 1465 312 1528 rei
326 1463 591 1527 communicantur
602 1460 748 1545 implicite
761 1483 816 1545 per
830 1461 927 1546 ipsam
942 1460 1247 1524 communicationem
1263 1459 1371 1544 speciei

269 1576 427 1640 referentis
453 1574 512 1638 tale
536 1573 700 1650 obiectum,
727 1572 895 1636 dummodo
923 1572 988 1636 haec
1017 1571 1260 1636 communicetur
1284 1570 1373 1635 alteri

268 1689 426 1771 adaequate
444 1693 535 1771 prout
550 1695 597 1749 est
619 1685 652 1747 in
671 1684 925 1763 communicante,
940 1693 971 1747 et
987 1706 1048 1746 non
1068 1683 1235 1747 secundum
1255 1682 1373 1767 aliquid

268 1811 403 1864 tantum.

312 1914 366 1976 33.
391 1911 466 1974 Haec
490 1917 593 1973 tamen
619 1908 798 1994 hypothesis
822 1931 883 1972 non
909 1917 1010 1994 potest
1036 1916 1124 1972 stare.
1177 1908 1219 1972 Et
1249 1906 1372 1992 quidem

269 2024 356 2088 nulla
381 2037 428 2086 est
451 2022 615 2086 necessitas
639 2020 780 2085 secundae
804 2021 948 2104 potentiae
974 2021 1156 2106 specularis:
1182 2025 1215 2084 1⁰
1240 2021 1312 2104 quia
1339 2028 1375 2082 ut

270 2136 396 2219 spiritus
419 2133 541 2218 spiritui
564 2133 737 2196 manifestet
761 2155 832 2196 suos
855 2132 992 2211 affectus,
1007 2133 1099 2196 etiam
1121 2131 1241 2208 liberos,
1261 2131 1372 2194 sufficit

271 2259 306 2309 ut
332 2245 466 2308 reflectat
489 2245 523 2306 in
546 2266 616 2307 eum
644 2242 834 2328 spiritualem
859 2242 970 2321 lucem,
997 2266 1057 2327 qua
1086 2245 1151 2329 ipse
1177 2243 1258 2306 videt
1281 2265 1372 2305 suum

270 2371 386 2421 statum
406 2357 595 2420 affectivum:
619 2364 717 2419 status
738 2357 821 2419 enim
843 2356 1000 2419 effectivus
1021 2365 1069 2420 est
1091 2356 1242 2419 obiectum
1265 2355 1375 2418 intime

269 2492 403 2555 praesens
417 2467 597 2552 imprimens
606 2467 737 2551 speciem
753 2467 801 2531 sui
816 2467 849 2531 in
860 2467 1035 2552 passivitate
1044 2467 1234 2533 intellectus:
1259 2469 1285 2531 si
1300 2481 1373 2551 ergo

270 2581 443 2646 intellectus
457 2580 591 2644 reflectat
610 2579 709 2644 lucem
725 2579 762 2643 ab
785 2580 843 2643 hoc
858 2579 976 2643 obiecto
999 2580 1119 2643 interno
1132 2580 1373 2664 provenientem,

270 2694 383 2778 poterit
404 2693 597 2757 manifestare
617 2692 744 2755 affectus
762 2714 845 2755 suos.
889 2696 924 2756 2⁰
949 2691 1031 2767 Quia
1050 2694 1187 2777 potentia
1209 2691 1375 2776 specularis

270 2806 407 2870 affectiva
422 2826 483 2868 non
500 2813 600 2889 potest
610 2803 701 2887 dirigi
716 2802 755 2867 ad
769 2803 903 2887 aliquam
913 2804 1119 2888 passivitatem
1134 2804 1258 2867 alterius
1266 2828 1276 2881 3
1299 2825 1373 2887 ergo

270 2917 389 2983 inutilis
404 2927 471 2994 est3
493 2938 566 2999 ergo
575 2914 661 2978 nulla
675 2925 732 2977 est.
777 2915 852 2977 Non
861 2915 943 2979 enim
959 2915 1107 2999 dirigetur
1119 2915 1157 2978 ad
1165 2914 1374 2999 passivitatem

271 3030 438 3094 affectivam
459 3026 594 3104 alterius
610 3026 683 3110 quia
698 3025 824 3110 spiritus
839 3049 902 3089 non
918 3034 1056 3090 movetur
1070 3027 1104 3089 in
1119 3027 1231 3090 affectu
1245 3026 1304 3089 nisi
1318 3048 1372 3111 per

271 3143 495 3226 cognitionem:
519 3161 575 3202 nec
599 3139 749 3222 dirigetur
763 3139 803 3202 ad
826 3138 1034 3223 passivitatem
1057 3139 1123 3202 eius
1148 3138 1374 3217 intellectivam,

271 3256 343 3339 quia
368 3253 433 3317 haec
456 3262 503 3316 est
527 3250 679 3334 receptiva
703 3249 791 3329 lucis,
819 3271 882 3313 non
908 3250 1044 3314 affectus.
1088 3252 1134 3313 3⁰.
1158 3248 1239 3325 Quia
1262 3249 1288 3312 si
1314 3272 1375 3333 qua

272 3374 350 3429 esset
366 3365 502 3448 potentia
513 3362 671 3425 reflectens
680 3360 817 3440 affectus,
826 3384 862 3425 ea
872 3360 1064 3426 ordinaretur
1078 3362 1374 3447 adimprimendum,

272 3499 335 3539 non
350 3476 389 3538 ad
405 3473 662 3536 manifestandum
678 3472 839 3538 affectum:
862 3472 912 3536 hic
927 3483 1030 3538 autem
1045 3474 1165 3557 agimus
1181 3473 1218 3537 de
1233 3473 1262 3537 vi
1278 3473 1376 3536 mani-

271 3586 411 3649 festativa
433 3594 554 3647 tanturn
564 3608 574 3660 3
597 3603 671 3667 ergo
685 3583 749 3647 haec
769 3600 849 3647 nova
862 3584 907 3647 vis
928 3584 1090 3668 specularis
1105 3584 1227 3647 nullum
1248 3584 1374 3649 haberet

273 3719 409 3781 scopum.
454 3695 496 3758 Et
525 3706 669 3779 praeterea
694 3717 731 3757 ex
760 3694 850 3757 dictis
879 3695 952 3758 alibi
974 3696 1059 3759 nulla
1082 3697 1127 3759 vis
1151 3704 1250 3760 creata
1273 3705 1375 3780 potest

273 3809 386 3873 directe
400 3806 575 3890 imprimere
586 3805 727 3869 affectum
737 3805 859 3869 alteri*.
893 3804 995 3881 Quare
1010 3806 1054 3871 vis
1069 3806 1270 3871 illuminativa
1285 3807 1378 3874 unica

274 3919 411 4005 potentia
426 3917 574 4003 speculari
589 3916 717 4001 indiget.

307 4058 325 4095 ¹*
342 4053 438 4108 Obiter
449 4058 566 4120 notatim,
578 4052 659 4123 quod,
672 4069 687 4105 a
702 4068 839 4119 converso,
852 4069 937 4123 quum
955 4053 1077 4123 potentia
1088 4052 1232 4125 specularis
1244 4052 1375 4121 affective,

272 4140 379 4196 etiamsi
390 4140 453 4213 quis
464 4158 524 4194 eam
540 4144 710 4211 supponeret,
722 4156 777 4191 non
795 4138 894 4193 habeat
906 4138 950 4193 cui
962 4140 1048 4212 possit
1059 4140 1194 4195 reflectere
1213 4140 1331 4209 affectus,
1345 4146 1377 4194 ut

272 4247 307 4281 ex
325 4227 444 4300 probatis
466 4231 584 4298 apparet,
602 4225 686 4279 oritur
704 4225 769 4279 hinc
787 4243 890 4279 novum
908 4233 1097 4298 argumentum
1119 4229 1154 4283 ad
1172 4228 1376 4296 ostendendum,

270 4315 375 4369 nullam
386 4314 444 4367 vim
455 4319 573 4367 creatam
585 4330 662 4384 posse
674 4312 828 4385 imprimere
842 4313 942 4367 directe
955 4318 1060 4368 motum
1069 4315 1204 4370 voluntati
1217 4315 1334 4382 alterius,
1345 4322 1377 4369 ut

271 4401 336 4456 alibi
349 4402 405 4456 iam
416 4406 554 4455 ostensum
566 4406 615 4454 est
