3200 4975
220 381 294 426 aar.
311 358 383 445 un]
664 377 707 420 nn
725 376 871 421 souma.
1257 352 1320 417 26⁷

218 561 306 619 enter
327 549 461 631 termini,
484 548 643 615 retinenda
664 557 721 614 est.
767 547 900 625 Quando
921 567 995 632 ergo
1018 544 1130 612 dicitur
1159 544 1321 610 aulcorata

219 667 368 744 directam,
398 660 634 748 intelligendum
670 671 717 725 cst
746 658 900 744 designari
927 659 986 725 hoc
1016 658 1142 723 nomine
1170 657 1320 722 rationem

218 776 382 862 quamdam
402 773 592 853 obiectivam,
607 795 684 858 qum,
704 772 774 839 licet
794 770 913 836 nullam
931 769 1041 835 habeat
1062 769 1320 834 universalitatem

219 890 252 953 in
274 888 402 967 obiecto,
425 894 463 951 ut
482 894 578 972 patet,
597 906 653 949 nec
675 884 707 949 in
731 893 834 948 mente
856 882 1033 969 simpliciter
1055 881 1259 960 abstrahente,
1275 888 1322 945 est

218 1010 323 1065 tamen
344 999 397 1063 illa
415 998 482 1084 ipsa
501 997 589 1077 ratio,
604 1020 673 1083 quae
692 997 728 1062 fit
747 995 915 1061 formaliter
930 993 1109 1061 universalis
1124 993 1156 1057 in
1171 1001 1321 1079 conceptu

217 1135 272 1197 per
286 1111 513 1198 precisionem
535 1116 566 1176 et
582 1109 625 1173 sic
639 1108 701 1174 dici
714 1115 817 1193 potest
831 1108 955 1173 necteria
972 1114 1125 1190 conceptas
1138 1104 1320 1183 numeralia,

219 1226 285 1309 ipsa
306 1244 376 1289 vero
398 1222 523 1287 intuitio
544 1220 700 1306 praecisiva
720 1220 777 1285 erit
799 1217 865 1283 eius
879 1218 992 1301 soma,
1014 1217 1081 1302 ipse
1102 1215 1226 1281 tandem
1249 1238 1321 1282 con·

219 1344 326 1421 ceptus
345 1334 496 1399 resultans
515 1332 574 1399 erit
592 1331 754 1397 caiaacale
772 1331 925 1413 reflectam,
940 1330 1023 1415 quod
1041 1336 1087 1395 est
1100 1329 1269 1414 formaliter
1287 1328 1321 1392 in

219 1456 323 1512 mente
352 1455 485 1525 tantum,
514 1444 706 1510 materialiter
733 1442 767 1506 in
796 1442 912 1509 ratione
945 1439 1132 1525 intelligibili
1160 1438 1321 1519 abstracta,

211 1559 476 1645 firadamaualiler
489 1559 523 1621 in
538 1556 656 1621 obiecto
671 1562 822 1621 concreto.
853 1551 1031 1617 Universale
1046 1552 1195 1617 directum
1210 1550 1322 1616 dicitur

220 1671 312 1737 etiam
327 1671 565 1754 metaplasmum,
580 1677 611 1732 et
626 1665 770 1732 reflexum
785 1664 899 1729 dicitur
914 1664 1054 1749 lopicrcm:
1076 1670 1109 1728 et
1122 1662 1171 1728 hae
1185 1661 1323 1727 denomi-

220 1784 359 1851 nationes
374 1783 516 1847 videntur
531 1779 670 1845 meliores
684 1775 936 1863 precedentibus.

264 1894 415 1973 Secundo,
444 1891 528 1978 quod
552 1890 622 1956 idea
646 1888 826 1954 universalis
848 1909 912 1952 non
938 1886 1008 1972 plus
1034 1886 1171 1953 entitatis
1190 1886 1321 1967 exhibet,

220 2029 313 2091 quam
332 2005 401 2071 idea
421 2002 594 2089 singularis,
617 2001 671 2066 sed
697 2000 811 2064 minus.
857 1997 949 2075 Quod
972 1998 1044 2083 quia
1062 1998 1166 2082 plures
1185 1998 1323 2083 ontologi

220 2140 284 2182 non
303 2117 508 2195 adverterunt,
523 2120 711 2198 negaverunt
726 2133 816 2197 posse
829 2110 896 2175 fieri
910 2108 994 2175 ideas
1007 2108 1192 2175 universales
1207 2130 1244 2175 ex
1260 2110 1323 2174 sin·

220 2228 378 2314 gularibus
392 2249 447 2312 per
461 2224 695 2292 abstractionem
711 2214 897 2308 praeciritiam
910 2247 920 2301 3
941 2230 973 2287 et
987 2220 1056 2286 ideo
1067 2244 1145 2287 nova
1156 2230 1322 2307 systemata

220 2340 390 2423 excogitare
414 2337 509 2403 coacti
535 2343 618 2415 sunt,
633 2332 810 2419 quibusve]
833 2332 917 2397 ideas
939 2331 1123 2397 universales
1142 2332 1258 2419 aliquas
1276 2334 1323 2399 in·

220 2460 318 2530 natas,
342 2448 390 2515 vel
415 2447 529 2514 formas
555 2445 737 2512 subiectivas
760 2443 911 2532 quaslibet
934 2466 954 2509 a
974 2446 1073 2529 priori
1096 2452 1264 2512 statuerent
1289 2446 1323 2510 in

220 2572 322 2628 mente
341 2560 485 2626 hominis.
529 2559 573 2624 At
596 2557 690 2622 nimis
706 2557 775 2636 levi,
795 2557 898 2636 creda,
916 2556 1094 2623 difficultate
1110 2557 1209 2623 territi
1229 2568 1322 2624 sunt:

219 2683 251 2739 ct
267 2681 348 2738 certe
368 2672 436 2736 idea
454 2669 588 2735 hominis
609 2669 813 2746 determinati,
835 2689 863 2732 v.
875 2690 923 2753 gr.
950 2669 1042 2745 Petri,
1062 2669 1273 2754 complectitur
1291 2681 1323 2735 et

221 2784 255 2849 id
268 2782 353 2870 quod
366 2782 470 2867 cogito
486 2781 561 2846 dum
578 2779 681 2865 cogito
703 2779 930 2844 humanitatem
944 2788 981 2844 ut
996 2779 1049 2860 sic,
1063 2789 1095 2846 et
1114 2779 1230 2866 aliquid
1248 2804 1324 2867 prae·

220 2905 312 2973 terea,
327 2915 438 2978 nempe
452 2891 723 2957 determinationes
748 2888 963 2970 individuales,
978 2890 1091 2975 quibua
1112 2891 1149 2956 fit
1171 2892 1241 2957 talis
1263 2892 1323 2959 hu-

220 3007 361 3072 manitas.
407 3004 554 3070 Similiter
570 3003 639 3068 idea
661 3001 797 3067 hominis
820 3001 892 3087 plus
915 3002 1052 3068 entitatis
1075 3003 1206 3084 exhibet,
1229 3027 1322 3090 quam

219 3118 287 3184 idea
301 3115 443 3182 animalis
458 3125 493 3180 ut
508 3115 572 3180 sic:
595 3112 670 3178 dum
685 3113 769 3177 enim
780 3113 883 3197 cogito
897 3112 1064 3194 hominem,
1080 3114 1181 3199 cogito
1198 3115 1322 3197 animal,

219 3238 251 3294 et
265 3227 380 3313 aliquid
395 3234 555 3313 praeterea:
577 3233 609 3290 et
622 3224 704 3291 idem
717 3224 881 3289 dicendum
892 3223 1073 3311 dereliquis.
1118 3225 1209 3292 Ratio
1218 3234 1321 3293 autem

218 3349 276 3421 est,
291 3339 374 3426 quia,
385 3361 482 3424 quum
497 3338 572 3402 ideae
586 3338 663 3402 fiant
675 3336 921 3402 indeterminatas
934 3345 965 3402 et
980 3336 1162 3403 universales
1177 3361 1231 3425 per
1245 3363 1321 3425 prae.

218 3452 364 3518 cisionem
379 3449 679 3528 determinationum,
690 3448 759 3513 idea
772 3448 952 3514 universalis
966 3456 1053 3514 tanto
1068 3448 1171 3516 minus
1185 3453 1323 3518 entitatis

217 3560 473 3649 comprehendere
502 3559 602 3640 debet,
629 3571 746 3644 quanto
775 3559 847 3644 plus
876 3559 1013 3626 entitatis
1041 3562 1254 3647 praescinditur
1283 3565 1322 3630 ab

217 3675 346 3741 obiecto.
390 3674 474 3758 Ergo
492 3695 553 3758 quo
576 3672 774 3737 universalior
794 3680 842 3736 est
856 3672 934 3752 idea,
950 3695 986 3737 eo
1000 3674 1103 3740 minus
1118 3676 1256 3742 entitatis
1270 3700 1320 3742 ex-

218 3786 314 3852 hibet.
350 3785 397 3850 Ex
411 3806 473 3869 quo
487 3791 613 3870 apparet
627 3805 720 3868 qnam
735 3782 897 3863 immerito,
906 3792 938 3848 et
951 3784 1066 3870 absque
1080 3788 1165 3852 omni
1175 3789 1321 3852 verisimi-

216 3898 348 3964 litudine
363 3896 481 3961 dictam
495 3895 536 3960 sit
558 3894 598 3959 ab
619 3894 784 3980 ontologis,
800 3904 968 3980 conceptam
989 3899 1065 3962 catis
1085 3899 1323 3966 maasaliaeiaa‘

218 4035 279 4083 csse
292 4016 462 4094 conceptam
473 4009 544 4072 Dei.
589 4006 634 4070 Hi
648 4006 795 4077 nimirum
809 4029 872 4072 non
888 4007 988 4074 solum
1002 4007 1088 4090 falsa,
1099 4009 1150 4074 sed
1167 4011 1259 4076 etiam
1273 4011 1322 4076 in-

218 4121 375 4188 credibilia
390 4119 511 4184 docent.

260 4234 373 4312 Tertio,
390 4231 474 4317 quod
494 4230 562 4296 idea
582 4229 761 4296 universalis
778 4229 900 4294 exhibet
916 4229 1069 4297 obiectum
1084 4232 1117 4297 in
1131 4235 1269 4318 potentia
1282 4239 1322 4303 ad

218 4354 306 4410 tanto
320 4343 424 4429 plures
439 4342 719 4423 determinationes,
734 4350 850 4428 quanto
865 4352 1061 4428 repraesentat
1076 4344 1152 4414 illud
1173 4348 1270 4432 magis
1291 4351 1324 4413 in
