3200 4975
204 397 273 439 cnr.
291 377 361 459 ιιι]
521 396 564 438 uu
581 395 781 438 suusrnurrn
796 392 997 439 srrmrosm.
1263 377 1302 435 81

203 560 365 623 dentalem.
413 559 473 622 Sed
499 558 717 624 advertendum
743 568 790 622 est
814 558 952 638 ulterius,
968 558 1051 643 quod
1072 565 1157 621 actus
1177 558 1304 625 reflexus

205 672 367 756 dupliciter
396 671 527 735 sumitur
552 671 591 734 ob
620 670 905 734 auctoribuseuno
935 670 1026 733 modo
1055 691 1110 754 pro
1138 670 1305 733 voluntario

203 786 363 847 attentione
377 782 417 846 ud
436 782 468 847 id
483 782 566 866 quod
580 782 755 866 percipitur,
771 782 818 845 vel
841 804 896 867 pro
910 783 1077 846 uoluntaria
1097 782 1305 865 comphrceutiu

204 894 284 959 circs
298 894 330 958 id
352 894 435 979 quod
449 902 495 957 est
518 894 551 957 in
566 894 693 957 effectu:
716 894 776 958 ulio
791 894 882 958 modo
900 915 955 978 pro
970 902 1042 957 actu
1063 914 1125 977 quo
1142 893 1306 977 attingitur

205 1007 307 1089 ipsum
332 1004 501 1069 subiectum
526 1013 562 1068 ut
586 1004 702 1068 habens
728 1004 937 1087 cognitionem
963 1004 1011 1067 rel
1033 1003 1303 1089 complacentiam:

205 1117 336 1201 primam
357 1116 548 1180 reflexionem
563 1127 672 1179 vocant
693 1116 896 1200 ontoloyicom,
913 1113 1037 1199 quondo
1059 1115 1161 1198 agitur
1175 1115 1213 1178 de
1235 1125 1306 1178 ectu

205 1228 419 1311 cognoscitivo,
440 1236 471 1291 et
496 1230 701 1292 sentientium
723 1228 874 1309 reflexum,
894 1226 1017 1311 quando
1043 1226 1146 1309 agitur
1172 1226 1209 1290 de
1235 1236 1305 1289 notu

205 1339 637 1423 complacentiae21eeuudnm
655 1362 724 1403 vero
739 1348 848 1403 vocent
866 1339 1057 1403 reflexionem
1069 1340 1305 1423 psyetoloyicam

205 1473 261 1535 pro
283 1460 413 1535 utroque
439 1473 519 1529 casu,
543 1451 589 1514 vel
611 1452 815 1515 summentium
837 1452 986 1529 directam,
1006 1457 1042 1513 ut
1064 1450 1186 1514 Bolmes
1212 1450 1304 1532 (Phil.

204 1562 292 1626 fund.
307 1561 329 1626 l.
344 1562 365 1625 i.
388 1584 415 1626 c.
431 1565 498 1645 23).
558 1563 660 1647 Atque
684 1563 766 1626 iuxto
791 1562 875 1626 huuc
897 1561 1041 1646 loquendi
1065 1561 1191 1627 modum
1220 1570 1306 1625 actus

205 1657 334 1737 reflexus
358 1671 469 1736 dicitur
494 1682 580 1735 uetus
603 1693 791 1756 consequeus
821 1671 1011 1735 reflexionem
1041 1670 1162 1735 fuctum.
1223 1672 1304 1735 Num

205 1782 376 1845 voluntarie
398 1782 527 1845 attentio
549 1804 612 1845 non
640 1792 687 1846 est
717 1782 849 1860 reflexio,
877 1792 911 1845 ut
940 1791 1042 1866 patet:
1067 1782 1120 1845 sed
1149 1789 1195 1845 est
1219 1791 1305 1846 actus

204 1894 339 1958 directus
363 1915 551 1977 consequens
575 1893 786 1957 reflexionem:
810 1902 841 1956 et
864 1893 946 1956 idem
972 1893 1053 1957 dicos
1076 1892 1114 1956 de
1138 1893 1307 1957 voluntaria

204 2006 434 2091 complacentia.
465 2004 703 2069 ,Conscientiam
713 2014 814 2069 eutem
827 2006 967 2068 directum
981 2004 1089 2083 dicere,
1098 2004 1175 2068 mihi
1187 2006 1306 2070 videtur

205 2117 384 2196 absurdum,
400 2140 497 2203 quum
512 2118 612 2202 ipsum
628 2117 819 2181 couscientiae
833 2139 947 2181 nomeu
963 2116 1113 2200 significet
1128 2117 1244 2201 aliquid
1259 2140 1305 2181 re·

206 2228 327 2292 flexum.
373 2227 655 2312 Atquehaecobiter
669 2237 789 2291 notasse
803 2228 942 2307 sufficiat,
953 2236 988 2291 ut
1000 2250 1045 2307 es,
1055 2250 1123 2312 quae
1134 2228 1172 2291 de
1187 2228 1305 2293 actibus

206 2340 327 2404 directis
342 2339 486 2418 dicemus,
503 2348 621 2403 mutato
635 2338 762 2418 obiecto,
778 2340 818 2403 ed
832 2340 957 2403 reflexos
972 2339 1129 2403 transferri
1144 2341 1271 2424 possint.

249 2454 302 2516 62.
326 2451 482 2528 Quaeritur
495 2473 568 2536 ergo
590 2451 699 2536 primo,
714 2452 854 2535 quemodo
870 2450 931 2535 flet
945 2453 977 2514 iu
992 2472 1071 2534 poro
1093 2453 1201 2536 spiritu
1223 2460 1306 2516 uetus

204 2565 392 2628 occidentalis
406 2563 594 2648 intellipeudi.

251 2674 442 2758 Respondes,
457 2673 580 2738 evidens
601 2697 667 2738 esse
688 2697 725 2737 ex
746 2673 836 2754 dictis
853 2673 895 2755 (n.
912 2676 933 2736 3
949 2682 980 2737 et
994 2674 1027 2756 6)
1045 2675 1128 2757 quod
1150 2683 1235 2738 ectus
1257 2675 1305 2737 in·

206 2784 376 2849 tellectivus
390 2784 584 2849 occidentalis
606 2785 665 2848 trio
679 2784 825 2869 requirit:
851 2788 884 2847 1ο
905 2783 1108 2866 intelligibile,
1124 2783 1205 2868 quod
1228 2785 1305 2848 acci-

205 2897 368 2960 dentaliter
382 2905 455 2981 ngat
467 2896 707 2960 inintellectum
721 2895 894 2979 passivum:¹
918 2897 952 2958 2⁹
967 2904 1084 2958 motum
1101 2905 1256 2979 receptum
1272 2897 1304 2959 in

205 3008 363 3072 intellectu
377 3008 506 3093 passivo,
522 3030 583 3091 quo
597 3007 651 3070 fiat
665 3007 926 3090 repraese'utntivus
949 3006 1031 3071 illius
1046 3006 1258 3090 intelligibilis,
1275 3018 1305 3071 et

206 3119 313 3182 offerat
337 3119 506 3182 intellectui
530 3118 627 3182 activo
651 3118 779 3202 speciem
811 3117 1013 3202 intelligibilis
1042 3119 1241 3201 presentem:
1272 3123 1305 3182 3⁰

204 3229 401 3294 intuitionem
423 3229 505 3294 illius
528 3229 729 3314 intelligibilis
745 3229 920 3293 vsecundum
944 3229 1026 3313 quod
1048 3251 1181 3313 praesens
1204 3239 1250 3294 est
1273 3232 1304 3294 in

206 3342 314 3426 specie,
324 3365 379 3406 seu
393 3351 495 3406 ectum
510 3341 683 3406 intellectus
691 3342 812 3426 agentis
827 3341 905 3406 circe
919 3341 1072 3405 obiectum
1081 3341 1306 3408 accidentaliter

206 3453 264 3516 sibi
286 3453 421 3518 oblatum
440 3454 473 3517 in
496 3453 595 3538 specie
614 3453 810 3538 intelligibili.
856 3452 958 3529 Quare
975 3453 1008 3516 in
1029 3462 1099 3518 ectu
1113 3453 1305 3538 intelligendi

206 3565 384 3628 accidentali
401 3565 500 3650 primo
519 3565 650 3628 habetur
672 3565 752 3630 ectio
774 3565 893 3644 obiecti,
910 3565 1020 3629 deinde
1039 3566 1139 3650 passio
1161 3568 1194 3630 in
1214 3568 1304 3631 intel-

204 3675 297 3753 lectu,
317 3673 442 3738 tandem
462 3675 596 3739 intuitio.
640 3676 680 3738 Iu
694 3676 817 3755 actione,
834 3698 897 3758 qun
915 3685 1012 3740 mouet
1026 3678 1058 3739 iu
1077 3687 1189 3761 epente,
1203 3678 1305 3762 inquit

207 3787 239 3849 S.
249 3787 382 3850 'l'homas
399 3787 442 3872 (p.
460 3791 488 3852 l.
505 3809 535 3871 q.
551 3787 604 3850 56.
619 3809 646 3850 a.
665 3788 709 3867 1),
724 3795 839 3869 oportet
853 3787 894 3850 od
905 3787 959 3850 ltoc
974 3789 1203 3872 quodprocedot
1217 3793 1304 3870 actio,

205 3899 285 3982 quod
297 3901 439 3962 obiectum
459 3900 582 3962 uniatur
595 3901 703 3982 oyenti,
718 3899 795 3962 nont
809 3907 924 3982 opertet
938 3900 1018 3982 quod
1036 3902 1170 3964 senubt'le
1184 3903 1306 3966 uniatur

204 4012 311 4088 securi,
326 4010 368 4072 od
379 4011 434 4073 loe
447 4011 527 4093 quod
537 4011 645 4073 sentiet
659 4017 736 4072 ortu.

248 4122 300 4184 63.
326 4120 481 4197 Quaeritur
492 4119 743 4200 secundusomne
756 4123 866 4204 speeies
873 4122 1066 4208 intelligibilis
1076 4127 1116 4187 sit
1124 4126 1307 4208 petrapium

199 4227 328 4315 fmmok
341 4234 515 4296 intuitiouis.

250 4343 440 4429 Respondeo,
456 4345 499 4416 ita
514 4343 626 4407 sentire
642 4344 674 4407 S.
690 4343 859 4423 Thomuru5
883 4343 949 4408 loco
964 4345 1045 4409 enim
1068 4347 1160 4410 citato
1176 4346 1217 4410 sic
1233 4370 1303 4411 con-

207 4475 282 4518 vor..
299 4476 337 4518 11.
1113 4479 1133 4520 ιι
