3200 4975
212 397 284 440 car.
301 376 371 459 rra]
522 392 564 435 na
581 391 784 435 suasurum
802 393 1009 438 arrarruaar.
1251 366 1324 439 107'

211 582 325 626 cessare
336 559 375 623 ab
390 567 462 623 actu
475 558 666 643 prosecutivo
680 558 754 621 boni
769 559 831 621 sive
847 558 951 637 libero,
961 559 1023 621 sive
1039 565 1206 643 spontaneo
1220 559 1314 643 (quod

211 672 377 737 secundum
400 679 505 734 tamen
526 670 652 734 concedi
671 691 735 733 non
750 668 865 753 debet),
880 669 958 733 nihil
980 678 1061 733 certe
1080 668 1257 734 huiusmodi
1279 670 1312 733 in

211 806 289 869 puro
304 782 416 867 spiritu
430 782 689 865 acciderepotest.

253 898 307 959 80.
334 896 460 958 Obiicics
474 896 519 958 2⁰.
542 893 694 956 Voluntas
705 892 833 957 electiva
843 892 952 977 nequit
960 892 1111 976 applicare
1122 892 1312 957 intellectum

211 1007 249 1073 ad
264 1004 518 1071 considerandum
532 1004 591 1068 hoc
605 1004 708 1088 potius
722 1025 814 1088 quam
830 1002 917 1082 illud,
929 1004 989 1067 nisi
1005 1003 1124 1086 agendo
1139 1002 1181 1067 sic
1196 1003 1243 1067 vel
1259 1004 1314 1067 sic.

212 1117 318 1194 Quum
340 1125 443 1181 antem
457 1114 600 1179 voluntas
614 1116 655 1178 sit
677 1114 854 1179 indifferens
876 1113 916 1178 ad
929 1117 973 1178 sic
987 1114 1035 1179 vel
1055 1117 1108 1195 sie,
1123 1136 1244 1199 semper
1264 1136 1312 1178 re-

211 1229 343 1314 quiritur
371 1235 468 1305 actus,
491 1248 553 1311 quo
578 1226 704 1289 tollatur
728 1226 794 1290 haec
823 1224 1026 1290 indifferentia
1037 1252 1047 1304 3
1070 1234 1101 1289 et
1129 1226 1188 1291 hoo
1214 1226 1313 1289 multo

211 1340 308 1423 magis
331 1338 493 1403 dicendum
510 1338 569 1401 erit
583 1338 622 1401 de
636 1329 704 1421 ipso
725 1359 965 1422 consensuque
984 1336 1177 1401 concluditur
1196 1336 1311 1402 electio.

212 1451 282 1514 Nisi
296 1472 369 1534 ergo
382 1450 502 1513 dicatur
512 1471 583 1513 cnm
594 1448 789 1533 quibusdam,
802 1448 885 1531 quod
899 1448 986 1511 Deus
995 1448 1119 1533 physice
1130 1448 1314 1515 determinat

211 1561 446 1625 indifferentiam
468 1560 643 1639 voluntatis,
666 1559 750 1644 quod
771 1558 969 1623 reiiciendum
992 1558 1122 1638 videtur,
1149 1559 1316 1623 dicendum·

211 1682 266 1751 est,
292 1672 481 1737 voluntatem
503 1670 660 1735 electivum
684 1671 886 1735 determinare
908 1671 1038 1755 seipsam
1064 1682 1131 1733 tum
1155 1670 1195 1734 ad
1214 1664 1318 1755 appli-¹

212 1784 344 1848 candum
363 1782 552 1847 intellectum
579 1782 622 1846 sic
642 1781 689 1845 vel
708 1781 761 1861 sic,
776 1791 844 1845 tum
866 1782 905 1845 ad
924 1782 1175 1846 consentiendum
1195 1781 1313 1846 obiecto

211 1918 264 1980 per
277 1894 468 1959 intellectum
482 1895 616 1978 cognitu.

255 2006 438 2091 Respondeo
452 2028 532 2069 cccc.
548 2007 609 2084 M,
624 2028 704 2069 coac.
721 2007 792 2068 mia.
815 2012 846 2068 et
866 2006 934 2069 dist.
955 2027 1044 2083 coru,
1068 2003 1232 2068 dicendum
1254 2014 1310 2083 est,

210 2116 400 2181 voluntatem
423 2115 579 2180 electivum
603 2116 805 2180 determinare
831 2117 970 2201 seipsam,
995 2138 1048 2179 seu
1077 2115 1244 2179 terminum
1273 2115 1313 2179 ad

211 2251 302 2313 quem
317 2228 383 2292 eius
402 2235 490 2291 actus
504 2227 728 2291 accidentaliter
745 2228 936 2306 terminetur,
952 2228 1005 2312 qui
1019 2226 1170 2305 terminus
1188 2236 1312 2291 nonest

210 2340 243 2403 in
262 2341 329 2424 ipsa
347 2348 385 2403 ut
405 2339 511 2416 activa,
533 2339 587 2401 sed
606 2338 638 2402 in
661 2339 727 2402 eius
748 2339 924 2422 passivitate
947 2338 1093 2418 affectiva,
1117 2362 1197 2403 coac.
1213 2360 1310 2417 coram

211 2450 372 2514 dicendum
389 2461 435 2515 est
450 2450 638 2517 voluntatem
653 2458 689 2514 ut
709 2450 837 2516 activam
858 2451 955 2516 facere
975 2473 1007 2515 se
1022 2450 1192 2515 subiectum
1212 2450 1311 2514 deter-

211 2563 398 2640 minationis,
413 2586 442 2627 a.
453 2585 532 2626 coac.
566 2563 648 2626 Nam
663 2562 763 2647 primo
774 2563 993 2627 advertendum
1009 2573 1065 2642 est,
1077 2562 1311 2648 quodvoluntas

211 2683 350 2737 movetur
358 2674 482 2758 quidem
498 2673 536 2738 ab
547 2674 666 2738 obiecto
675 2674 854 2738 naturaliter
869 2686 900 2738 et
915 2675 1011 2738 aDeo
1023 2672 1311 2758 supernaturaliter:

211 2787 265 2850 sed
279 2787 375 2849 motio
389 2786 453 2850 hac
472 2795 520 2849 est
534 2785 700 2850 voluntatis
720 2786 846 2870 passivae
860 2809 915 2850 seu
937 2787 1090 2864 affectiva,
1107 2807 1168 2849 non
1189 2785 1293 2850 activae
1301 2811 1311 2864 3

210 2898 274 2962 haec
288 2898 381 2977 enim,
396 2920 492 2982 quum
515 2899 556 2962 sit
570 2907 666 2976 actus,
681 2920 744 2962 non
759 2908 807 2963 est
829 2897 1077 2982 determinabilis,
1093 2921 1149 2962 nec
1164 2897 1315 2982 receptiva

211 3009 378 3094 passionis:
408 3017 439 3073 et
469 3011 512 3075 sic
541 3032 604 3074 non
633 3020 773 3075 movetur
795 3011 966 3075 secundum
995 3033 1038 3074 se.
1082 3007 1313 3073 Advertendum

211 3121 355 3200 secundo,
371 3122 455 3206 quod
471 3123 613 3186 voluntas
633 3133 669 3186 ut
684 3123 782 3186 activa
797 3143 860 3186 non
878 3131 924 3186 est
945 3121 1122 3186 indifferens
1142 3122 1261 3186 adesse
1279 3123 1313 3185 in

212 3242 293 3311 actu,
309 3233 363 3297 sed
376 3242 499 3298 tantum
514 3234 553 3297 ad
566 3234 646 3297 hanc
661 3235 708 3298 vel
723 3234 808 3298 illam
823 3235 1067 3299 terminationem
1084 3235 1313 3319 contingentem

212 3356 317 3409 actus:
340 3357 371 3409 et
386 3355 606 3430 consequenter
625 3345 831 3410 indifferentia
845 3347 1010 3410 voluntatis
1033 3353 1079 3410 est
1095 3355 1215 3410 tantum
1236 3346 1314 3411 circa

211 3457 377 3520 terminum
407 3468 494 3521 actus
525 3457 730 3536 accidentalis,
759 3458 799 3522 ad
827 3480 920 3542 quem
949 3458 1112 3521 terminare
1141 3481 1173 3522 se
1202 3467 1311 3542 potest.

212 3566 315 3644 Quare
329 3589 392 3631 non
407 3567 528 3652 proprie
541 3567 661 3631 tollitur
676 3568 778 3652 aliqua
792 3567 996 3632 indifferentia
1010 3568 1069 3652 ipsi
1083 3568 1243 3646 voluntati,
1259 3570 1313 3633 sed

211 3680 393 3743 terminatur
414 3680 480 3742 eius
500 3689 586 3743 actus
609 3679 648 3742 ad
667 3680 845 3758 terminum,
860 3680 913 3763 qui
928 3680 1035 3764 nequit
1054 3701 1119 3743 esse
1135 3680 1193 3743 nisi
1216 3680 1313 3744 deter-

211 3790 359 3868 minatus,
383 3799 415 3854 et
438 3791 481 3855 sic
511 3791 689 3854 denominat
717 3812 751 3855 ac
777 3790 960 3854 determinat
983 3791 1085 3874 ipsum
1112 3800 1213 3854 actum
1236 3793 1314 3855 acci·

211 3903 375 3980 dentalem,
402 3903 489 3966 cuius
511 3912 558 3966 est
583 3903 744 3966 terminus.
789 3902 976 3966 Terminatio
1002 3911 1104 3966 autem
1134 3903 1199 3987 ipsa
1228 3913 1314 3989 actos

211 4014 363 4078 entitativi
387 4013 554 4077 voluntatis
582 4013 622 4078 ad
650 4014 817 4077 terminum
848 4014 1076 4098 contingentem
1106 4016 1253 4099 recipitur
1280 4017 1326 4080 in¹

210 4124 353 4204 termino,
371 4134 463 4208 prout
489 4136 535 4188 est
558 4124 591 4187 in
613 4124 788 4208 passivitate
812 4125 1149 4209 agentismaterialiter
1175 4129 1313 4211 spectati,

211 4258 275 4300 non
289 4237 323 4300 in
332 4245 442 4319 agente
451 4246 486 4299 ut
497 4245 624 4318 agente3
647 4247 678 4301 et
694 4237 762 4300 ideo
776 4259 839 4301 non
849 4246 987 4301 mutatur
998 4237 1160 4302 intrinsece
1172 4239 1312 4304 voluntas

212 4349 308 4412 activa
322 4348 354 4411 in
376 4372 430 4412 suo
446 4359 526 4412 actu.
572 4349 708 4414 Tandem
727 4350 805 4414 circa
825 4349 866 4426 id,
883 4349 966 4433 quod
981 4350 1113 4428 additur,
1129 4350 1165 4413 de
1187 4351 1315 4435 physica
