3200 4975
220 361 291 411 oar.
309 341 365 429 aa]
674 363 717 409 uu
734 363 880 411 nouruu.
1263 344 1326 410 tut

220 528 311 599 uellet
325 529 441 609 aare,
456 529 483 600 si
497 538 601 614 posset
613 530 681 600 eius
694 531 854 599 ueritatem
869 553 968 598 nosse.
1014 531 1048 599 Si
1063 552 1137 617 ergo
1154 551 1218 598 non
1231 539 1279 598 est
1293 530 1327 595 in

220 641 287 712 eius
301 649 452 726 potestate
464 664 556 708 nosse
569 642 737 722 renotem,
752 652 840 708 actus
858 642 924 710 eius
945 642 1059 710 dicitur
1080 643 1257 729 simpliciter
1278 642 1327 709 in-

220 754 423 836 voluntarius,
436 755 626 825 voluntarius
645 763 750 823 eutem
772 755 941 826 secundum
964 755 1041 840 quid
1054 763 1187 835 tautum,
1204 777 1259 822 seu
1272 777 1329 840 per

221 864 372 936 accidens.

265 980 318 1046 75.
349 976 511 1054 Quomodo
534 986 649 1056 autem,
671 977 800 1046 exclusis
823 976 1053 1064 impedimentis
1079 975 1328 1057 accidentalibus,

221 1089 318 1174 possit
332 1089 473 1155 voluntas
487 1113 543 1174 per
556 1113 589 1156 se
603 1089 698 1160 libere
711 1113 880 1176 praeparare
900 1090 1058 1156 materiam
1079 1112 1143 1156 suae
1162 1088 1332 1170 electionis,'

220 1200 264 1269 its
286 1208 324 1264 ut
348 1209 436 1270 uetus
458 1200 592 1270 directus
616 1201 844 1286 complacentiae
868 1201 1027 1280 naturalia,
1054 1201 1107 1286 qui
1123 1201 1330 1286 „consequitur

221 1312 370 1382 iudicium
388 1312 567 1397 practicam,
586 1312 647 1382 dici
668 1312 765 1397 possit
785 1312 863 1378 liber
882 1311 916 1376 in
936 1334 1038 1391 caum,
1057 1311 1090 1378 id
1110 1319 1157 1378 est
1172 1311 1205 1377 iu
1220 1310 1332 1400 praevia

221 1424 454 1504 consultatione,
468 1447 517 1490 res
531 1433 579 1491 est
593 1423 715 1509 speciali
734 1423 974 1492 consideratione
989 1422 1094 1507 digua,
1114 1443 1210 1507 quum
1230 1430 1329 1490 totam

223 1535 424 1605 mucurisin
438 1535 651 1621 operationum
668 1535 837 1601 voluntatis
856 1534 1028 1602 radicaliter
1048 1533 1196 1599 includat.
1239 1533 1329 1602 Diffi·
1456 1557 1461 1566 ·

222 1649 321 1720 culta
334 1672 407 1716 vero
419 1672 487 1716 rem
499 1648 670 1734 explicandi
684 1649 821 1735 procedit
841 1671 878 1714 ex
897 1649 968 1727 hoc,
989 1647 1072 1734 quod
1087 1646 1238 1730 voluntas,
1254 1647 1329 1714 dum

221 1761 359 1848 proxime
373 1761 562 1846 applicatum
575 1769 622 1826 est
636 1760 827 1828 intellectum
849 1759 889 1826 ad
908 1759 1173 1837 consultationem,
1198 1760 1331 1845 supponi

222 1873 313 1940 debet
326 1882 399 1940 actu
412 1872 570 1941 adherens
584 1872 676 1941 alicui
689 1871 781 1952 bono,
796 1895 816 1939 a
829 1894 891 1959 quo
907 1879 1064 1943 moveatur
1078 1870 1118 1935 sd
1132 1870 1224 1939 ulem
1238 1871 1329 1936 intel-

222 1986 320 2053 lectus
341 1986 597 2074 applicationem
618 2008 682 2054 nou
705 1985 790 2053 euim
813 1985 889 2069 ugit,
913 1984 974 2050 nisi
995 1991 1120 2069 propter
1142 1983 1235 2050 finem
1258 1991 1329 2050 actu

119 2187 122 2191 y
221 2099 389 2164 intentum.
433 2097 467 2164 Si
481 2121 555 2182 ergo
568 2097 712 2163 voluntas
725 2096 894 2166 necessario
909 2096 1060 2164 adhaereat
1074 2095 1120 2160 illi
1133 2093 1226 2174 bono,
1240 2095 1328 2164 nullo

223 2210 316 2276 modo
324 2210 446 2276 ridetur
459 2209 555 2275 libera
564 2210 671 2276 futura
680 2208 864 2276 consultatio
870 2232 882 2286 3
903 2207 969 2275 haec
981 2207 1062 2275 euim
1074 2214 1230 2290 regeretur
1244 2207 1328 2292 priu-

224 2321 304 2407 cipio
318 2320 520 2388 determinato
534 2320 575 2386 ud
593 2342 703 2388 uuum.
748 2318 855 2396 Quum
877 2341 951 2402 ergo
972 2319 1091 2404 primun
1113 2326 1199 2384 aetus
1221 2317 1329 2384 voluu-

222 2432 296 2499 tatis
310 2432 350 2499 sit
365 2431 563 2512 ncoeuurius,
577 2431 650 2517 quie
663 2430 799 2517 primun
814 2429 846 2499 in
862 2430 1032 2498 intentione
1047 2437 1093 2499 est
1108 2429 1237 2495 ultimus
1248 2430 1328 2510 finis,

224 2567 280 2613 seu
292 2544 451 2612 latitudo
464 2543 602 2622 subiecti,
618 2543 657 2613 ad
672 2566 764 2629 quana
778 2565 843 2611 non
858 2542 948 2609 datur
961 2542 1095 2621 uuna,
1108 2541 1228 2609 videtur
1243 2542 1330 2627 sequi

224 2655 308 2741 quod
320 2656 409 2723 nulla
421 2654 605 2721 consultatio
627 2663 674 2722 est
695 2654 800 2733 libere,
819 2661 850 2719 et
870 2665 1092 2739 cousequenter
1112 2653 1200 2719 nidla
1215 2653 1330 2719 volitio.

224 2768 308 2836 Nam
333 2767 388 2852 qui
408 2767 594 2851 supponitur
615 2766 691 2832 velle
713 2765 947 2844 beatitudiuem,
969 2764 1003 2829 id
1027 2773 1074 2829 est
1094 2786 1184 2831 omne
1202 2764 1329 2848 bonum,

225 2879 312 2947 cuitu
326 2888 374 2947 est
388 2901 492 2963 capua,
507 2878 573 2943 vult
587 2878 734 2963 implicite
753 2877 857 2944 omnia
874 2876 955 2943 bona
974 2876 1178 2962 particularia,
1198 2899 1329 2961 quorum

224 2999 271 3058 est
284 3012 397 3075 capam
418 2998 450 3056 et
463 2989 498 3055 in
512 2996 635 3057 tantum
650 3010 714 3055 nou
733 2988 800 3056 vult
815 2988 868 3053 illa
882 2987 1031 3072 explicite,
1048 2986 1081 3051 in
1101 2986 1251 3072 quantum
1266 3011 1331 3053 nou

226 3102 381 3185 cognoscit
395 3100 450 3169 illu
463 3100 614 3185 explicite,
629 3100 744 3169 scilicet
764 3122 800 3165 ex
821 3098 942 3167 defectu
961 3098 1144 3167 conditionis
1166 3100 1330 3185 praerequi.

225 3213 300 3280 sitae.
345 3210 478 3288 Quando
503 3233 580 3294 ergo
600 3210 729 3296 ponitur
752 3208 822 3274 tulis
847 3208 982 3276 conditio
1004 3231 1059 3293 per
1085 3206 1233 3281 iudicium
1260 3232 1330 3294 pru.

225 3325 350 3402 aucum,
368 3322 491 3391 uidetur
514 3322 597 3409 quod
619 3322 762 3391 voluutas
784 3322 814 3386 vi
837 3321 920 3389 illius
946 3329 1044 3401 actus,
1070 3343 1132 3406 quo
1154 3320 1220 3387 vult
1239 3344 1331 3389 omne

224 3436 352 3513 bunum,
367 3434 455 3502 cuius
468 3457 564 3519 capua
575 3444 633 3512 est,
647 3433 841 3518 amplectitur
855 3432 995 3519 explicite
1010 3440 1041 3497 et
1054 3434 1222 3503 necessario
1237 3434 1330 3503 etiam

225 3546 342 3615 bunum
364 3544 556 3631 particulare.
601 3544 732 3612 Videtur
752 3544 834 3614 enim
858 3544 1128 3612 contradictorium
1150 3545 1222 3611 cella
1247 3570 1331 3614 omae

225 3662 341 3737 Quum,
355 3657 443 3725 cuius
458 3656 530 3741 quia
544 3679 640 3742 eupax
654 3665 711 3735 est,
733 3666 765 3725 et
784 3680 844 3724 nou
860 3657 931 3724 cett
953 3658 1007 3722 tor
1027 3658 1143 3735 boman,
1159 3656 1246 3721 errius
1262 3659 1331 3743 quis

225 3778 298 3838 actu
315 3769 400 3837 uidet
421 3790 453 3836 se
474 3791 541 3836 esse
560 3790 712 3852 capacem.
755 3767 862 3844 Quum
884 3777 987 3837 autem
1009 3766 1144 3834 conditio
1161 3767 1224 3847 illa,
1247 3770 1331 3854 quod

225 3881 379 3948 obiectum
401 3888 545 3963 appareat
563 3878 614 3945 hie
636 3889 667 3945 et
689 3901 773 3945 nunc
793 3878 851 3945 sub
876 3879 992 3947 ratione
1013 3878 1087 3943 boni
1107 3902 1170 3945 nou
1193 3880 1332 3949 videatur

226 3992 359 4078 pendam
379 3991 440 4058 nisi
459 3991 499 4058 ub
521 3990 689 4069 intellectu,
713 3991 862 4076 sequitur,
877 3990 978 4076 posito
996 4013 1099 4058 amore
1120 3990 1330 4071 beatitudinis,

226 4101 414 4188 impossibile
433 4124 500 4168 ease
513 4100 664 4168 voluntati
683 4124 748 4169 non
767 4124 868 4168 amare
888 4101 1005 4185 reliqua
1022 4100 1103 4169 buna
1117 4100 1157 4169 ab
1171 4102 1331 4172 intellectu

226 4214 401 4301 proposita3
425 4212 511 4277 etsie
525 4222 628 4281 actum
644 4214 702 4280 erit
717 4214 755 4280 de
768 4213 909 4282 libertate
923 4223 991 4281 tum
1006 4212 1247 4293 consultationis,
1262 4223 1330 4284 turn

226 4326 393 4392 electionis.
439 4325 567 4411 Propter
580 4326 660 4394 hunc
675 4326 885 4394 difficultatem
910 4326 1008 4413 primo
1030 4324 1255 4393 ostendendum
1275 4336 1331 4405 est,
