3200 4975
270 348 334 410 184
711 369 754 410 na
772 369 919 412 neuma.
1232 346 1314 430 [cnr.
1333 364 1372 406 ιι.

268 533 383 616 aliquid
400 535 567 610 wlsistcvu,
584 557 672 618 quum
694 537 823 619 iadipcut
845 536 1035 600 celerioribus
1057 535 1238 598 sensibilibus
1255 533 1296 595 ud
1307 555 1368 596 sen·

269 646 405 709 licendum.

311 757 450 820 lactabis.
497 757 531 820 si
556 758 689 841 operatio
712 756 897 822 intellectiva
922 767 969 822 est
997 766 1064 822 tota
1092 757 1130 822 ab
1160 757 1271 830 anima,
1296 755 1372 818 falso

269 867 381 931 dicitur
402 869 485 932 lonso
507 868 695 951 intelligerc3
726 868 890 934 dicendum
913 870 993 934 enim
1018 879 1097 934 esset
1120 869 1223 954 potius
1245 870 1371 934 animum

268 978 450 1062 intelligere.
486 980 584 1064 Atqui
599 981 745 1044 dicuntur
759 980 900 1045 homines
914 980 1095 1066 intelligere.
1140 981 1224 1064 Ergo
1238 979 1371 1063 operatio

268 1089 451 1155 intellectiva
465 1099 512 1155 est
526 1112 587 1154 non
604 1092 698 1155 solius
712 1093 831 1171 animae,
847 1093 900 1156 sed
914 1093 1010 1157 totius
1026 1092 1196 1177 compositi.

313 1201 495 1286 Respondeo
514 1225 542 1265 n
560 1204 609 1266 M.
633 1211 664 1266 et
684 1202 749 1267 eius
766 1204 926 1267 rationem.
972 1204 1063 1282 Nam,
1079 1203 1199 1268 etiamsi
1214 1203 1316 1266 anima
1331 1202 1370 1265 sit

269 1336 337 1399 quae
356 1313 512 1398 intelligit,
527 1313 579 1378 illa
598 1323 701 1378 tamen
723 1316 826 1378 anima
847 1338 910 1379 non
933 1325 979 1379 est
1003 1316 1144 1394 solitaria,
1160 1315 1213 1379 sed
1231 1324 1278 1379 est
1298 1314 1371 1378 sub-

269 1426 451 1489 stantialiter
472 1427 636 1490 terminata
658 1427 697 1491 ad
719 1449 847 1512 corpus:
872 1437 907 1491 ut
930 1438 1032 1492 autem
1056 1428 1098 1492 sic
1121 1428 1283 1492 terminata
1300 1448 1371 1491 oon·

265 1538 371 1601 stituit
390 1538 567 1616 hominem3
591 1561 664 1622 ergo
684 1548 764 1603 recte
783 1539 896 1603 dicitur
918 1539 1011 1604 homo
1031 1540 1212 1624 intelligere,
1226 1539 1299 1603 licet
1316 1561 1371 1624 per

270 1652 365 1717 solam
381 1654 513 1717 animam
530 1652 692 1736 intelligat.
740 1652 773 1716 Si
787 1674 858 1717 vcro
873 1652 974 1716 anima
989 1663 1179 1738 separaretur
1199 1675 1217 1716 a
1237 1675 1372 1737 corpore,

269 1776 345 1829 tunc
360 1766 467 1849 utique
482 1764 648 1827 intellectio
663 1764 814 1827 diceretur
828 1765 963 1848 operatio
978 1765 1095 1828 animae.
1138 1764 1171 1828 si
1186 1764 1255 1849 quis
1270 1771 1372 1828 tamen

268 1877 483 1941 intellectivam
513 1877 719 1960 operationem
748 1875 884 1940 hominis
913 1877 1003 1940 vellet
1033 1899 1138 1942 vocare
1167 1877 1372 1962 operationem

268 1989 388 2066 animae,
403 2011 467 2053 non
489 2001 567 2051 esset
589 2010 643 2051 cur
665 1988 954 2072 reprehenderetur3
971 1998 1073 2073 potest
1095 1990 1171 2052 enim
1194 1989 1263 2068 dici,
1280 1989 1323 2054 ait
1340 1989 1372 2053 Sa

269 2102 402 2166 Thomas
427 2103 495 2184 (loo.
519 2103 583 2188 cit.)
605 2105 684 2188 quod
702 2105 800 2167 anima
822 2103 970 2187 intellipit,
992 2106 1068 2168 sieut
1090 2105 1190 2168 oculas
1203 2105 1302 2168 uidet:
1324 2105 1377 2167 sed

268 2219 362 2299 mapis
370 2219 493 2299 proprie
507 2217 615 2281 dicitur
629 2216 708 2300 quod
720 2217 803 2278 lcnw
818 2216 958 2299 intellipit
966 2239 1024 2299 per
1035 2219 1170 2293 unimam,
1183 2215 1262 2280 sicut
1273 2216 1374 2300 magis

268 2329 389 2412 proprie
408 2328 518 2392 dicitur
535 2328 618 2413 quod
638 2328 730 2392 homo
746 2327 829 2391 videt
851 2350 907 2412 per
927 2327 1073 2406 oculum3
1096 2328 1168 2412 quia
1186 2329 1375 2413 operationes

270 2449 343 2503 sunt
359 2439 597 2524 suppositorum.
644 2440 719 2504 Haec
734 2449 780 2503 est
795 2439 949 2523 praecipua
963 2439 1040 2505 ratio
1060 2462 1115 2504 cur
1132 2439 1260 2518 dicatur,
1273 2439 1375 2525 potius

269 2552 372 2631 homo,
385 2575 476 2637 quam
488 2553 600 2629 anima,
613 2554 746 2636 cogitare
759 2577 766 2614 ε
790 2551 862 2615 addi
873 2574 994 2636 quoque
1009 2561 1110 2637 potest
1125 2561 1161 2616 ut
1175 2553 1252 2616 ratio
1268 2566 1375 2617 secun·

271 2663 364 2742 daria,
380 2665 463 2749 quod
485 2666 586 2729 anima
608 2666 640 2728 in
664 2664 807 2750 praesenti
831 2672 915 2727 statu
937 2664 1060 2728 unionis
1083 2687 1151 2729 cum
1172 2687 1295 2749 corpore
1313 2688 1375 2727 non

268 2776 396 2859 attingit
418 2777 612 2861 intelligibile
634 2777 694 2840 nisi
717 2776 916 2841 coniunctum
940 2799 1009 2840 cum
1029 2777 1131 2862 aliquo
1146 2778 1375 2863 phantasmate:

271 2887 443 2970 intelligere
468 2897 582 2967 autem,
608 2898 644 2951 ut
670 2888 869 2951 coniunctum
895 2910 965 2952 cum
997 2888 1210 2973 phantasmate
1238 2912 1300 2953 non
1330 2898 1377 2952 est

271 2998 365 3061 solius
379 2999 498 3077 animae,
515 3000 569 3062 sed
583 2998 727 3062 hominis.

316 3114 368 3173 51.
392 3109 549 3185 Quaeritur
563 3118 682 3194 quartu,
697 3118 800 3173 utrum
815 3112 913 3175 anima
929 3113 1055 3175 humanu
1068 3115 1109 3176 sit
1122 3115 1285 3177 substantia
1303 3136 1377 3175 cum·

264 3222 358 3305 pleln.

316 3335 507 3418 Respondeo‚
523 3334 656 3398 animam
678 3334 845 3399 humanam
866 3358 932 3399 esse
953 3336 991 3401 de
1009 3359 1041 3399 se
1056 3344 1087 3400 et
1102 3338 1218 3401 ratione
1233 3338 1281 3401 sui
1296 3360 1378 3402 com·

271 3445 384 3529 pletam
408 3446 610 3509 substantiam
634 3446 842 3530 spiritualem:
881 3469 946 3510 esse
969 3458 1071 3510 tamen
1095 3448 1223 3513 ulterius
1246 3450 1378 3536 comple-

271 3556 363 3619 bilem
380 3557 413 3619 in
429 3558 545 3620 ratione
560 3567 679 3621 naturae
694 3559 845 3623 sensitivae
861 3582 915 3643 per
927 3559 1173 3624 terminationem
1190 3561 1292 3625 suiad
1312 3584 1378 3625 cor·

270 3690 330 3751 pus
346 3669 524 3751 organicum
540 3668 572 3730 in
588 3670 724 3752 potentia
736 3670 831 3733 vitam
846 3669 971 3734 habens.
1008 3670 1182 3758 Utrumque
1198 3671 1377 3737 declaratur.

272 3782 315 3845 ut
329 3783 430 3866 quoad
444 3782 590 3866 primum,
607 3784 690 3866 quod
705 3805 759 3867 per
774 3807 807 3847 se
823 3784 972 3863 subsistit,
989 3794 1020 3848 et
1034 3808 1088 3869 per
1104 3808 1135 3849 se
1155 3794 1256 3870 potest
1279 3809 1377 3871 agere,

272 3903 318 3960 est
334 3895 518 3979 completum
534 3894 566 3958 in
583 3896 699 3958 ratione
713 3895 892 3959 substantiae
904 3897 1061 3972 cuiusdam
1078 3898 1235 3975 naturalis,
1249 3908 1279 3962 et
1291 3898 1377 3963 abso-

271 4007 337 4071 lute
357 4007 511 4092 loquendo
534 4030 597 4070 non
619 4007 756 4091 postulat
779 4008 1194 4094 aliquodcomplementum,
1218 4033 1314 4095 quum
1338 4012 1377 4075 sit

271 4116 466 4203 adaequatum
492 4118 682 4201 principium
714 4141 839 4181 suarum
869 4122 1092 4202 operationum.
1138 4122 1249 4201 Quare,
1280 4145 1377 4207 quum

269 4230 374 4293 anima
396 4229 531 4292 humana
554 4230 585 4292 in
609 4253 640 4293 se
663 4230 854 4294 considerata
875 4231 986 4295 habeat
1001 4233 1035 4296 -in
1059 4257 1090 4297 sc
1110 4234 1176 4318 ipsa
1194 4244 1224 4297 et
1243 4257 1378 4300 exercere

272 4342 368 4424 possit
387 4340 479 4404 vitam
500 4341 592 4405 'suam
618 4341 855 4407 intellectualem
883 4342 1124 4428 independenter
1147 4345 1185 4411 ab
1208 4347 1291 4409 omni
1318 4346 1379 4411 alio
