3200 4975
201 360 271 405 car.
288 342 359 425 ιιι]
653 364 696 405 ιιι
713 363 859 406 neurus.
1244 336 1307 409 275

199 523 343 588 lectuales
364 524 588 589 transcendunt
608 526 778 604 materiem,
794 533 825 589 et
845 547 908 589 non
928 525 1042 590 habent
1063 548 1119 611 pro
1134 527 1194 591 fine
1217 528 1307 592 unico

200 655 311 718 eorpus
337 643 372 698 ut
397 631 575 699 vivificabile
586 661 595 714 3
619 658 730 721 eorpus
755 635 839 700 enim
861 635 1045 700 sufficienter
1062 636 1231 701 vivificatur
1251 661 1307 722 per

201 745 334 811 animam
357 746 543 825 sensitivam,
558 756 595 811 ut
612 770 648 811 ex
671 746 769 811 brutis
790 747 988 811 manifestum
1011 757 1069 811 est.
1114 748 1198 832 Ergo
1221 750 1304 834 quod

201 856 303 921 anima
317 857 418 943 aliqua
429 859 469 921 sit
484 857 677 936 intellectiva,
688 880 751 922 non
765 868 813 921 est
828 857 944 943 aliquid
955 857 1129 923 ordinatum
1141 859 1181 924 ad
1195 881 1305 944 eorpus

200 968 378 1053 simpliciter
389 969 612 1048 vivificandum,
623 969 676 1033 sed
691 969 731 1034 ad
742 969 922 1034 nobiliorem
937 969 1040 1047 finem,
1050 969 1083 1033 id
1097 978 1143 1033 est
1153 970 1192 1035 ad
1206 971 1304 1055 ipsam

202 1079 335 1145 animam
349 1080 573 1165 perficiendam.
621 1081 682 1146 Sed
696 1081 886 1166 operationes
901 1081 1073 1166 spirituales
1087 1081 1221 1147 animam
1236 1105 1305 1167 per-

201 1189 336 1255 ficientes
361 1213 425 1255 non
453 1191 666 1277 impediuntur
694 1215 749 1276 per
778 1193 1004 1277 corruptionem
1034 1193 1169 1278 corporis
1180 1219 1190 1273 ς
1220 1216 1304 1278 ergo,

201 1310 346 1387 corrupto
360 1324 494 1388 corpore,
510 1313 614 1368 manet
628 1304 706 1367 ratio
721 1326 776 1367 cur
790 1304 893 1369 anima
907 1303 1034 1369 existere
1048 1313 1227 1388 perseveret.

247 1412 375 1493 Quinto,
392 1414 480 1479 Deus
505 1424 541 1478 ut
565 1414 686 1500 sapiens
708 1423 740 1479 et
761 1413 906 1499 providus
932 1414 1159 1481 administrator
1180 1416 1306 1481 omnino

202 1526 267 1591 vult
288 1525 361 1590 vitia
386 1526 488 1609 poenis
511 1525 652 1610 plectere,
668 1526 813 1591 virtutem
838 1525 971 1611 praemiis
993 1526 1199 1593 remunerari:
1223 1528 1307 1612 quod

201 1637 334 1721 pertinet
349 1635 468 1701 adeius
483 1636 677 1701 sanctitatem
692 1647 723 1701 et
737 1636 896 1704 iustitiam.
943 1636 1004 1701 Sed
1019 1637 1144 1721 praemia
1157 1660 1192 1705 ae
1207 1660 1307 1723 poenae

201 1748 235 1813 iu
263 1748 322 1812 hac
349 1746 413 1812 rita
440 1769 509 1811 raro
530 1768 587 1832 pro
616 1746 733 1811 meritis
756 1746 946 1827 tribuuntur,
967 1754 1001 1811 ut
1026 1768 1132 1813 omnes
1158 1747 1306 1815 videmus.

202 1860 286 1945 llrgo
300 1867 438 1944 superest
452 1866 524 1943 post
538 1866 669 1923 mortem
691 1858 750 1923 alia
764 1858 836 1937 vita,
852 1858 884 1922 iu
900 1881 962 1943 qua
976 1857 1050 1923 boni
1064 1857 1146 1923 bona
1160 1860 1307 1945 recipiant

202 1980 234 2035 et
251 1971 324 2035 mali
342 1971 430 2035 mala.
475 1970 560 2055 Ergo
578 1977 684 2035 manet
702 1970 816 2050 anima,
830 1980 974 2055 corrupto
996 1992 1130 2055 corpore.
1175 1971 1265 2051 Item,
1281 1972 1308 2035 si

204 2085 305 2148 anima
319 2106 390 2148 cum
408 2105 531 2168 corpore
547 2082 636 2167 perit,
651 2081 732 2147 bona
754 2103 897 2166 corporea
912 2090 943 2146 et
957 2081 1136 2166 temporalia
1150 2092 1224 2147 sunt
1239 2106 1308 2149 vera

204 2206 235 2260 et
250 2196 312 2260 sola
336 2195 416 2259 bona
429 2194 580 2257 hominis:
603 2214 665 2278 quo
683 2192 782 2277 posito
796 2194 926 2257 virtutes
948 2192 1089 2277 plurimae
1106 2192 1187 2257 fiunt
1202 2203 1308 2257 eontra

204 2308 364 2387 rationem,
386 2315 417 2371 et
438 2306 521 2385 vitia,
544 2305 712 2390 praesertim
735 2303 935 2384 delectabilia,
951 2302 1121 2389 seeundum
1146 2306 1306 2370 rationem.

204 2420 302 2507 Atqui
321 2420 378 2484 hoe
404 2418 560 2484 evidenter
582 2429 735 2503 repugnat
759 2415 863 2481 sensui
888 2415 1054 2480 communi.
1099 2415 1183 2502 Ergo
1206 2417 1308 2482 anima

204 2554 268 2598 uon
281 2532 362 2616 perit
376 2538 524 2616 pereunte
538 2550 672 2613 corpore.

250 2647 322 2709 112.
350 2644 486 2708 Obiieiee.
524 2641 652 2725 Propria
674 2639 810 2725 operatio
836 2638 945 2704 animae
971 2646 1017 2702 est
1042 2638 1212 2724 intelligere
1237 2663 1309 2709 cum

205 2756 436 2840 phantasmate3
469 2753 548 2818 nihil
576 2753 658 2817 enim
685 2752 751 2816 sine
780 2751 993 2835 phantasmate
1023 2750 1169 2836 intelligit
1197 2753 1308 2817 anima.

206 2866 304 2951 Atqui
325 2866 508 2951 phantasma
528 2886 592 2929 nou
612 2864 740 2928 estsine
758 2885 893 2948 corpore.
938 2862 1022 2946 Ergo
1041 2862 1142 2928 anima
1157 2863 1222 2929 sine
1244 2886 1308 2929 cor-

207 3000 280 3063 pore
294 2976 401 3062 nequit
415 2975 604 3060 intelligere3
626 2996 701 3058 ergo
714 2975 822 3058 nequit
836 2995 991 3037 remanere
1005 2972 1160 3038 destructo
1174 2996 1307 3060 corpore.

251 3087 434 3174 Respondeo
454 3089 522 3152 dist.
538 3088 586 3150 M.
604 3087 726 3171 propria
748 3085 882 3170 operatio
908 3086 1017 3150 animae
1037 3085 1205 3158 secundum
1225 3087 1309 3172 quod

207 3211 254 3266 est
273 3199 392 3285 corpori
413 3198 502 3263 nnita
515 3221 593 3263 conc.
610 3199 670 3275 M,
686 3196 809 3283 propria
830 3195 965 3281 operatio
980 3195 1090 3262 animae
1111 3197 1144 3264 in
1159 3220 1191 3262 se
1211 3199 1309 3263 consi·

207 3313 320 3377 deratae
333 3333 398 3396 nep.
410 3311 454 3374 Μ
453 3335 480 3388 .;
503 3309 606 3374 anima
619 3308 701 3374 enim
716 3315 854 3392 separata
864 3306 957 3372 habet
971 3307 1067 3372 alium
1081 3308 1207 3374 modum
1219 3310 1309 3375 iutel-

206 3423 323 3509 ligcndi
341 3445 417 3508 pure
439 3420 689 3507 spiritualem-ut
708 3420 851 3485 convenit
870 3441 948 3504 puro
969 3419 1100 3504 spiritui.
1146 3419 1308 3503 Caeterum,

206 3537 300 3600 etiam
313 3535 347 3598 in
361 3542 444 3598 statu
454 3531 579 3597 unionis
592 3553 663 3598 eum
672 3553 808 3616 corpore,
818 3529 920 3596 anima
934 3552 998 3598 non
1013 3530 1126 3596 dicitur
1139 3532 1309 3618 intelligere

207 3670 279 3712 cum
301 3646 524 3730 phantasmate,
539 3643 628 3729 quasi
653 3642 835 3728 phantasma
860 3640 1011 3727 pertineat
1033 3642 1071 3708 ad
1092 3651 1195 3710 actum
1218 3644 1308 3710 intel·
1348 3726 1352 3734 Ι
1412 3675 1413 3680 1

206 3758 350 3823 lectirum
365 3765 401 3820 ut
415 3755 645 3833 intellectivam,
661 3753 715 3819 sed
729 3762 850 3818 tantum
866 3752 939 3838 quia
953 3752 1134 3839 phantasma
1147 3756 1310 3822 comitatur

208 3868 387 3934 naturaliter
394 3866 602 3952 operationem
616 3865 832 3932 intellectivam
847 3865 996 3949 quamdiu
1006 3865 1185 3932 naturaliter
1200 3888 1311 3952 corpus

208 3980 398 4046 consociatur
420 3977 546 4041 animae:
569 3985 600 4042 et
615 3976 695 4040 sicut
712 3997 823 4061 corpus
841 3997 905 4040 non
927 3986 973 4040 est
988 3975 1220 4044 constitutivum
1238 3979 1310 4044 sub-

209 4091 330 4156 stantiae
344 4113 412 4176 quae
428 4089 539 4153 dicitur
554 4088 665 4168 anima,
681 4088 724 4154 ita
743 4087 927 4173 phantasma
940 4110 1004 4152 nou
1018 4098 1064 4154 est
1079 4091 1311 4156 constitutivum

208 4202 432 4280 intellectionis,
448 4223 516 4285 quaa
533 4208 581 4264 est
598 4197 636 4264 de
654 4220 686 4261 se
706 4198 839 4283 perfecta
856 4199 1002 4283 operatio.
1047 4201 1129 4266 Nam
1145 4202 1220 4268 dnm
1242 4205 1311 4289 quis

209 4314 292 4378 videt
315 4313 402 4378 oculo
428 4311 587 4396 corporali,
614 4309 708 4374 simul
731 4309 919 4394 imprimitur
944 4311 1057 4394 species
1081 4315 1232 4382 sensibilis
1257 4339 1312 4400 per

1084 4444 1102 4486 r
1117 4429 1137 4488 2
