3200 4975
240 339 309 383 car.
327 320 399 411 un]
624 345 666 389 oa
683 346 941 393 acornaurrnns.
1276 328 1341 393 ato

238 515 302 571 tam
325 508 481 577 terminari
502 509 637 577 secundo
661 510 726 594 (seu
748 511 984 597 accidentaliter)
1009 512 1049 577 ad
1069 512 1227 578 materiam
1249 534 1340 577 arua

238 619 424 685 distinctam.
469 620 557 686 Idem
579 644 703 708 prorsus
726 621 889 690 dicendum
913 623 951 689 do
973 625 1109 709 potentia
1126 626 1254 711 passiva,
1270 646 1338 709 quae

238 753 299 794 non
323 732 423 797 solum
445 733 542 799 estin
559 733 710 799 elemento
732 735 891 814 materiali,
907 735 961 801 sed
982 736 1075 800 etiam
1097 736 1130 801 in
1152 758 1185 800 rc
1206 744 1253 799 est
1274 738 1339 819 ipsso

236 844 298 908 eius
319 846 450 909 matema
496 845 569 909 Non
591 854 638 911 est
660 868 733 931 ergo
755 846 896 933 qualitas,
913 847 966 911 sed
986 847 1154 911 essentialis
1169 846 1338 932 proprietas

237 954 415 1021 substantiae
429 956 604 1037 materialis,
617 956 695 1023 sicut
709 957 869 1043 passivitas
880 958 1052 1023 intellectus
1063 980 1125 1023 non
1138 966 1184 1021 est
1196 952 1336 1042 qualitas,

235 1066 290 1129 aed
312 1066 482 1151 proprietas
504 1068 674 1134 essentialis
696 1068 875 1135 substantiae
905 1068 1081 1154 spiritualis.
1125 1068 1338 1153 Distinguitur

236 1185 337 1241 tamen
354 1178 558 1265 metaphysica
573 1179 710 1263 potentia
723 1180 842 1266 passiva
857 1203 875 1244 a
889 1180 1034 1258 materia3
1057 1180 1129 1266 quia
1144 1181 1269 1245 materia
1284 1202 1338 1263 per

237 1313 269 1353 se
284 1290 358 1355 dicit
373 1292 538 1359 terminum
556 1292 656 1376 primo
670 1293 887 1358 actuabilema
904 1288 1011 1373 forma,
1028 1294 1164 1378 potentia
1178 1315 1247 1357 vero
1268 1315 1336 1378 pas-

235 1402 297 1465 siva
327 1402 402 1468 dicit
431 1404 589 1470 materiam
616 1405 717 1489 primo
740 1413 892 1470 actuatam
917 1413 987 1470 actu
1011 1405 1140 1489 propriae
1164 1405 1278 1484 formae,
1306 1412 1336 1467 et

234 1524 371 1597 paratam
386 1516 503 1601 actuari
517 1516 650 1583 seeundo
664 1539 719 1601 per
730 1526 835 1603 actum
850 1516 1066 1583 accidentalem
1079 1516 1215 1581 alterius.

278 1626 487 1691 Nihilominus
503 1636 566 1691 tam
581 1629 717 1713 potentia
737 1629 843 1706 activa,
864 1652 957 1714 quarn
976 1629 1094 1713 passiva
1117 1629 1334 1693 elementorum

234 1739 356 1804 tractari
370 1750 499 1823 possunt
510 1750 549 1804 ut
565 1740 735 1825 qualitates,
750 1762 812 1804 non
829 1740 932 1804 solum'
942 1740 1014 1825 quia
1029 1746 1138 1824 praeter
1155 1740 1240 1823 paule
1260 1740 1335 1803 acci-

235 1850 355 1916 dentale
377 1850 468 1919 datur
490 1852 575 1935 quale
596 1853 676 1935 quid,
700 1852 753 1917 sed
775 1852 867 1917 etiam
889 1852 970 1936 quia,
996 1851 1192 1936 quantumvis
1215 1850 1277 1914 sint
1299 1850 1337 1914 de

234 1962 406 2027 substantia
420 1964 480 2041 rei,
491 1972 594 2028 tamen
614 1964 795 2030 ordinantur
810 1964 848 2029 ad
863 1964 1012 2029 actionem
1027 1972 1058 2027 et
1073 1962 1242 2047 passionem
1260 1962 1335 2025 acci-

234 2073 397 2153 dentalem,
420 2083 451 2138 ct
472 2076 545 2159 quia
566 2075 679 2159 gradus
708 2076 878 2142 intensivus
907 2075 1034 2140 actionis
1063 2072 1261 2159 producibilis
1283 2082 1336 2136 aut

235 2184 384 2268 passionis
418 2185 601 2276 receptibilis
635 2184 748 2270 pendet
777 2210 795 2251 a
829 2185 1056 2253 conditionibus
1090 2183 1334 2249 accidentalibus.

236 2296 315 2359 Nam
332 2296 415 2359 aliud
430 2305 476 2359 est
491 2296 702 2365 determinatio
717 2298 881 2363 intrinseca
896 2299 935 2361 ad
950 2297 1114 2382 agendum,
1130 2296 1213 2361 aliud
1229 2318 1335 2380 agere:

231 2410 310 2475 illud
323 2418 370 2476 est
384 2410 555 2490 essentiale,
571 2417 606 2474 ut
622 2409 738 2475 dictum
754 2419 802 2475 est
810 2437 820 2491 ς
843 2410 901 2475 hoo
922 2409 1114 2489 accidentale,
1136 2409 1208 2494 quia
1227 2407 1336 2473 accidit

231 2523 381 2588 elemento
407 2523 437 2586 A
462 2523 626 2588 terminare
651 2532 754 2587 actum
780 2523 915 2606 primurn
941 2521 1090 2586 motivum
1110 2520 1143 2584 in
1162 2521 1209 2600 B3
1233 2529 1335 2604 posset

231 2636 313 2700 enim
328 2635 356 2698 B
376 2657 438 2698 non
461 2634 597 2712 existere,
621 2643 763 2699 manente
780 2635 820 2712 A,
836 2642 866 2699 et
886 2634 995 2699 accidit
1018 2633 1167 2698 elemento
1187 2633 1216 2696 A
1230 2631 1334 2696 termi-

231 2769 305 2811 nare
320 2756 422 2810 actum
437 2769 509 2811 cum
523 2745 577 2810 tali
590 2745 777 2823 intensitate,
793 2745 866 2830 quia
886 2745 994 2810 accidit
1016 2745 1108 2809 talem
1130 2767 1196 2809 esse
1216 2743 1334 2808 distan-

231 2859 306 2921 tiam
321 2857 387 2923 eius
401 2880 419 2922 a
433 2859 471 2922 B.
517 2857 578 2922 Sed
597 2863 663 2922 tota
683 2855 910 2921 accidentalitas
929 2865 1013 2921 tenet
1032 2879 1063 2920 sc
1079 2879 1114 2920 ex
1128 2865 1214 2942 parte
1229 2855 1334 2921 condi·

231 2971 361 3049 tionum,
385 2979 416 3035 et
437 2977 485 3034 cst
507 2969 674 3034 extrinseca
697 2968 803 3033 virtuti
833 2969 962 3052 agentis.
1007 2969 1154 3034 Similiter
1182 2967 1266 3033 aliud
1287 2976 1334 3032 est

230 3081 433 3146 indifferentia
454 3082 494 3147 ad
516 3080 705 3166 patiendum,
728 3088 760 3145 et
781 3080 866 3146 aliud
891 3080 972 3165 pati:
995 3079 1074 3145 illud
1095 3088 1141 3145 est
1162 3081 1332 3161 essentiale,

229 3191 287 3256 hoc
308 3191 510 3271 accidentale3
534 3191 588 3255 sed
609 3190 836 3256 accidentalitas
859 3190 1010 3275 passionis
1032 3198 1116 3255 tenet
1138 3213 1169 3254 se
1189 3213 1225 3254 ex
1247 3199 1333 3275 parte

228 3302 450 3382 conditionum,
464 3311 496 3366 et
516 3310 562 3369 est
583 3302 750 3367 extrinseca
769 3301 829 3386 ipsi
853 3300 999 3384 potentiae
1018 3300 1154 3386 passivas.
1200 3301 1333 3368 Possunt

227 3437 301 3499 ergo
321 3423 385 3482 tam
406 3414 545 3502 potentia
566 3414 662 3482 activa
683 3436 787 3499 quam.
798 3412 918 3497 passiva
937 3412 1080 3476 elementi
1097 3413 1140 3497 (et
1155 3413 1237 3476 idem
1252 3412 1332 3478 dice·

228 3536 312 3590 retur
328 3526 365 3590 de
380 3525 527 3610 potentiis
548 3525 768 3611 spiritualibus)
790 3523 886 3607 accipi
901 3531 936 3588 ut
950 3523 1112 3608 qualitates
1132 3522 1333 3590 accidentales

226 3639 258 3701 in
287 3638 345 3702 hoc
375 3661 477 3718 seusu,
507 3637 590 3723 quod
618 3659 637 3701 a
665 3638 878 3702 conditionibus
907 3636 1131 3700 matematicos
1160 3637 1330 3700 calmas-scis

223 3751 349 3832 pendeat
365 3752 463 3833 quoad
473 3773 560 3834 opere
573 3758 603 3814 et
610 3746 689 3833 pati.

228 3924 233 3928 .
269 3860 310 3924 Et
325 3859 398 3936 hinc
411 3868 506 3945 patet,
526 3883 590 3929 non
609 3881 675 3925 esse
695 3858 909 3940 necessarium,
925 3881 961 3922 cx
976 3881 1011 3922 eo
1026 3857 1109 3943 quod
1123 3857 1171 3922 hae
1185 3859 1331 3942 potentia

225 3972 286 4042 sint
301 3971 418 4056 aliquid
432 3971 470 4035 de
485 3971 656 4035 substantia
669 3970 723 4049 rei,
746 3970 930 4034 constituere
952 3992 1062 4034 novam
1085 3968 1269 4054 categoriam
1289 3970 1329 4036 ad

225 4105 275 4146 eas
304 4090 440 4167 separate
474 4081 672 4148 collocandas.
718 4082 800 4154 Nam
830 4092 866 4146 ut
896 4091 967 4146 sunt
996 4082 1112 4168 aliquid
1144 4081 1328 4161 absolutum,

227 4194 340 4258 eadunt
354 4193 541 4262 coniunctim
557 4193 615 4257 sub
635 4193 869 4277 praedicamento
892 4193 1072 4272 substantiae
1081 4219 1090 4272 3
1113 4203 1149 4257 ut
1166 4215 1236 4257 vero
1251 4193 1326 4258 aeci·

226 4302 354 4384 piuntnr
369 4305 425 4385 sub
437 4303 620 4369 formalitate
634 4304 778 4389 potentiae
792 4303 896 4370 activas
911 4315 964 4368 aut
975 4304 1110 4389 passiva,
1127 4305 1232 4369 dicunt
1248 4304 1327 4368 ordi·
