3200 4975
279 362 344 425 240
726 386 769 429 ne
787 385 938 431 nonius.
1244 364 1332 451 [cnr.
1349 385 1388 427 11.

279 548 345 613 sliae
364 558 395 613 et
418 548 485 615 aliae
506 550 639 615 rationes
661 550 734 616 boni
757 552 924 617 excitantes
948 552 1023 617 alios
1045 560 1076 616 et
1101 551 1177 615 alios
1200 551 1330 615 (11666166
1353 572 1388 613 ac

279 661 432 726 naturales
446 670 533 726 actus
547 661 789 747 complacentia.

322 772 366 836 At
379 772 413 836 in
433 794 574 858 processu
595 773 689 840 huius
703 774 850 839 examinis
871 774 975 839 anima
997 797 1060 839 non
1076 774 1208 839 attendit
1230 773 1329 838 solum
1350 773 1389 838 ad

278 884 417 948 ordinem
434 883 628 965 obiectivum‚
644 885 808 950 sedetiam
824 894 855 950 et
877 886 1030 971 praecipue
1045 886 1084 949 ad
1105 884 1319 963 subiectivum,
1335 907 1388 947 seu

278 995 318 1059 sd
329 1004 444 1060 statum
455 996 627 1061 affectivum
641 998 674 1061 in
689 1019 751 1082 quo
760 1006 829 1077 est,
853 1020 941 1062 secus
951 997 1032 1061 enim
1048 1004 1114 1060 tota
1129 996 1195 1060 cius
1204 995 1388 1060 consultatio

278 1116 358 1170 esset
382 1106 547 1191 speculatio
573 1108 714 1192 quaedam
741 1108 779 1173 de
802 1107 928 1173 relativa
952 1109 1071 1174 ratione
1097 1107 1171 1172 boni
1200 1107 1387 1171 diversorum

278 1217 476 1298 obiectorum,
492 1242 553 1304 qua
568 1220 767 1285 deduceretur
782 1221 885 1306 aliqua
900 1221 1055 1286 conclusio
1070 1221 1188 1299 ethicae,
1201 1221 1248 1284 vel
1263 1220 1387 1284 alterius

278 1328 411 1393 scientiae
418 1355 429 1408 3
451 1352 548 1415 quum
565 1352 640 1414 ergo
664 1331 849 1396 consultatio
872 1332 1024 1416 dirigatur
1042 1332 1081 1395 ad
1104 1332 1304 1417 operandum,
1320 1330 1387 1395 ideo

272 1442 312 1506 in
325 1440 378 1506 illo
393 1443 530 1507 examine
551 1444 653 1507 anima
667 1444 796 1508 reflectit
812 1444 905 1507 etiam
920 1443 960 1507 ad
982 1444 1111 1527 seipsam
1126 1469 1133 1507 ε
1157 1452 1188 1507 et
1203 1443 1276 1507 hinc
1291 1444 1335 1523 fit,
1352 1452 1386 1506 ut

278 1553 461 1619 consultatio
476 1553 523 1618 vel
537 1554 634 1617 serius
650 1553 696 1618 vel
712 1554 804 1618 citius
824 1554 1035 1633 concludatur,
1051 1564 1081 1618 et
1098 1555 1145 1618 vel
1160 1556 1218 1619 hoc
1233 1554 1325 1618 modo
1340 1554 1387 1619 vel

278 1664 341 1731 illo.
387 1667 420 1733 Si
441 1668 524 1731 enim
539 1666 641 1730 anima
663 1665 798 1731 multum
813 1666 949 1731 reflectat
965 1667 1004 1730 ad
1026 1668 1278 1745 convenientiam,
1295 1688 1387 1750 quam
1453 1734 1463 1747 ,

276 1778 369 1842 habet
383 1779 536 1843 obiectum
551 1801 622 1842 cum
638 1799 694 1841 suo
709 1778 852 1862 praesenti
868 1786 951 1842 statu
966 1778 1115 1858 effectivo,
1131 1777 1289 1862 apparebit
1304 1776 1387 1840 obie-

277 1901 362 1953 ctum
384 1899 420 1953 ut
435 1888 484 1952 hic
499 1898 530 1953 et
553 1911 635 1952 nunc
650 1911 795 1971 magnam
812 1889 885 1952 boni
900 1890 1049 1953 rationem
1065 1888 1182 1954 habens
1205 1887 1338 1965 relative,
1355 1896 1386 1952 et
1437 1956 1440 1961 ,

278 2000 375 2083 magis
398 2000 569 2064 movebitur
591 2000 735 2064 affectus:
760 2000 786 2063 si
811 2022 880 2064 vero
900 2000 1004 2064 minus
1027 2000 1173 2081 reflectat,
1191 2000 1295 2063 minus
1317 2022 1385 2083 per-

277 2110 368 2195 cipiet
391 2111 540 2174 ratiouem
566 2110 639 2174 boni
665 2110 698 2173 in
723 2132 759 2173 eo
785 2109 955 2174 secundum
979 2110 1029 2174 hic
1055 2120 1086 2174 et
1112 2132 1205 2189 nunc,
1228 2119 1259 2173 et
1282 2109 1386 2172 minus

277 2220 447 2285 movebitur
476 2221 612 2307 affectus.
660 2220 694 2283 Si
723 2242 796 2303 ergo
823 2220 925 2283 anima
955 2220 1028 2285 satis
1057 2220 1193 2286 reflectat
1219 2230 1250 2284 et
1273 2220 1385 2283 sentiat

276 2335 382 2417 augeri
397 2332 648 2416 complacentiam
665 2330 702 2394 (16
717 2330 837 2396 obiecto
851 2342 887 2411 ut
902 2331 953 2396 hic
968 2341 998 2395 et
1013 2354 1096 2395 nunc
1119 2355 1182 2417 prae
1196 2332 1312 2395 caeteris
1328 2330 1386 2395 sibi

277 2443 485 2524 conveniente,
502 2443 620 2508 dicetur
641 2442 754 2508 habere
773 2442 921 2508 iudicium
944 2444 1123 2529 practicam,
1139 2452 1169 2508 et
1180 2445 1296 2529 poterit
1318 2466 1397 2522 rou-¹

276 2556 390 2620 cludere
405 2555 660 2620 consultationem
676 2554 861 2640 quiescendo
877 2556 910 2620 in
925 2554 980 2618 tali
998 2555 1227 2640 complacentia,
1243 2579 1298 2619 seu
1313 2578 1384 2619 con-

277 2669 436 2733 sentiendo
451 2669 496 2732 illi
504 2695 514 2747 3
536 2667 662 2731 habebit
674 2668 756 2731 enim
772 2668 921 2732 rationem
935 2668 1145 2731 sufficientem.
1192 2667 1306 2731 sivero
1322 2691 1385 2736 non

276 2781 351 2845 adeo
360 2781 505 2861 reflectat,
519 2790 553 2843 ut
568 2779 680 2844 sentiat
694 2778 945 2863 complacentiam
958 2778 995 2842 de
1011 2778 1129 2842 obiecto
1142 2789 1175 2841 ut
1190 2779 1240 2842 hic
1255 2789 1286 2842 et
1301 2802 1385 2843 nunc

277 2893 375 2976 magis
403 2870 611 2970 conveniente,
637 2913 700 2954 non
731 2889 878 2953 iudicabit
902 2889 1002 2953 adhuc
1026 2889 1167 2972 practice,
1190 2912 1246 2955 nec
1272 2891 1383 2975 poterit

276 3003 531 3068 consultationem
547 3001 649 3066 statim
672 3000 854 3064 concludere
870 3000 1097 3078 consentiendo,
1115 3001 1168 3064 sed
1190 3002 1383 3066 continuabit

275 3137 400 3180 examen
414 3112 606 3199 procedendo
622 3134 676 3196 per
689 3111 748 3175 alia
763 3110 891 3191 obiecta,
904 3111 1000 3175 donec
1015 3134 1112 3174 unum
1130 3135 1165 3176 ex
1181 3112 1242 3176 illis
1252 3113 1383 3197 practice

275 3238 438 3310 cognoscat
452 3225 501 3289 hic
516 3234 547 3287 et
562 3246 645 3288 nunc
661 3223 718 3286 sibi
734 3246 796 3308 prae
812 3224 878 3287 aliis
894 3224 1063 3288 convenire.
1081 3282 1086 3294 ,

321 3341 372 3404 79.
396 3335 541 3414 Tandem,
557 3336 638 3399 facto
655 3334 767 3402 iudicio
790 3335 934 3418 practico,
949 3336 1020 3400 licet
1038 3336 1179 3400 voluntas
1193 3336 1254 3400 iam
1271 3337 1382 3401 directe

276 3459 307 3514 et
322 3457 488 3534 spontanee
503 3447 659 3530 attingens
671 3445 823 3510 obiectum
840 3456 874 3509 ut
891 3447 949 3510 sibi
966 3447 1064 3530 magis
1079 3448 1272 3527 conveniens,
1286 3448 1381 3532 possit

275 3561 368 3626 etiam
382 3559 489 3640 reflexa
503 3561 535 3622 io
549 3581 582 3622 eo
598 3560 751 3641 quiescere,
767 3557 936 3642 requiritur
954 3557 993 3621 ad
1008 3557 1190 3638 libertatem,
1206 3568 1242 3622 ut
1258 3559 1382 3622 omnino

276 3671 368 3736 etiam
391 3669 489 3754 possit
512 3671 544 3733 io
569 3692 602 3734 66
627 3670 733 3751 reflecte
763 3692 821 3732 non
851 3671 1003 3753 quiescere.
1052 3669 1120 3734 Hoc
1150 3679 1252 3736 autem
1282 3681 1383 3755 potest

277 3792 401 3870 propter
435 3781 517 3846 duo:
550 3780 650 3865 primo
687 3789 811 3871 propter
849 3781 1065 3865 experientiam
1100 3783 1310 3866 quotidianam
1345 3783 1383 3847 (16

276 3895 410 3960 vanitate
438 3893 590 3956 bonorum
620 3913 698 3976 saepe
728 3891 893 3955 electorum
923 3915 977 3976 per
1002 3892 1061 3959 alia
1089 3893 1200 3958 iudicia
1229 3893 1382 3979 practica:

276 4005 411 4071 secundo
436 4016 562 4089 propter
588 4003 685 4088 ipsam
711 4002 887 4067 facultatem
913 4026 1004 4088 quam
1031 4004 1124 4068 habet
1147 4005 1321 4070 reflectendi
1344 4006 1383 4069 ad

277 4142 368 4187 suum
391 4127 506 4184 statum
529 4115 711 4181 affectivum.
757 4114 849 4194 Nam,
866 4115 965 4199 posito
988 4115 1101 4182 iudicio
1120 4117 1264 4201 practic0,
1282 4117 1383 4181 anima

276 4231 379 4296 statim
405 4229 562 4293 reflectens
585 4225 624 4290 ad
651 4224 901 4310 complacentiam
928 4223 1099 4288 naturalem
1122 4248 1214 4310 quam
1239 4226 1276 4290 de
1301 4226 1382 4292 bono

275 4350 490 4428 repraesentato
516 4339 680 4423 experitur,
704 4359 739 4400 ex
763 4359 824 4400 una
847 4343 933 4420 parte
956 4335 1104 4420 agnoscit,
1132 4337 1224 4402 talem
1248 4338 1382 4424 compla-
