3200 4975
287 359 354 423 314
682 381 725 426 nr
740 382 998 429 accrnnnrrans.
1252 364 1337 449 [oar.
1354 384 1393 427 11.

284 544 425 611 ordinata
438 546 478 612 ad
492 556 595 613 actum
610 547 830 614 accidentalem
846 558 881 615 ut
896 549 934 615 ad
950 572 1054 615 sunm*
1065 549 1312 633 specificativnm,
1332 572 1393 613 non

284 670 331 722 est
345 657 527 738 substantia,
543 658 598 724 sed
613 659 764 725 accidens.
809 664 854 725 3⁰.
878 660 970 741 Quia,
982 670 1017 725 ut
1029 670 1111 725 recte
1124 661 1198 727 dicit
1211 662 1243 729 S.
1260 661 1394 726 Thomas

284 791 316 853 p.
334 772 363 833 1.
378 791 410 855 q.
426 773 479 835 59.
495 793 523 836 a.
539 774 571 851 2,
593 770 766 837 substantia
788 772 951 837 cuiuslibet
973 772 1016 837 rei
1035 772 1193 838 intrarem
1209 773 1307 856 ipsam
1322 795 1394 839 con-

285 878 439 960 cluditur3
463 880 547 945 unde
561 881 715 967 quidquid
728 904 761 947 se
771 883 909 948 extendit
924 883 962 948 ad
977 884 1094 969 aliquid
1108 885 1322 963 extrinsecum,
1332 906 1395 947 non

282 1000 384 1076 potest
412 1014 479 1056 esse
500 991 539 1057 de
558 993 731 1059 substantia
756 994 819 1072 rei;
843 1017 916 1079 ergo
942 996 1080 1080 potentia
1103 995 1266 1080 respiciens
1289 1003 1393 1062 actum

283 1103 499 1172 accidentalem
514 1114 638 1169 nonest
654 1106 693 1171 de
707 1106 775 1191 ipsa
789 1108 835 1171 rei
849 1107 1032 1173 substantia.
1075 1108 1126 1172 Ita
1142 1107 1325 1172 Goudinius.

327 1214 511 1299 Respondeo
524 1238 590 1300 nep.
605 1217 655 1280 M.
659 1241 669 1294 3
692 1217 766 1301 quia
787 1216 1048 1302 complementum
1070 1218 1159 1297 illud,
1182 1217 1208 1281 si
1223 1218 1262 1285 ait
1277 1216 1391 1285 extrin-

283 1346 388 1389 secum
408 1333 542 1405 tantum,
565 1327 752 1411 specificabit
774 1328 944 1412 potentiam
967 1352 1022 1414 per
1043 1329 1247 1397 extrinsecam.
1266 1338 1296 1393 et
1315 1328 1392 1392 rela-

282 1435 377 1501 tivam
398 1436 697 1519 denominationem
719 1448 751 1505 et
765 1462 829 1503 non
845 1449 892 1505 est
913 1462 1036 1509 necesse
1058 1441 1215 1519 terminos,
1236 1440 1291 1524 qui
1308 1462 1390 1505 com-

282 1557 431 1633 parantur
445 1549 503 1615 snb
518 1550 575 1615 hac
589 1551 718 1630 ratione,
729 1574 796 1619 esse
808 1554 933 1617 mundam
948 1554 1060 1618 ordinis
1074 1554 1201 1619 meolati
1216 1554 1248 1616 ιἰι
1262 1553 1390 1631 carenda,

283 1658 337 1723 sed
352 1660 463 1725 sufficit
477 1669 514 1726 ut
528 1661 690 1727 trahantur
707 1662 747 1726 ad
766 1664 894 1729 eumdem
916 1664 1045 1728 ordinem
1066 1664 1220 1730 relativum
1239 1665 1271 1726 io
1285 1685 1390 1727 cocao-

283 1773 382 1837 tnado.
435 1772 470 1836 Si
498 1781 602 1837 autem
631 1773 890 1857 complementum
920 1773 998 1839 illud
1028 1783 1251 1859 supponeretur
1280 1774 1391 1839 intrin-

282 1905 386 1946 secum
415 1884 569 1967 potentiae,
599 1893 764 1968 negaretur
793 1886 985 1969 suppositum
997 1911 1006 1963 ς
1031 1886 1102 1971 quia
1131 1886 1389 1971 complementum

282 1994 482 2058 intrinsecum
497 1995 541 2059 rei
561 2005 607 2059 est
629 1996 696 2060 eius
718 1996 952 2062 constitutivum
976 1996 1154 2075 essentiale3
1177 1997 1263 2082 atqui
1284 1995 1389 2061 nullus

281 2116 368 2169 actus
397 2106 591 2170 accidentalis
617 2116 664 2171 est
689 2108 923 2174 constitutivum
954 2108 1115 2174 essentiale
1146 2130 1208 2173 suae
1232 2108 1388 2194 potentiae,

281 2217 353 2301 quia
367 2216 472 2281 nullus
486 2218 612 2283 effectus
632 2228 678 2283 est
700 2219 932 2285 constitutivum
955 2219 1115 2288 essentiale
1138 2242 1200 2289 suae
1221 2242 1329 2297 causae,
1352 2231 1387 2281 ιιι

282 2327 478 2392 manifestum
493 2338 540 2392 est
549 2354 559 2407 3
581 2353 656 2414 ergo
671 2331 778 2415 nequit
793 2330 853 2395 dici
873 2331 957 2416 quod
979 2331 1236 2415 complementum
1257 2328 1332 2394 illud
1348 2330 1388 2393 sit

280 2438 480 2504 intrinsecum
509 2439 617 2507 virtuti
646 2441 817 2525 operativae.
872 2440 982 2527 Itaque
1011 2441 1185 2521 dicendum,
1218 2440 1386 2527 potentiam

280 2551 480 2619 essentialiter
508 2552 642 2620 ordinari
672 2553 711 2618 ad
740 2562 843 2622 actum
873 2554 1087 2622 accidentalem
1119 2564 1155 2618 ut
1184 2554 1224 2618 ad
1252 2553 1386 2636 comple·

278 2673 419 2728 mentum
450 2665 652 2731 extrinsecum
674 2673 705 2730 et
728 2665 964 2749 specificativum
994 2665 1060 2733 eius
1081 2669 1113 2732 ιἰι
1135 2667 1236 2734 ordine
1263 2667 1386 2732 relativo

280 2780 506 2856 recantatione,
523 2799 586 2842 non
601 2799 671 2842 vero
691 2779 724 2841 ia
744 2780 846 2844 ordine
867 2779 998 2844 absoluto
1021 2780 1155 2850 actitatis
1163 2804 1173 2857 3
1197 2787 1227 2842 et
1243 2779 1285 2842 sic
1300 2800 1336 2842 ex
1350 2799 1386 2840 eo

280 2889 364 2971 quod
393 2898 480 2953 actus
501 2889 541 2954 sit
564 2889 713 2968 accidens,
735 2911 798 2955 non
829 2891 968 2975 sequitur
990 2889 1133 2957 virtutem
1163 2891 1291 2956 activam
1322 2911 1386 2960 esse

281 3000 430 3064 accidens.
1020 3067 1021 3070 ,

323 3110 373 3174 Ad
402 3111 532 3195 primam
566 3110 775 3195 probationem
805 3114 874 3180 diat.
904 3123 967 3179 oct.
997 3123 1070 3178 sunt
1099 3114 1236 3182 eiusdem
1270 3113 1386 3180 ordinis

279 3221 421 3301 absoluti,
437 3244 493 3286 seu
501 3222 534 3286 in
549 3221 677 3290 essendo
691 3245 755 3307 nep.
771 3231 846 3302 ant,
861 3223 995 3288 eiusdem
1011 3224 1144 3290 ordinisr
1158 3222 1268 3302 elativi,
1284 3246 1338 3287 seu
1353 3223 1385 3294 in

279 3334 472 3398 connotando
492 3357 571 3400 coac.
592 3343 653 3399 act.
670 3343 702 3400 et
716 3357 780 3419 aeq.
796 3358 874 3400 eoas.
920 3334 1012 3411 Quod
1028 3359 1097 3428 vero
1120 3336 1253 3413 additur,
1277 3345 1384 3419 poten-

278 3445 354 3509 tiam
368 3454 400 3509 et
414 3453 515 3510 actum
534 3468 600 3510 esse
621 3445 702 3510 idem
726 3446 935 3526 diversimode,
959 3457 1006 3512 eat
1029 3448 1155 3533 omnino
1176 3447 1300 3524 falsum,
1323 3447 1385 3510 sive

279 3579 384 3639 sermo¹
400 3557 441 3620 sit
463 3556 501 3621 de
526 3557 633 3625 ordine
661 3557 792 3637 essendi,
822 3580 919 3642 quum
949 3559 1086 3643 potentia
1108 3568 1139 3622 et
1163 3567 1249 3624 actus
1271 3559 1303 3622 in
1326 3558 1384 3622 hoc

278 3669 385 3734 ordine
400 3668 462 3733 sint
476 3670 627 3754 opposita,
643 3670 705 3733 sive
719 3692 818 3734 sermo
839 3669 880 3734 sit
891 3670 940 3762 yde
962 3671 1069 3735 ordine
1091 3669 1288 3748 connotandi,
1312 3669 1384 3754 quia

277 3780 415 3866 potentia
436 3788 582 3848 connotat
600 3791 706 3868 *actum
728 3790 765 3845 nt
784 3803 876 3844 causa
891 3781 1044 3860 effectum,
1060 3792 1092 3852 et
1107 3792 1193 3852 actus
1208 3803 1383 3853 econverso

277 3900 422 3958 connotat
442 3891 611 3978 potentiam
632 3901 668 3956 nt
689 3891 816 3960 effeetus
837 3915 970 3960 oausam.
1016 3893 1082 3958 Nec
1102 3903 1149 3961 est
1172 3915 1276 3964 verum
1300 3891 1383 3977 quod

277 4005 413 4088 potentia
435 4003 475 4071 sit
496 4003 530 4069 id
557 4003 775 4089 potentialiter,
806 4003 888 4088 quod
919 4013 965 4068 est
995 4015 1081 4070 actus
1111 4004 1288 4083 actualiter,
1311 4002 1383 4087 quia

276 4122 362 4179 actus
384 4115 542 4182 actualiter
563 4124 610 4179 est
633 4137 729 4179 unum
752 4114 902 4195 accidens,
925 4115 1062 4200 potentia
1083 4137 1152 4179 vero
1174 4113 1382 4199 potentialiter

275 4234 322 4291 cst
343 4225 464 4294 infinita
485 4234 610 4298 actuum
632 4225 809 4306 multitudo,
833 4247 930 4310 quum
944 4225 1042 4290 virtus
1064 4226 1161 4290 activa
1181 4226 1222 4289 sit
1242 4224 1380 4309 potentia

274 4336 412 4404 omnium
441 4346 566 4405 actuum
602 4338 660 4409 sibi
688 4337 889 4422 possibilium.
934 4338 975 4402 llt
1005 4361 1041 4402 ex
1069 4337 1127 4402 hoc
1156 4345 1251 4422 patet,
1286 4336 1377 4402 etiam
