3200 4975
110 457 113 462 ⁴
221 387 380 470 car.111.]
673 406 715 448 na
732 402 879 449 noman.
1261 378 1326 443 283

223 572 384 637 formando
398 592 508 656 corpus
516 596 526 649 3
549 570 631 634 unde
646 570 738 634 etiam
755 566 866 634 melius
883 565 995 633 dieitur
1013 568 1096 653 quod
1116 586 1226 651 corpus
1245 564 1326 629 ordi·

224 694 316 749 natur
336 684 376 749 ad
398 683 542 763 animam,
557 703 650 768 quam
670 704 858 761 econverso,
873 690 910 745 ut
925 681 1016 745 etiam
1032 688 1120 745 notat
1135 680 1167 744 S.
1183 678 1325 743 Thomas.

225 796 331 874 Quum
352 796 435 860 enim
456 794 597 859 naturale
619 794 659 858 sit
681 794 791 859 animae
813 814 949 857 exercere
971 792 1160 877 operationes
1177 790 1256 869 vitae,
1278 789 1327 853 hu

224 917 327 972 antem
349 906 504 991 pendeant
525 928 543 969 a
561 903 718 991 speciebus
732 903 996 989 cognoscibilium,
1011 903 1044 967 id
1059 902 1142 988 qnod
1155 902 1241 965 iuxta
1254 922 1327 966 oon-

225 1018 372 1083 ditionem
398 1026 517 1082 uaturae
539 1029 585 1081 est
609 1016 813 1082 necessarium
839 1016 878 1081 ad
907 1014 1106 1102 acquirendas
1130 1013 1255 1099 speeies,
1281 1021 1328 1077 est

112 1164 115 1167 ·
224 1130 399 1195 ordinatum
423 1129 463 1193 ad
484 1128 577 1193 vitam
600 1128 719 1194 animae.
765 1126 827 1193 Sed
850 1128 951 1193 anima
976 1134 1047 1212 post
1070 1125 1328 1210 separationema

225 1263 349 1327 corpore
372 1263 435 1305 non
458 1240 579 1325 indiget
601 1240 736 1324 accipere
762 1240 876 1324 speeies
900 1262 918 1303 a
941 1238 1032 1303 rebus
1056 1236 1272 1315 materialibus,
1293 1244 1329 1300 ut

225 1354 320 1417 vitam
336 1373 423 1416 suam
437 1351 596 1415 oouti'nuet
607 1376 617 1430 3
641 1357 672 1414 et
687 1350 731 1415 sie
744 1349 832 1414 nullo
847 1349 939 1413 modo
953 1349 1044 1413 estin
1060 1357 1143 1412 statu
1157 1348 1299 1412 violento.

273 1468 345 1530 117.
373 1465 499 1527 Obiiciea
512 1471 557 1527 4⁰.
581 1462 695 1527 Anima
715 1462 897 1527 naturaliter
915 1461 1023 1546 nequit
1040 1482 1106 1525 esse
1127 1460 1234 1539 beata3
1257 1479 1330 1543 ergo

227 1587 324 1642 cessat
349 1575 449 1640 omnis
476 1575 555 1639 ratio
584 1586 709 1660 propter
738 1597 831 1659 quam
860 1572 1041 1637 naturaliter
1070 1573 1110 1636 sit
1138 1570 1329 1635 immortalis.

228 1687 425 1772 Consequens
440 1694 524 1770 patet
533 1709 543 1765 3
567 1686 640 1770 quia
653 1685 822 1768 intantum
842 1683 944 1747 anima
962 1682 1073 1746 dieitur
1093 1682 1194 1747 aDeo
1212 1703 1332 1765 semper

228 1796 442 1875 conservanda,
458 1796 659 1881 inquantum
673 1803 720 1859 ert
734 1794 915 1859 naturaliter
929 1814 1023 1879 capax
1043 1792 1251 1857 beatitudinis.
1297 1793 1331 1856 Si

228 1933 300 1995 crgo
315 1912 379 1975 haeo
393 1920 440 1973 est
451 1908 648 1994 impossibilis
659 1907 768 1973 animae
777 1916 932 1992 separatae,
941 1906 1094 1971 inutiliter
1105 1903 1332 1970 conservabitur

229 2032 375 2107 separata.
420 2021 613 2087 Antecedens
632 2042 703 2085 vero
728 2021 772 2084 sie
796 2019 965 2105 probatur:
988 2019 1102 2083 Anima
1130 2017 1237 2101 nequit
1266 2038 1331 2079 csse

229 2133 327 2212 beata,
341 2132 403 2197 nisi
423 2154 479 2217 per
500 2132 676 2196 intuitivam
690 2131 839 2196 visionem
853 2130 923 2211 Dei,
939 2138 975 2194 ut
997 2130 1132 2194 ostendit
1150 2129 1181 2193 S.
1198 2128 1331 2191 Thomas

232 2248 350 2329 (contra
374 2252 459 2330 gent.
485 2244 538 2309 lib.
563 2245 595 2309 3.
619 2266 646 2308 c.
671 2244 746 2327 503:
770 2243 855 2328 atqui
885 2244 987 2307 anima
1015 2242 1123 2327 nequit
1152 2240 1332 2305 naturaliter

230 2358 330 2422 videre
349 2358 451 2422 Deum
475 2358 628 2435 intuitive,
642 2366 680 2419 ut
703 2355 785 2420 idem
808 2354 840 2419 S.
857 2355 974 2419 Doetor
998 2354 1107 2439 probat
1134 2354 1238 2418 statim
1262 2361 1332 2437 post

232 2473 270 2554 (e.
287 2473 341 2556 52)
354 2498 364 2552 3
387 2493 461 2556 ergo
475 2469 578 2535 anima
591 2468 770 2534 naturaliter
785 2467 893 2553 nequit
907 2489 972 2532 esse
987 2466 1085 2531 beata.

273 2584 456 2668 Respondeo
481 2607 546 2668 aeq.
573 2590 636 2646 ant.
681 2581 732 2646 Ad
760 2580 880 2665 probat.
911 2603 936 2644 c.
961 2580 1011 2643 M.
1041 2580 1110 2644 dist.
1141 2581 1210 2644 mia.
1232 2578 1334 2642 anima

230 2695 337 2779 nequit
351 2693 540 2773 naturaliter,
555 2693 649 2757 idest
664 2693 722 2758 sibi
736 2692 852 2772 relicta,
867 2691 968 2756 videre
982 2690 1086 2755 Deum
1100 2690 1242 2755 intuitive
1253 2713 1332 2754 coac.

231 2807 313 2883 mira,
328 2805 436 2889 nequit
449 2803 638 2883 naturaliter,
653 2805 686 2870 id
701 2812 748 2869 est
762 2826 833 2869 cum
850 2803 961 2868 auxilio
975 2801 1021 2866 illi
1036 2801 1217 2866 naturaliter
1231 2801 1335 2866 debito

231 2918 265 2980 in
291 2925 373 2980 statu
399 2915 522 2980 termini
541 2940 571 2981 a.
595 2918 666 2981 mia.
684 2925 713 2980 et
738 2939 816 2980 eoas.
861 2915 1022 2999 Exigentia
1047 2915 1193 2991 nataralia
1215 2937 1279 2978 non
1303 2937 1336 2978 se

232 3027 368 3091 extendit
393 3035 515 3091 tantum
537 3027 576 3091 ad
598 3035 714 3091 statum
729 3029 794 3106 viae,
810 3027 864 3090 sed
883 3026 975 3091 etiam
996 3025 1035 3089 ad
1057 3034 1173 3089 statum
1192 3025 1334 3104 termini3

231 3149 296 3204 tam
319 3139 400 3203 enirn
423 3139 562 3204 naturale
584 3148 630 3203 est
652 3139 761 3203 animae
782 3139 843 3202 frui
865 3138 1008 3203 felicitate
1030 3139 1063 3202 in
1085 3139 1226 3216 termino,
1242 3159 1334 3223 quarn

232 3251 357 3314 tendere
372 3250 410 3314 ad
426 3250 602 3314 felicitatem
617 3249 649 3312 in
665 3250 722 3313 via.
768 3249 860 3313 Unde
881 3250 1076 3333 perveniente
1095 3247 1256 3312 animaad
1276 3257 1335 3311 ter-

233 3362 352 3426 minum
368 3361 580 3425 destinationis
596 3383 658 3424 suae
672 3360 819 3423 naturalis
843 3359 1084 3444 (praesoindimus
1106 3359 1188 3423 enim
1212 3359 1245 3422 in
1267 3359 1335 3444 phi-

232 3439 371 3559 ldsophia
395 3474 433 3538 ab
460 3473 637 3550 elevatione,
658 3494 749 3556 quam
775 3470 869 3536 habet
890 3471 983 3536 homo
1007 3471 1047 3535 ad
1072 3472 1208 3536 ordinem
1230 3494 1336 3557 super·

233 3585 416 3669 naturalem)
441 3585 576 3649 ostensio
597 3585 667 3662 Dei,
690 3606 758 3669 quae
779 3606 836 3668 pro
859 3590 941 3647 statu
963 3585 1020 3648 viae
1043 3605 1107 3646 non
1129 3583 1255 3648 cadebat
1278 3583 1336 3648 sub

233 3697 385 3781 exigentia
405 3706 535 3776 naturae,
557 3697 593 3760 fit
615 3706 735 3761 naturae
757 3695 860 3760 debita
882 3718 938 3780 pro
959 3695 1012 3758 illo
1035 3703 1118 3758 statu
1140 3695 1273 3774 termini,
1297 3695 1336 3759 si·

235 3810 359 3895 quidem
374 3817 484 3873 natura
498 3808 655 3872 rationalis
670 3809 778 3893 nequit
793 3809 853 3871 alio
868 3807 970 3886 aliquo
985 3808 1077 3892 plene
1093 3806 1205 3871 satiari.

278 3924 345 3988 Nee
368 3923 460 4001 dieas,
482 3921 600 3984 nullam
627 3921 669 3984 sie
694 3920 759 3983 fore
784 3921 986 3985 differentiam
1011 3922 1093 3984 inter
1118 3920 1336 3984 beatitudinem
1416 3955 1426 3971 .-

234 4033 415 4112 naturalem
440 4053 534 4116 quam
558 4039 661 4114 posset
687 4031 832 4115 consequi
854 4031 947 4094 homo
973 4031 1006 4095 in
1029 4031 1116 4116 puris
1145 4030 1337 4094 naturalibus

235 4154 364 4222 creatus,
380 4151 411 4206 et
426 4141 648 4206 beatitudinem
663 4141 935 4224 supernaturalem,
952 4163 1043 4227 quam
1059 4140 1151 4205 habet
1168 4141 1259 4205 horno
1282 4164 1338 4226 per

237 4256 367 4340 gratiam
393 4254 528 4318 elevatus
554 4274 646 4336 supra
671 4251 810 4315 ordinem
836 4261 962 4316 naturae.
1009 4252 1096 4316 Sicut
1126 4251 1207 4315 enim
1237 4262 1338 4336 potest

237 4367 339 4430 anima
353 4364 468 4429 elevata
483 4387 537 4448 per
551 4364 680 4448 gratiam
696 4362 808 4427 habere
823 4364 969 4428 visionem
989 4364 1162 4428 intuitivam
1186 4362 1338 4427 mediante
