3200 4975
273 341 337 402 190
724 362 767 405 or
785 362 935 406 nonius.
1243 341 1326 422 [car.
1344 361 1382 404 11.

270 525 371 609 primo
400 525 491 590 modo
524 526 717 592 accidentalis
747 529 866 608 animae,
896 529 1023 593 omnino
1052 528 1283 593 concedendum
1313 540 1359 593 est
1371 556 1381 608 3

270 645 371 722 potest
388 639 470 702 enim
495 639 606 719 anima,
626 640 708 704 salva
730 663 785 705 sua
806 641 988 720 substantia,
1007 641 1135 706 existere
1158 641 1223 704 siue
1244 663 1379 725 corpore.

272 749 332 814 Sed
347 751 432 835 quod
453 751 523 816 talis
537 752 713 816 terminatio
729 753 769 816 sit
791 753 987 818 accidentalis
1007 754 1117 818 animae
1132 754 1266 818 secundo
1288 755 1380 819 modo

270 869 317 925 est
337 861 492 926 evidenter
506 863 629 942 falsum,
645 863 765 928 etiamsi
781 864 882 930 anima
898 865 938 930 sit
960 865 997 930 de
1012 887 1044 929 se
1060 865 1169 930 ultimo
1184 865 1382 950 completam

270 975 387 1038 ratione
402 974 591 1039 substantiae.
637 975 773 1041 Eridens
788 977 870 1041 enim
883 985 929 1042 est
945 977 1029 1062 quod
1043 977 1113 1041 talis
1128 978 1304 1042 terminatio
1319 1000 1382 1042 non

270 1086 416 1171 recipitur
437 1087 470 1151 in
493 1087 613 1166 anima;
636 1111 709 1152 nam
734 1089 836 1153 anima
856 1111 920 1153 non
946 1089 1129 1153 terminatur
1150 1088 1183 1151 in
1211 1111 1253 1166 se,
1268 1089 1321 1153 sed
1343 1089 1383 1153 ad

269 1221 390 1283 corpus.
439 1199 586 1263 Similiter
609 1200 680 1264 talis
709 1202 886 1266 terminatio
914 1224 978 1265 nou
1002 1200 1148 1286 recipitur
1177 1201 1210 1263 in
1236 1223 1381 1285 corpore;

267 1334 339 1376 narn
355 1313 513 1377 terminari
527 1314 660 1378 animam
675 1315 715 1380 ad
730 1338 840 1401 corpus
857 1315 1022 1398 significat,
1040 1323 1145 1379 actum
1160 1314 1282 1378 vitalem
1299 1337 1381 1378 com·

267 1425 417 1488 municari
439 1426 577 1510 corpori:
601 1436 686 1492 actus
701 1438 804 1492 autem
820 1427 919 1491 vitalis
942 1436 988 1492 est
1004 1427 1070 1511 ipsa
1099 1428 1210 1505 anima,
1227 1449 1295 1511 quae
1319 1449 1382 1490 non

268 1545 315 1601 cst
338 1537 488 1618 accidens,
511 1539 564 1603 sed
586 1540 739 1624 completa
761 1539 955 1617 substantia3
979 1562 1053 1623 ergo
1076 1539 1250 1603 terminatio
1274 1539 1383 1603 animae

269 1649 308 1714 ad
331 1672 441 1735 corpus
464 1658 512 1714 θεῖ
539 1652 779 1717 communicatio
806 1661 894 1716 actus
921 1651 1132 1715 substantialis
1156 1651 1283 1715 animae:
1315 1673 1383 1735 quae

269 1763 505 1828 communicatio
519 1786 582 1827 non
597 1765 633 1828 fit
648 1787 703 1848 per
713 1764 850 1850 aliquam
866 1764 1016 1834 actionem
1030 1763 1246 1828 accidentalem
1262 1763 1381 1840 auimae,

268 1897 366 1959 quum
387 1875 489 1939 anima
503 1899 566 1939 non
588 1875 715 1960 incipiat
740 1900 817 1956 esse,
834 1885 865 1940 et
887 1883 1110 1961 consequenter
1132 1897 1189 1939 nec
1209 1898 1307 1958 agere,
1323 1875 1383 1938 nisi

269 1986 357 2050 unita
371 1987 500 2071 corpori.
545 1987 638 2064 Quod
654 1988 680 2051 si
697 1988 790 2068 dicas,
803 1990 994 2072 receptionem
1008 1987 1118 2050 animae
1133 1986 1303 2071 incorpore
1318 2010 1382 2050 esse

268 2099 408 2163 accidens
432 2099 578 2183 corporis,
602 2100 695 2165 etiam
718 2101 778 2164 hoc
800 2101 913 2164 falsum
939 2106 995 2179 est,
1019 2098 1091 2184 quia
1112 2098 1145 2162 in
1168 2120 1294 2183 corpore
1319 2120 1381 2162 non

269 2211 414 2294 recipitur
435 2210 568 2295 receptio
590 2211 711 2290 animae,
739 2211 794 2276 scd
816 2211 919 2276 anima
944 2211 1031 2296 ipsa:
1055 2209 1137 2274 unde
1158 2209 1228 2274 talis
1251 2211 1382 2295 receptio

270 2343 333 2386 uon
354 2330 401 2386 θεῖ
422 2322 598 2407 incorpore
616 2333 777 2408 tamquam
800 2324 940 2389 accidens
964 2323 996 2388 in
1019 2323 1166 2401 subiecto,
1183 2345 1236 2386 seu
1258 2331 1382 2386 nonest

270 2433 411 2499 accidens
424 2433 600 2521 physicum,
616 2435 671 2509 sed
686 2435 726 2501 ad
740 2458 901 2501 summum
917 2443 963 2500 est
979 2434 1094 2521 aliquid
1109 2435 1192 2520 quod
1214 2435 1296 2501 salva
1310 2435 1381 2501 sub-

270 2547 540 2632 stantiacorporis
562 2557 753 2633 potestesse
779 2548 828 2613 vel
851 2547 966 2627 abesse,
994 2571 1047 2613 seu
1071 2547 1211 2612 accidens
1236 2548 1381 2632 logicum.

270 2658 350 2723 Dico
365 2662 406 2723 ad
420 2684 571 2741 summum,
586 2661 737 2741 videlicet,
753 2660 865 2746 siquis
886 2660 1057 2725 consideret
1072 2682 1183 2745 corpus
1206 2660 1383 2745 simpliciter

271 2778 307 2835 ut
329 2772 533 2835 substantiam
556 2773 763 2837 materialem:
786 2773 859 2857 quia
876 2773 902 2837 si
923 2774 1131 2837 consideretur
1153 2781 1188 2836 ut
1204 2774 1382 2857 organicum

272 2882 304 2946 in
333 2884 472 2967 potentia
501 2885 596 2948 vitam
624 2883 752 2964 habens,
780 2884 916 2969 receptio
946 2884 1057 2948 animae
1085 2882 1210 2947 habebit
1233 2885 1381 2949 rationem

272 2994 454 3059 actuationis
468 3018 532 3060 non
547 2997 765 3080 contingentis,
778 2996 833 3061 sed
849 2996 1021 3061 necessario
1033 2995 1144 3061 debitae
1158 2996 1243 3061 iuxta
1257 3005 1381 3061 natura-

271 3106 332 3170 lem
347 3106 540 3191 exigentiam.
586 3108 665 3172 Vide
679 3108 774 3173 etiam
789 3131 858 3193 quae
874 3108 1008 3173 diximus
1025 3131 1117 3195 supra
1131 3132 1163 3172 n.
1178 3112 1229 3174 13.

316 3222 368 3283 54.
396 3220 524 3284 Obiiciea
538 3222 582 3283 3⁰.
629 3220 662 3283 Si
676 3220 780 3284 anima
794 3230 842 3284 est
858 3221 896 3285 de
917 3242 949 3283 se
973 3220 1147 3285 substantia
1168 3220 1278 3285 ultimo
1301 3244 1382 3286 com-

272 3331 364 3416 pleta,
380 3354 416 3395 eo
431 3332 497 3415 ipso
512 3341 559 3395 θεῖ
575 3353 714 3415 persona.
758 3332 857 3417 Atqui
872 3332 930 3397 hoc
950 3340 997 3395 est
1017 3332 1243 3397 inconveniens.
1288 3334 1382 3419 Ergo.

273 3443 375 3506 Maior
404 3452 533 3521 constat,
556 3444 629 3529 quia
654 3444 857 3528 personalitas
879 3452 926 3509 est
949 3443 1095 3510 ultimum
1124 3445 1382 3529 complementum

273 3553 453 3618 substantiae
474 3554 698 3619 intellectualis.
745 3556 853 3619 Minor
875 3564 971 3640 patet,
995 3556 1068 3640 quia
1086 3578 1149 3620 non
1169 3558 1313 3637 animam,
1330 3557 1383 3622 sed

271 3665 426 3731 hominem
450 3666 580 3731 dicimus
600 3690 666 3731 esse
681 3690 855 3753 personam.
900 3668 1049 3732 Praeterea
1072 3677 1259 3753 sequeretur,
1282 3670 1314 3734 in
1335 3692 1381 3733 re-

272 3778 458 3843 surrectione
486 3781 633 3844 unionem
656 3781 766 3845 auimae
787 3789 819 3845 et
841 3780 974 3865 corporis
996 3781 1060 3845 fore
1082 3781 1305 3868 hypostaticam
1328 3805 1381 3847 scu

237 3928 244 3941 ·
272 3891 471 3977 personalem,
487 3892 677 3977 quodetiam
692 3901 738 3957 est
753 3891 876 3957 falsum.

316 4003 499 4089 Respondeo
528 4004 595 4068 dist.
620 4004 701 4069 Mai.
732 4004 855 4089 quando
885 4012 931 4068 est
958 4004 1060 4069 anima
1082 4014 1219 4090 separata
1242 4030 1267 4071 c.
1289 4008 1382 4088 Mat„

272 4116 394 4203 quando
409 4126 480 4181 actu
494 4125 541 4180 est
555 4116 588 4179 in
603 4137 728 4200 corpore
747 4140 777 4179 a.
797 4118 878 4180 Mai.
888 4143 898 4197 ;
920 4118 989 4181 dist.
1012 4119 1082 4183 mia.
1102 4127 1148 4183 θεῖ
1166 4118 1383 4199 inconveniens

272 4230 356 4316 quod
378 4230 480 4293 anima
501 4228 541 4292 sit
563 4250 693 4313 persona
715 4228 789 4292 dum
811 4236 856 4293 est
873 4229 905 4293 in
921 4250 1044 4313 corpore
1059 4252 1084 4294 c.
1099 4231 1179 4308 mira,
1196 4231 1319 4315 quando
1334 4241 1381 4297 θεῖ

273 4349 410 4424 separata
423 4362 453 4403 a.
469 4339 540 4402 min.
584 4339 718 4403 Persona
737 4338 884 4405 definitur
905 4339 1062 4406 rationalis
1084 4349 1202 4408 naturae
1224 4341 1381 4409 individua
