3200 4975
206 342 274 387 car.
291 320 348 405 ιι]
516 341 557 385 na
575 342 776 385 suessanum
792 341 993 385 srrarruaar.
1268 326 1311 386 33

246 508 300 569 30.
322 504 476 582 Quantur
487 506 629 584 secundo,
641 507 716 571 uum
727 507 890 590 accipiam
902 507 1053 571 dictinctio
1060 506 1307 591 formalissocul-

205 624 308 681 totum.

249 728 440 814 Respondeo,
453 729 615 813 petendam
631 752 697 793 esse
706 728 744 793 ab
753 728 872 793 obiecto
886 728 1006 793 formali
1020 729 1206 809 earumdem,
1219 731 1307 794 idest

205 866 241 907 ex
257 843 373 907 ratione
392 842 512 907 formali
534 842 591 906 sub
613 864 674 926 qna
695 841 850 905 obiectum
872 842 1113 927 uniuscuiusque
1134 842 1306 926 attingitur.

206 954 310 1031 Quum
332 963 435 1019 autem
456 956 554 1019 forma
576 954 616 1027 sit
638 954 681 1032 id,
704 976 765 1038 quo
787 976 882 1038 agens
904 954 978 1037 agit,
1001 964 1037 1018 ut
1056 954 1174 1019 dictmn
1188 965 1245 1031 est,
1261 953 1307 1017 di·

204 1066 327 1131 stinctio
349 1066 528 1131 facultatum
550 1088 613 1129 uon
635 1066 781 1149 importat
804 1066 893 1150 plura
914 1066 1065 1151 principia
1084 1065 1138 1129 sed
1152 1088 1259 1145 mum,
1276 1066 1308 1129 id

205 1188 250 1242 est
272 1178 369 1262 ipsam
391 1179 531 1258 formam,
554 1200 608 1241 seu
630 1189 733 1241 aetum
756 1177 989 1242 substantialem
1010 1188 1046 1242 ut
1067 1189 1175 1263 aptum
1197 1178 1307 1242 babere

204 1290 432 1355 terminationes
455 1288 654 1354 accidentales
676 1288 800 1353 diversa
822 1288 957 1353 rationis.
1004 1288 1095 1366 Quod
1117 1290 1143 1353 si
1164 1293 1307 1357 'curemus

203 1411 319 1491 attente
342 1402 521 1479 examinare,
542 1400 711 1465 videbimus
730 1400 791 1465 vim
815 1401 1012 1485 appetitivam
1035 1402 1068 1464 in
1089 1422 1121 1465 sa
1140 1411 1306 1485 spectatam

204 1535 270 1577 esse
285 1521 387 1579 aetum
402 1521 438 1577 ut
452 1512 674 1577 terminabilem
694 1512 734 1577 ad
753 1510 906 1577 obiectum
921 1511 979 1577 sub
993 1513 1111 1578 ratione
1124 1513 1307 1598 appetibilis,

205 1618 265 1681 vim
280 1617 517 1701 cognoscitivam
531 1639 597 1681 esse
617 1627 719 1681 aetum
734 1624 770 1681 ut
787 1616 1010 1681 terminabilem
1026 1616 1065 1683 ad
1079 1618 1232 1684 obiectum
1248 1617 1305 1681 sub

204 1730 321 1793 ratione
349 1728 571 1812 cognoscibilis,
594 1728 656 1793 vim
684 1728 897 1795 loeomotivam
926 1752 991 1793 esse
1020 1740 1122 1795 actum
1144 1737 1180 1793 ut
1201 1729 1307 1793 termi-

155 1840 158 1848 '
204 1840 338 1905 nabilem
360 1840 399 1905 ad
421 1840 573 1906 obiectum
595 1833 784 1918 locoiuobile,
808 1852 867 1903 etc.
912 1838 951 1904 In
966 1839 1015 1903 bis
1034 1839 1177 1905 omuibus
1197 1840 1306 1904 unicus

166 1953 169 1959 ’
204 1962 290 2018 actus
317 1952 526 2020 substantialis
556 1951 659 2037 plures
688 1951 950 2016 denominationes
979 1952 1159 2037 potentiales
1187 1952 1307 2037 accipit,

205 2076 296 2150 prout
315 2065 433 2129 diversa
452 2072 498 2128 est
520 2063 687 2149 proprietas
711 2063 843 2141 termini,
866 2062 1017 2148 adquam
1037 2064 1307 2154 eomparatur'sub

205 2177 322 2241 ratione
337 2176 483 2261 potentiae
497 2175 530 2239 in
545 2185 617 2239 actu
630 2175 730 2259 primo
749 2175 907 2240 existentis
921 2175 960 2239 ad
974 2175 1061 2239 illum
1079 2174 1306 2259 attingendum.

205 2288 246 2351 Et
261 2288 303 2352 sic
317 2290 352 2353 in
366 2287 457 2353 rebus
472 2286 688 2366 materialibus,
709 2309 807 2371 quum
827 2288 954 2351 materia
976 2286 1068 2351 unius
1088 2287 1231 2351 elementi
1244 2310 1308 2351 non
1390 2266 1394 2272 ’

205 2400 329 2486 recipiat
353 2411 456 2464 actum
480 2399 605 2464 alterius
624 2398 684 2463 nisi
698 2400 731 2464 in
751 2422 785 2463 ea
809 2400 993 2484 passivitate,
1020 2400 1188 2464 secundum
1213 2422 1308 2486 qnam

205 2535 297 2598 capax
309 2523 355 2577 est
365 2510 530 2598 recipiendi
545 2521 661 2576 motum
678 2511 815 2589 localem,
827 2520 913 2577 actus
925 2512 1136 2578 substantialis
1150 2512 1306 2589 elementi,

206 2648 260 2690 seu
274 2625 340 2689 eius
354 2624 460 2701 forma,
476 2633 512 2688 ut
528 2623 569 2687 sic
585 2623 785 2688 terminabilis
799 2623 839 2688 ad
862 2617 955 2688 talem
981 2625 1150 2709 potentiam
1175 2626 1305 2709 recepti-

205 2760 272 2802 vam
289 2747 400 2814 motus,
417 2745 463 2799 est
479 2736 574 2799 virtus
596 2735 776 2799 locomotiva
792 2736 824 2799 in
842 2746 913 2800 actu
928 2737 1038 2820 primo,
1053 2748 1084 2800 et
1106 2736 1186 2801 nibil
1208 2735 1302 2800 aliud.

207 2848 298 2912 Unde
313 2856 436 2933 apparet
456 2847 580 2910 uomina
599 2847 805 2931 potentiarum
820 2869 885 2911 esse
900 2846 1033 2925 relativa,
1049 2848 1121 2932 quia
1135 2848 1308 2932 significant
1386 2890 1395 2913 t

207 2969 309 3024 actum
332 2957 568 3042 substantialem
580 2979 643 3022 non
658 2967 694 3020 ut
709 2957 761 3035 sio,
772 2958 831 3031 sed
845 2967 881 3022 ut
895 2958 1117 3022 terminabilem
1139 2958 1308 3023 accidenta-

205 3073 284 3152 liter,
300 3082 331 3136 et
346 3071 489 3135 exhibent
508 3070 596 3134 illum
618 3069 675 3134 sub
699 3068 825 3144 diversis
850 3069 1085 3134 formalitatibus
1111 3093 1166 3155 pro
1191 3069 1308 3135 diversa

207 3185 323 3249 ratione
354 3182 475 3247 formali
509 3181 769 3262 terminationum,
798 3182 838 3246 ad
867 3204 944 3266 quas
975 3183 1151 3267 concipiturv
1177 3205 1243 3247 esse
1274 3183 1307 3248 iu

206 3295 352 3380 potentia.

251 3408 395 3494 Sequitur
410 3406 442 3470 in
458 3405 634 3470 definitione
647 3405 800 3470 facultatis
815 3405 980 3470 cuiuslibet
994 3407 1053 3470 tria
1067 3429 1133 3481 esse
1144 3409 1305 3493 ponenda:

207 3523 240 3583 1ο
255 3530 356 3584 actum
380 3517 611 3583 substantialem
627 3528 662 3581 ut
680 3517 853 3610 subiectum
878 3518 1037 3582 cuiusdam
1060 3519 1226 3584 relationis.
1270 3523 1306 3585 2⁰

207 3633 371 3720 terminum
392 3631 591 3716 potentialem
611 3629 796 3694 aetuandunr
816 3630 870 3693 illo
887 3638 968 3695 actu.
1013 3632 1048 3694 3⁰
1070 3630 1306 3695 fundamentum

206 3743 361 3809 relationis
375 3753 461 3809 actus
475 3741 558 3807 illius
572 3739 612 3806 ad
626 3743 802 3821 terminum,
824 3764 878 3805 seu
897 3742 1045 3806 rationem
1069 3742 1228 3808 formalem
1248 3743 1305 3807 sub

205 3878 266 3941 qua
276 3858 426 3919 terminus
437 3862 538 3940 potest
548 3853 636 3917 illum
645 3862 748 3918 actum
762 3853 934 3917 terminare.
973 3854 1076 3937 Atque
1087 3853 1160 3918 hinc
1169 3855 1306 3939 sequitur

205 3967 344 4046 ulterius,
360 3966 443 4052 quod
457 3965 584 4031 facultas
599 3964 742 4050 qualibet
751 3944 803 4029 'est
817 3965 924 4029 relatio
938 3964 1077 4049 quadam
1094 3965 1306 4049 aptitudinalis

206 4089 291 4144 actus
306 4079 345 4143 ad
359 4078 536 4157 terminum,
546 4099 614 4162 quae
629 4077 766 4162 specifice
781 4085 928 4155 mutatur,
938 4077 1016 4140 sieut
1030 4098 1136 4140 omnes
1149 4077 1216 4141 aliae
1231 4078 1306 4142 rela-

206 4191 313 4270 tiones,
332 4200 451 4259 mutato
470 4189 683 4255 fundamento,
727 4189 965 4274 Consequenter,
982 4189 1007 4252 si
1022 4188 1162 4253 volumus
1183 4189 1308 4262 definire

206 4303 380 4367 facultatem
407 4304 440 4367 iu
470 4325 589 4386 genere,
620 4301 834 4371 subtrahemus
864 4299 1065 4366 differentiam
1096 4301 1265 4385 specificam
1290 4324 1308 4366 a

250 4435 323 4478 von.
341 4436 380 4479 11.
715 4447 717 4454 ι
1115 4431 1135 4472 o
