3200 4975
230 334 315 419 [car.
333 355 370 398 11.
665 355 707 400 nr
726 356 873 399 neurus.
1267 335 1328 396 185

224 522 455 606 complemento,
468 519 560 584 babet
574 521 723 584 rationem
739 521 918 586 substantiae
934 543 968 585 ao
984 528 1099 584 naturae
1115 519 1280 605 spiritualis
1296 520 1327 583 in

225 658 257 698 se
286 634 454 719 completae.
500 632 592 709 Quod
621 634 659 698 ad
690 635 857 698 secundum
886 634 1007 710 attinet,
1031 633 1116 697 nulla
1139 641 1240 718 potest
1266 656 1331 696 esse

224 746 362 830 quaestio,
385 767 482 832 quum
505 743 543 807 ab
566 767 631 808 esse
652 745 751 809 valeat
773 745 871 809 illatio
893 744 932 808 ad
962 767 1060 828 possa.
1107 743 1168 806 sed
1190 743 1228 807 de
1250 743 1331 807 lacto

224 857 326 921 anima
340 857 511 942 completur
526 856 558 920 in
573 879 639 920 esse
653 864 770 921 naturae
786 857 938 920 sensitiva
952 879 1007 940 per
1024 855 1268 920 terminationem
1291 855 1330 918 ad

225 989 345 1050 corpus.
389 966 474 1050 Ergo
495 974 542 1029 est
565 966 608 1030 sic
627 966 827 1051 complebilis.
873 966 982 1045 Immo,
999 966 1024 1029 si
1044 965 1147 1029 anima
1166 965 1331 1050 accipiatur

224 1079 441 1162 reduplicative,
465 1099 528 1140 non
559 1076 657 1141 solum
688 1077 748 1141 diei
777 1077 869 1141 debet
899 1077 1028 1141 ulterius
1058 1075 1256 1160 complebilis,
1278 1076 1332 1140 sed

225 1191 355 1255 ulterius
374 1188 575 1274 complenda3
598 1189 658 1252 nisi
680 1189 761 1253 enirn
783 1189 978 1254 ordinaretur
991 1190 1030 1253 ad
1046 1187 1330 1253 communicandam

225 1304 319 1367 vitam
335 1302 463 1386 corpori,
478 1324 541 1365 non
555 1311 658 1387 posset
673 1301 772 1364 vocari
787 1301 900 1381 anima,
915 1324 1011 1386 quum
1034 1301 1168 1364 animare
1189 1301 1229 1364 sit
1249 1321 1331 1365 com·

225 1415 382 1478 manicare
396 1414 500 1479 vitam.

270 1529 322 1589 52.
351 1526 477 1589 Obiieiea
500 1527 543 1587 1⁰.
589 1524 683 1604 Illud,
706 1525 871 1608 peronius
893 1525 1115 1610 separationem
1140 1524 1179 1589 ab
1209 1524 1268 1588 alio
1296 1525 1332 1587 fit

228 1636 376 1701 naturalis
399 1636 444 1700 rei
468 1639 634 1721 corruptio,
649 1659 712 1700 non
737 1645 784 1700 est
814 1636 985 1702 substantia
1014 1637 1176 1722 completa,
1203 1637 1256 1701 sed
1285 1636 1332 1718 in7

227 1749 387 1833 completa,
402 1756 438 1812 nt
464 1770 545 1832 pars.
593 1747 652 1812 Sed
674 1748 735 1812 tale
757 1748 831 1834 quid
850 1758 897 1813 est
918 1749 1019 1813 anima
1039 1749 1182 1828 bominis,
1203 1749 1282 1813 sicut
1302 1756 1333 1812 et

226 1861 351 1925 alterins
363 1860 497 1924 cuiusvis
508 1859 647 1924 viventis.
685 1860 769 1945 Ergo
789 1861 891 1925 anima
908 1884 971 1924 non
990 1870 1038 1926 est
1056 1861 1229 1925 substantia
1251 1883 1332 1925 com-

226 1973 319 2058 pleta.
358 1972 464 2034 Minor
475 1980 560 2055 patet
576 1971 780 2057 experientia3
803 1996 887 2052 narn,
899 1997 995 2059 quum
1007 1973 1101 2038 borno
1112 1973 1252 2053 moritur,
1264 1973 1333 2037 ideo

226 2084 440 2169 corrumpitur,
457 2083 529 2168 quia
543 2083 659 2147 amittit
675 2085 819 2164 animam,
835 2109 903 2170 quae
918 2095 965 2150 est
980 2086 1163 2171 principium
1179 2086 1258 2150 vitae.

269 2196 452 2280 Respondeo
467 2196 566 2280 primo
580 2219 645 2280 nep.
661 2199 761 2261 Mae:
783 2198 855 2282 quia
870 2199 1025 2282 corruptio
1045 2198 1193 2262 naturalis
1208 2220 1271 2262 non
1287 2205 1333 2262 est

226 2309 381 2392 corruptio
396 2307 624 2386 substantialis3
647 2317 679 2372 et
694 2308 762 2372 ideo
777 2309 885 2394 nequit
899 2308 1004 2374 inferri
1020 2310 1102 2397 quod
1117 2332 1187 2395 pars
1202 2319 1330 2389 naturae,

226 2443 294 2508 quae
309 2419 523 2506 corrumpitur,
540 2421 579 2483 sit
595 2419 766 2486 substantia
781 2421 974 2506 incompleta.
1004 2502 1011 2517 ,

271 2532 454 2618 Respondeo
476 2532 611 2596 secundo
634 2534 702 2597 diat.
725 2535 807 2597 Mai.
831 2555 893 2597 non
916 2542 962 2598 est
985 2535 1157 2600 substantia
1181 2535 1333 2619 completa

226 2645 448 2730 complemento
471 2644 665 2708 substantiali
687 2652 719 2707 et
738 2646 872 2709 naturali
887 2646 1026 2711 absoluto
1040 2671 1070 2711 n.
1087 2649 1178 2726 Mai,
1199 2668 1263 2711 uon
1285 2655 1332 2710 est

227 2756 399 2820 substantia
418 2756 568 2841 completa
589 2757 816 2841 complemento
830 2757 963 2823 naturali
978 2758 1102 2823 relativo
1117 2783 1140 2824 c.
1159 2761 1238 2823 Mai.
1254 2783 1333 2823 aaran

226 2871 296 2932 min.
317 2877 349 2931 et
370 2870 440 2934 dist.
461 2892 537 2933 cona.
559 2869 639 2933 sicut
658 2868 692 2931 in
715 2868 839 2934 maiore.
884 2869 976 2935 Ratio
990 2879 1046 2948 est,
1062 2870 1134 2955 quia
1148 2871 1227 2935 nihil
1242 2871 1334 2935 babet

227 2981 375 3045 rationem
401 2980 590 3060 substantiae,
606 2980 667 3045 nisi
688 2980 722 3044 in
747 3004 779 3044 se
802 2980 948 3045 subsistat
968 2982 1117 3067 complete
1131 2991 1163 3046 et
1177 2982 1334 3063 absolute;

227 3114 300 3176 ergo
322 3092 424 3156 anima
445 3092 591 3172 bumana,
608 3116 677 3178 quae
698 3102 745 3156 est
769 3092 952 3173 substantia,
967 3093 1059 3157 babet
1081 3095 1113 3157 in
1132 3094 1231 3179 seipsa
1246 3095 1335 3180 quid·

228 3204 303 3287 quid
317 3204 484 3289 requiritur
498 3204 537 3268 ad
553 3227 619 3268 eam
635 3203 847 3289 complendam
858 3204 889 3268 in
901 3228 966 3269 esse
978 3205 1173 3270 substantiali
1183 3205 1333 3269 absoluto.

227 3316 303 3379 Esse
322 3324 424 3380 autem
446 3316 555 3380 animae
571 3316 715 3380 humanae
736 3317 779 3381 sic
801 3316 940 3381 absolute
962 3317 1186 3383 consideratum
1208 3324 1335 3382 estesse

227 3439 345 3492 naturae
367 3428 527 3492 cuiusdam
551 3427 736 3512 spiritualis3
763 3438 794 3492 et
816 3429 885 3493 ideo
907 3430 1040 3495 animam
1064 3454 1130 3495 esse
1152 3430 1334 3516 completam

226 3539 427 3604 substantiam
446 3549 493 3604 est
510 3539 591 3604 idern
615 3562 650 3603 ac
670 3540 805 3604 animam
826 3565 892 3606 esse
916 3542 1098 3628 completam
1114 3551 1256 3607 naturam
1272 3543 1334 3627 spi-

226 3652 378 3730 ritualem,
391 3675 446 3716 seu
460 3652 647 3737 completum
662 3676 763 3737 perse
778 3654 963 3739 principium
980 3656 1192 3739 operationum
1210 3655 1333 3740 spiritu·

226 3764 330 3828 aliurn.
379 3763 439 3827 Sed
463 3765 489 3827 si
511 3764 614 3828 anima
636 3764 846 3829 consideretur
870 3787 933 3830 non
957 3767 1125 3831 secundum
1142 3767 1224 3852 quod
1240 3767 1333 3830 estin

228 3900 260 3941 se
272 3876 420 3955 absolute,
433 3877 486 3941 sed
496 3877 664 3941 secundum
677 3877 760 3962 quod
771 3877 931 3942 ordinatur
945 3879 984 3943 ad
1000 3879 1199 3943 animandum
1214 3901 1334 3964 corpus,

227 3988 259 4052 id
274 3997 322 4051 est
337 3987 471 4068 relative,
483 3996 558 4053 tunc
570 3989 725 4053 evidenter
740 3989 860 4074 indiget
870 3989 1014 4075 compleri
1026 4013 1080 4074 per
1089 3990 1332 4055 terminationem

229 4100 267 4165 ad
283 4123 403 4185 corpus,
420 4101 500 4164 sicut
515 4100 658 4185 quaelibet
673 4101 771 4164 forma
791 4102 831 4165 ad
851 4124 937 4166 suam
959 4102 1129 4167 materiam.
1176 4102 1209 4166 Si
1231 4110 1333 4167 antem

226 4236 261 4276 ex
287 4214 389 4276 anima
415 4222 446 4275 et
473 4236 596 4297 corpore
619 4213 705 4277 fieret
731 4235 793 4276 una
818 4212 998 4292 substantia,
1022 4214 1148 4277 omnino
1171 4213 1333 4278 dicendum

227 4333 316 4403 esset,
340 4324 473 4388 animam
497 4348 559 4388 non
583 4347 648 4389 esse
672 4324 732 4389 nisi
755 4333 873 4408 partem
898 4324 1097 4391 substantiae:
1129 4325 1182 4391 sed
1205 4327 1277 4410 qnia
1299 4317 1335 4389 ex
