3200 4975
275 350 342 415 894
678 370 721 413 oa
738 368 994 415 accrurrcrraus.
1221 349 1308 433 [car.
1325 372 1380 415 ιιι.

273 544 440 621 ιηιιιιιιιιι
459 535 501 600 ad
521 535 679 601 mammam
701 543 865 615 mausum,
888 544 1009 620 eccepto
1030 539 1145 601 ratione
1166 537 1279 602 cecedi
1300 539 1331 601 io
1349 560 1382 601 se

268 649 377 733 piaco,
401 647 473 732 quia
493 668 557 713 non
580 646 744 713 haberetur
764 647 797 713 in
819 647 963 712 omnibus
982 655 1014 713 ct
1037 646 1167 731 singulis
1182 647 1305 732 punctis
1319 647 1380 711 nisi

274 781 336 825 una
350 767 382 825 et
396 758 502 824 eadem
521 758 659 843 angelica
678 758 860 823 substantia.
905 758 1025 837 Fateor,
1048 758 1128 823 hanc
1142 780 1206 823 uon
1221 780 1286 823 esse
1300 758 1382 843 pari-

274 878 390 948 tatem,
414 868 468 933 sed
482 891 573 933 nemo
587 891 669 934 saum
683 870 811 935 rationis
826 869 988 953 paritatem
1003 867 1182 953 postulabit.

318 981 372 1045 85.
403 979 532 1045 Obiiciec
561 980 607 1059 5⁰,
635 980 717 1045 hanc
745 977 977 1065 explicationem
1007 1002 1072 1045 esse
1102 1001 1221 1059 novam,
1251 980 1381 1066 ideoque

273 1088 481 1157 reficiendam.

282 1230 292 1243 ·
317 1200 511 1287 Respondeo,
531 1222 627 1267 novas
646 1201 863 1287 explicationes
880 1224 983 1267 rerum
1004 1201 1172 1270 difficilium
1192 1224 1258 1269 csse
1274 1202 1381 1268 lauda-

273 1310 361 1391 hiles,
383 1311 507 1397 quando
530 1321 562 1379 et
585 1311 703 1377 nullam
727 1311 842 1377 hahent
865 1312 1088 1397 oppositionem
1110 1333 1181 1379 cum
1203 1312 1381 1379 veritatibus

273 1423 415 1507 cognitis,
430 1432 462 1489 et
477 1423 553 1488 dant
572 1423 738 1491 faciliorem
757 1424 885 1489 modum
909 1423 1045 1491 solvendi
1066 1422 1253 1489 obiectiones
1273 1423 1380 1489 adver·

274 1534 431 1599 sariorum.
475 1534 566 1599 Adde
580 1534 664 1619 quod
680 1534 714 1599 in
728 1534 785 1600 hac
800 1534 927 1600 materia
945 1556 1007 1599 non
1025 1533 1100 1599 levis
1115 1542 1162 1599 cat
1177 1556 1267 1599 causa
1286 1557 1381 1599 novas

273 1646 488 1731 explicationes
503 1644 668 1731 quarendi,
684 1654 810 1730 propter
826 1652 958 1711 mutatas
977 1644 1058 1711 circa
1079 1644 1302 1731 philosophiam
1324 1668 1380 1710 na-

273 1756 404 1822 turalem
418 1756 596 1835 sententias,
618 1763 650 1820 et
671 1755 884 1823 necessitatem
900 1756 1103 1821 resultantem
1118 1755 1300 1821 conciliandi
1313 1778 1380 1820 om-

273 1868 361 1932 nium
376 1868 519 1932 ordinum
534 1868 694 1933 veritates:
718 1867 805 1931 cuius
820 1868 863 1933 rei
879 1866 1001 1952 signum
1017 1877 1074 1949 est,
1097 1866 1180 1952 quod
1200 1876 1270 1951 post
1293 1867 1379 1930 dere-

274 1979 377 2043 lictam
393 1978 550 2064 physicam
565 1979 815 2046 scholasticorum
831 1980 936 2045 multa
951 1980 1017 2045 aliae
1031 2002 1117 2045 nova
1132 1979 1291 2045 sententia
1302 1978 1381 2043 circa

273 2089 332 2155 hoc
346 2090 527 2175 mysterium
541 2090 656 2155 fuerint
670 2113 689 2154 a
702 2090 775 2155 viris
790 2090 898 2168 doctis,
917 2113 973 2155 nec
991 2090 1169 2169 temerariis,
1191 2089 1378 2173 excogitata.

274 2202 341 2267 Nec
354 2200 468 2286 inepte,
483 2200 601 2285 opinor,
622 2201 676 2265 sed
693 2224 765 2267 cum
785 2202 906 2286 magnis
927 2202 1138 2267 fundamentis
1157 2210 1293 2266 nostram
1313 2202 1380 2286 opi·

275 2312 398 2377 nionem
413 2312 608 2395 protulimus,
617 2321 649 2379 et
660 2312 784 2398 quidem
799 2314 853 2393 ita,
863 2322 899 2379 ut
910 2313 1037 2382 aliorum
1049 2314 1207 2378 sententiae
1220 2313 1380 2397 acquirent

274 2421 500 2507 quodammodo
514 2444 629 2489 uorum
647 2422 741 2488 robur
763 2424 845 2488 intra
867 2423 980 2490 limites
1002 2422 1139 2510 mysterii
1160 2422 1294 2504 revelati,
1309 2422 1380 2490 licet

249 2527 263 2540 “
275 2557 413 2599 corruere
427 2534 589 2599 videantur
608 2557 721 2620 exque
741 2543 829 2620 parte
848 2535 1020 2600 naturalem
1038 2534 1264 2621 philosophiam
1285 2535 1379 2600 attin·

274 2653 363 2727 gunt.
408 2645 491 2708 Nam
511 2653 634 2731 accepto
656 2645 858 2711 fundamento
873 2644 1036 2728 dogmatis,
1052 2645 1155 2710 omnia
1168 2643 1325 2728 exegimus
1339 2645 1379 2708 ad

274 2754 340 2818 eius
350 2754 512 2834 rationem,
524 2755 603 2819 sicut
614 2777 720 2820 omnes
731 2755 868 2839 theologi
878 2756 1034 2820 fecenmt:
1058 2756 1113 2820 aed
1121 2755 1378 2840 quemadmodum

273 2864 405 2929 liberum
419 2864 481 2928 illis
498 2865 558 2931 fuit
578 2866 728 2948 explicare
745 2889 809 2930 rem
824 2889 880 2950 per
893 2866 1129 2952 philosophiam,
1145 2890 1205 2951 qua
1220 2878 1295 2932 tunc
1311 2876 1377 2932 ute·

274 2976 396 3054 bantur,
412 2976 456 3039 ita
465 2998 523 3040 nos
537 2977 669 3042 vicissim
679 2985 793 3055 nostra,
806 3000 898 3062 quam
911 2979 1057 3050 veriorem
1066 2985 1222 3062 putamus,
1232 2977 1279 3042 uti
1290 2999 1379 3061 posse

275 3087 487 3153 iudicavimus.

320 3200 474 3266 Caeterum
488 3200 554 3266 haec
568 3221 646 3264 nova
660 3199 831 3285 explicandi
841 3201 917 3266 ratio
933 3201 1030 3284 magis
1046 3200 1201 3279 satisfacit,
1217 3222 1285 3264 meo
1298 3199 1379 3264 iudi·

274 3311 330 3390 cio,
353 3332 446 3395 quam
468 3319 603 3375 veteresr
628 3313 662 3373 1⁰
675 3311 748 3395 quia
769 3318 870 3374 totum
893 3318 1017 3394 praestat
1040 3310 1123 3395 quod
1145 3310 1229 3375 aliae:
1252 3313 1288 3375 2⁰
1306 3313 1379 3396 quia

273 3421 382 3486 melius
396 3421 478 3485 idem
492 3429 616 3506 praestat
630 3430 661 3485 et
676 3421 857 3505 perfectius3
881 3424 916 3485 3⁰
931 3422 1003 3505 quia
1017 3422 1115 3505 magis
1129 3422 1292 3485 concordat
1307 3444 1378 3486 cum

272 3528 442 3598 innumeris
459 3533 515 3597 SS.
531 3533 657 3598 Patrum
680 3543 711 3596 et
736 3532 902 3616 Scripturae
923 3531 1129 3596 locutionibus
1139 3559 1148 3610 ;
1171 3532 1273 3597 hostia
1294 3532 1377 3597 enim

273 3652 447 3708 consecrata
465 3644 579 3728 passim
601 3652 728 3708 vocatur
740 3646 841 3727 ponis,
855 3645 946 3727 ponis
965 3645 1057 3722 mous,
1069 3645 1162 3730 ponis
1178 3653 1272 3724 verua,
1287 3647 1379 3729 ponis

273 3778 358 3838 quem
370 3755 549 3839 srouyimus,
565 3762 634 3832 etc,
656 3776 725 3838 quae
744 3776 842 3839 quum
862 3763 1016 3839 nequeant
1040 3754 1210 3838 significare
1236 3754 1378 3818 substan-

272 3867 359 3946 tiam,
374 3865 470 3950 accipi
485 3864 597 3930 dehent
611 3886 668 3950 pro
682 3873 810 3929 natura:
835 3868 870 3928 4⁰
885 3864 1033 3949 quianon
1049 3865 1228 3929 contradicit
1243 3865 1377 3951 physicae

272 3977 424 4055 rationali,
440 3999 495 4042 seu
509 3975 733 4062 metaphysica,
749 3977 898 4040 scrutanti
913 3976 1075 4040 essentiam
1090 3977 1272 4060 quantitatis
1287 3975 1376 4040 realis

273 4098 304 4152 et
319 4088 445 4152 realium
461 4087 662 4171 qualitatum:
685 4089 720 4148 5⁰
734 4086 807 4171 quia
822 4087 964 4150 cumulus
988 4087 1200 4172 mysteriorum
1218 4088 1257 4151 ad
1277 4109 1375 4150 unum

273 4199 453 4284 mysterium
474 4206 631 4264 revocatur
652 4221 714 4262 una
736 4199 962 4262 consecratione
983 4198 1179 4282 productum,
1203 4199 1290 4263 cuius
1312 4221 1375 4262 non

273 4309 508 4392 repugnantiam
533 4331 695 4394 possumus
718 4309 925 4374 demonstrare
948 4318 1054 4374 eontra
1072 4310 1252 4374 incredulos.
1300 4310 1374 4374 Ideo
