3200 4975
257 366 321 427 154
707 382 749 424 ns
767 380 914 425 nonius.
1230 354 1316 438 [oar.
1335 369 1359 415 1.

253 554 319 638 ipsa
331 551 484 616 sensibilia
492 573 564 616 cum
574 548 686 613 maiore
698 549 893 612 distinctione
903 544 1037 631 percipi:
1061 543 1105 608 sic
1116 543 1176 607 alio
1185 542 1273 607 oculo
1288 563 1359 605 con·

254 663 366 728 sitierat
380 663 531 747 picturam
546 661 652 738 homo,
668 658 728 723 alio
741 658 808 722 bos.

296 775 324 838 Il
339 796 483 839 converso
491 772 537 835 vis
552 770 730 835 attendendi
740 778 771 834 et
782 765 957 832 reflectendi
968 766 1007 830 ad
1019 763 1222 848 intelligibilia
1232 761 1359 826 latentia

252 887 285 952 in
312 885 516 962 sensibilibus,
537 884 570 947 in
595 882 763 968 composito
786 881 824 945 de
849 901 910 965 quo
935 877 1101 963 loquimur,
1122 877 1157 940 fit
1183 874 1359 959 dependens

253 999 354 1084 q'uoad
378 997 591 1062 exercitiuma
616 995 646 1060 vi
666 993 845 1058 attendendi
868 1000 899 1056 et
922 989 1098 1056 reflectendi
1122 988 1161 1052 ad
1184 985 1357 1051 sensibilia:

252 1110 340 1174 cuius
354 1108 397 1173 rei
410 1108 489 1173 ratio
502 1115 587 1192 patet
601 1129 638 1171 ex
653 1106 742 1170 dictis
760 1107 803 1188 (ιι.
819 1104 876 1184 21)
892 1104 930 1167 de
945 1103 973 1167 vi
989 1100 1183 1180 intellectiva,
1198 1098 1297 1184 qualis
1311 1106 1358 1162 est

252 1221 285 1283 in
301 1220 407 1284 eodem
423 1218 600 1302 composito.
645 1220 749 1301 Atque
763 1216 867 1286 eadem
884 1215 929 1279 vis
944 1213 1124 1279 attendendi
1138 1221 1169 1276 et
1183 1209 1357 1276 reflectendi

252 1333 292 1396 ad
306 1330 452 1416 quaelibet
466 1329 626 1394 rationalia
641 1351 760 1413 semper
774 1325 962 1391 exercebitur
976 1334 1046 1390 actu
1055 1347 1126 1389 cum
1141 1324 1243 1408 aliqua
1257 1331 1356 1386 atton·

251 1444 334 1508 tione
349 1450 402 1507 aut
416 1441 576 1507 reflexione
591 1441 629 1505 ad
645 1441 744 1525 aliqua
760 1439 924 1520 sensibilia,
939 1445 975 1502 ut
990 1461 1026 1502 ex
1040 1437 1153 1501 ibidem
1170 1435 1260 1499 dictis
1274 1443 1305 1499 et
1320 1456 1356 1498 ex

251 1556 318 1640 ipsa
332 1562 443 1618 natura
457 1552 618 1637 compositi
632 1552 770 1616 resultat.

295 1669 348 1730 31.
372 1665 527 1743 Quaeritur
550 1664 690 1748 septimo,
715 1686 846 1748 quaenam
869 1665 929 1727 aiut
954 1671 983 1726 ct
1008 1661 1148 1746 quoumdo
1174 1660 1356 1744 applicantur

250 1781 326 1843 aurea
340 1780 493 1842 caecutiuae
508 1786 624 1841 actuum
640 1777 861 1840 transeuntium.

294 1889 487 1974 Respondeo,
508 1889 592 1974 quod
614 1897 746 1973 quatuor
768 1888 1006 1972 distinguuntur
1026 1886 1060 1950 in
1081 1907 1159 1970 puro
1182 1883 1293 1969 spiritu
1315 1883 1353 1947 ad

250 2011 334 2067 extra
357 2001 516 2066 ordinata:
539 2001 584 2066 vis
609 2000 821 2078 illuminativa,
848 1998 1002 2077 allicitiva,
1026 1997 1139 2060 motiva
1163 2018 1218 2080 per
1241 1995 1353 2072 locum,

249 2114 460 2177 informativa:
483 2112 648 2197 exquibus
670 2111 793 2175 sclavis
816 2110 1019 2203 illuminativa
1034 2119 1064 2172 et
1078 2107 1259 2172 locomotiva
1281 2115 1354 2171 sunt

249 2224 327 2288 vires
352 2224 523 2288 executivae.
567 2223 624 2286 Vis
653 2224 736 2286 enim
759 2222 912 2301 allicitiva,
933 2244 969 2285 ex
993 2221 1083 2285 dictis
1107 2221 1140 2284 in
1164 2219 1354 2304 praecedente

249 2344 382 2398 tractatu
401 2336 444 2418 (n.
457 2337 510 2412 48,
526 2336 594 2419 49),
609 2357 673 2397 non
692 2342 739 2397 est
760 2333 845 2397 aliud
866 2333 926 2396 nisi
941 2333 986 2398 vis
1003 2332 1206 2396 illuminativa
1220 2330 1258 2395 ab
1274 2331 1352 2394 ulte·

249 2447 328 2510 riore
347 2445 467 2525 effectu,
484 2468 575 2530 quem
599 2454 758 2531 praeparat,
775 2444 980 2509 denominata.
1025 2444 1074 2508 De
1088 2444 1119 2509 vi
1141 2452 1243 2508 autem
1258 2443 1353 2507 infor-

248 2558 360 2622 mativa
382 2557 505 2621 aliunde
519 2566 635 2621 certum
651 2566 698 2620 est
712 2579 779 2621 earn
802 2579 864 2620 non
880 2580 945 2621 esse
959 2558 1022 2621 vim
1042 2557 1239 2635 executivam,
1256 2579 1352 2640 quum

247 2693 311 2735 non
341 2670 558 2734 subordinetur
583 2669 735 2734 voluntati
772 2676 931 2753 tamquam
957 2668 1060 2753 aliqua
1092 2668 1229 2753 potentia
1257 2667 1353 2732 libere

248 2783 423 2863 exercenda,
435 2782 488 2846 sed
504 2783 544 2846 sit
559 2783 626 2866 ipsa
640 2780 813 2845 substantia
828 2781 947 2859 animae,
959 2789 995 2844 ut
1009 2782 1043 2843 in
1058 2788 1127 2844 actu
1143 2780 1242 2866 primo
1257 2779 1351 2843 infor·

247 2895 361 2959 mandi.
407 2893 509 2971 Quare
520 2894 566 2958 vis
580 2894 774 2957 informativa
785 2915 848 2957 non
864 2901 911 2956 est
925 2891 1025 2976 aliqua
1034 2891 1141 2971 virtue,
1150 2913 1219 2975 quae
1234 2890 1352 2975 concipi

248 3006 355 3069 debeat
375 3029 430 3090 per
445 3014 625 3090 conceptum
647 3003 839 3089 praecisivum
854 3012 1011 3089 tamquam
1034 3003 1150 3088 aliquid
1164 3002 1283 3083 animae,
1299 3003 1353 3066 sed

247 3117 444 3202 concipienda
457 3124 504 3180 est
524 3140 579 3201 per
593 3116 834 3201 complexionem
856 3115 995 3179 omnium
1010 3122 1224 3199 conceptuum,
1240 3113 1351 3198 quibus

247 3227 419 3291 substantia
439 3226 548 3291 animae
570 3226 623 3290 (lat
637 3226 885 3303 fundamentum,
901 3226 934 3288 id
952 3234 1000 3289 est
1022 3232 1058 3289 ut
1072 3226 1175 3289 anima
1194 3225 1351 3309 adaequate

247 3346 379 3422 sumpta,
395 3347 425 3401 et
440 3336 609 3401 secundum
631 3336 825 3421 adaequatum
841 3358 932 3400 suum
954 3358 1019 3400 esse
1042 3337 1191 3401 actuativa
1206 3336 1349 3420 corporis.

248 3449 354 3513 Solum
367 3448 450 3513 enim
466 3458 501 3511 ut
516 3448 674 3532 adaequate
683 3448 846 3511 terminata
860 3450 893 3510 in
908 3470 973 3511 csse
985 3448 1169 3512 intellectiva
1184 3456 1216 3511 et
1226 3447 1350 3513 volitivo

246 3568 293 3623 est
316 3558 501 3643 principium
524 3559 683 3643 completae
697 3559 778 3623 vitae
802 3557 979 3642 spiritualia,
995 3567 1026 3624 et
1047 3570 1104 3643 pcr'
1125 3560 1183 3623 hoc
1206 3568 1252 3623 cst
1279 3569 1351 3645 apta

246 3670 469 3735 communicare
483 3670 601 3755 corpori
623 3670 768 3755 organico
782 3670 815 3734 in
838 3672 977 3755 potentia
992 3672 1086 3737 vitam
1108 3671 1233 3735 habenti
1247 3673 1349 3757 ipsum

245 3806 311 3848 csse
326 3781 465 3860 viventis,
477 3782 542 3847 sine
557 3804 618 3867 quo
639 3805 702 3847 non
718 3782 956 3847 constitueretur
971 3805 1068 3846 unum
1083 3783 1221 3848 naturale
1236 3784 1348 3849 vivens.

245 3896 382 3980 Apparet
404 3902 519 3975 autem,
534 3894 618 3980 quod
640 3894 666 3958 si
683 3894 780 3959 virtus
800 3896 994 3959 informatius
1013 3917 1077 3959 non
1099 3903 1178 3959 esset
1193 3896 1259 3981 ipsa
1277 3896 1349 3959 sub-

246 4006 359 4070 stantia
380 4006 490 4070 animae
509 4006 666 4091 adaequate
688 4015 821 4090 sumpta,
843 4006 897 4070 sed
914 4006 1030 4091 aliquid
1052 4006 1127 4087 eius,
1146 4030 1173 4072 v.
1190 4030 1237 4093 gr.
1252 4008 1349 4073 virtus

246 4118 429 4182 intellectiva
445 4127 480 4182 ut
495 4118 548 4198 sic,
560 4141 657 4202 quum
672 4117 705 4181 in
722 4118 785 4182 solo
801 4129 872 4181 actu
887 4118 1072 4183 intellectivo
1083 4142 1143 4183 non
1162 4120 1349 4205 compleatur

245 4230 318 4308 vita,
334 4230 387 4293 sed
402 4237 523 4293 tantum
539 4230 711 4307 inchotitur,
727 4230 797 4294 talis
812 4230 908 4293 virtus
924 4252 986 4293 non
1002 4239 1102 4315 posset
1119 4240 1239 4296 actuare
1254 4232 1348 4295 vitam

245 4342 280 4406 in
295 4363 419 4425 corpore
433 4340 586 4424 organico,
596 4341 657 4405 nisi
671 4340 862 4420 inchoativo,
887 4342 969 4426 quod
985 4352 1135 4427 repugnat
1143 4370 1153 4422 3
1176 4347 1248 4427 quia
1263 4352 1348 4408 actus
