3200 4975
190 429 262 472 car.
280 408 335 492 ιι]
508 428 550 470 nu
567 426 768 470 snasrrrrm
784 425 988 469 aerumnam.
1253 404 1292 466 75

190 604 256 659 tum
273 616 343 659 vero
358 592 396 657 ad
412 593 625 677 compositum,
642 592 718 656 illud
739 599 818 657 esset
839 590 962 677 quidem
984 614 1081 655 unum
1090 613 1148 675 per
1162 614 1194 655 se
1207 591 1293 675 prin·

189 706 304 791 cipium
325 706 394 770 vitae
413 703 563 785 animalis,
589 706 644 769 sed
669 728 767 769 unum
783 727 842 788 per
863 704 997 768 accim
1021 703 1207 787 principium
1224 702 1294 767 vitae

190 816 414 882 intellectualis.
460 815 561 892 Quare
589 839 626 880 ex
659 838 695 881 eo
729 816 814 901 quod
848 815 950 879 anima
978 816 1014 878 dr
1036 815 1123 899 sacto
1152 822 1183 877 et
1212 813 1296 877 iuxta

191 928 330 993 ordinem
350 934 468 991 naturae
487 949 551 991 non
571 935 691 991 creetur
705 927 765 991 nisi
779 926 812 990 in
833 947 968 1011 corpore,
984 933 1014 989 et
1029 946 1091 992 non
1106 924 1167 988 nisi
1181 924 1295 1010 depen-

192 1042 300 1105 denter
322 1063 341 1104 a
363 1062 445 1104 nexu
468 1061 539 1104 cnm
564 1061 689 1124 corpore
711 1047 847 1103 exerceat
872 1059 942 1102 suas
965 1035 1154 1121 operationes
1177 1035 1295 1114 vitales,

193 1162 327 1237 apparet,
342 1151 498 1215 hominem
513 1174 580 1215 csse
600 1174 698 1214 unum
724 1173 779 1235 per
803 1172 835 1214 se
858 1148 1007 1226 naturale,
1032 1156 1099 1213 tum
1127 1148 1297 1213 secundum

193 1263 276 1347 quod
290 1272 337 1327 est
351 1263 475 1342 animal,
491 1270 559 1326 tum
574 1261 743 1326 secundum
758 1260 841 1346 quod
856 1269 902 1325 est
923 1258 1152 1324 intellectivam.
1197 1259 1239 1322 ut
1255 1259 1297 1323 sic

193 1386 279 1440 actus
294 1375 507 1439 informativus
522 1374 555 1437 in
568 1373 694 1438 homine
712 1381 759 1437 est
778 1371 928 1437 naturalis
951 1369 1122 1436 secuudum
1142 1379 1243 1435 totum
1266 1369 1298 1434 id

195 1486 279 1571 quod
292 1496 350 1567 est,
365 1508 429 1550 non
443 1486 649 1551 accidentalis.

97 1580 103 1587 ¹
238 1602 291 1665 5⁷.
314 1597 471 1675 Quaeritur
482 1596 740 1681 decimoseptimo,
750 1604 850 1661 utrum
858 1596 952 1659 omnia
960 1595 1125 1659 srtbstcotiu
1134 1595 1299 1678 spiritualis

196 1712 303 1774 habeut
315 1711 374 1774 vim
389 1710 607 1793 informativum
621 1710 761 1793 emeris.

241 1821 432 1905 Respondeo,
457 1818 540 1904 quod
564 1819 662 1883 virtus
684 1818 888 1899 informativa,
909 1841 945 1884 ex
965 1818 1065 1898 dictis,
1081 1818 1114 1882 in
1129 1817 1300 1882 substantia

196 1930 347 2015 spirituali
370 1929 447 1994 nihil
467 1937 514 1993 est
539 1928 625 1993 aliud
649 1928 711 1993 nisi
732 1928 799 2013 ipsa
825 1928 996 1993 substantia
1020 1929 1053 1992 in
1078 1936 1229 2014 quantum
1253 1937 1299 1991 est

196 2041 381 2127 principium
396 2040 486 2104 vitale
505 2039 668 2105 intrinsece
687 2040 874 2124 completum
889 2040 921 2103 in
938 2063 1003 2105 esse
1018 2040 1197 2105 substantiae
1212 2038 1301 2124 spiri·

198 2154 301 2233 tualis,
317 2162 348 2218 et
367 2153 497 2217 ulterius
519 2151 699 2236 complebile
723 2175 777 2237 per
801 2152 1006 2217 attentionem
1020 2152 1088 2216 vitae
1111 2152 1144 2216 in
1170 2152 1301 2217 termino

198 2265 367 2329 extrinseco
386 2263 519 2327 habente
532 2263 627 2327 vitam
645 2262 679 2326 in
704 2263 852 2347 potentia.
898 2262 1000 2339 Quare
1026 2285 1168 2347 quaerere,
1195 2272 1301 2327 utrum

183 2374 299 2439 'omnis
317 2373 490 2438 substantia
512 2373 678 2457 spiritualis
699 2373 810 2438 habeat
832 2374 976 2439 virtutem
999 2374 1231 2454 informativam,
1255 2384 1301 2439 est

199 2509 343 2573 quaerere,
369 2495 474 2550 utrum
498 2483 598 2550 omnis
624 2483 795 2550 substantia
820 2486 987 2570 spiritualis
1011 2487 1054 2551 ita
1078 2487 1118 2552 sit
1139 2486 1302 2552 intrinsece

200 2597 359 2682 completa,
375 2607 411 2660 ut
426 2604 512 2659 actus
527 2595 605 2675 vitae,
621 2618 683 2679 quo
697 2596 781 2674 vivit,
796 2596 837 2659 sit
852 2596 980 2661 ulterius
1000 2597 1171 2661 actuativus
1186 2597 1255 2661 vitae
1269 2597 1300 2660 in

200 2708 332 2772 termino
366 2707 534 2770 extrinseco
567 2706 699 2770 habente
728 2707 822 2771 vitam
856 2707 888 2770 in
918 2708 1065 2791 potentia.
1120 2708 1222 2791 Atque
1254 2707 1304 2771 hic

201 2819 396 2884 distinctione
410 2840 489 2902 opus
503 2826 568 2896 est3
592 2818 619 2881 si
638 2818 720 2881 enim
742 2818 801 2881 hoc
823 2818 907 2903 quod
926 2828 972 2882 est
987 2841 1047 2882 ease
1063 2819 1188 2883 ulterius
1202 2827 1251 2882 oct
1292 2855 1303 2871 -
1403 2849 1418 2876 ι

201 2933 292 2993 tivum
310 2931 377 2993 υἱέα
397 2940 536 2992 sumatur
559 2936 717 3012 tamquam
741 2929 889 3011 ecipcotio
913 2927 1052 3012 quodam
1077 2929 1210 2992 absoluto
1233 2928 1305 2992 sub-

202 3041 321 3105 stantiae
336 3038 512 3123 spiritualis,
528 3038 684 3102 evidenter
698 3060 761 3102 non
781 3037 840 3102 erit
865 3037 1092 3103 admittendum
1109 3039 1192 3124 quod
1207 3039 1305 3103 ullum

202 3149 387 3235 principium
401 3149 493 3213 vitale
513 3148 671 3233 spirituale
686 3147 725 3212 sit
740 3149 797 3212 hoc
819 3149 909 3212 modo
933 3149 1057 3232 exigens
1077 3158 1197 3213 actuare
1213 3149 1305 3214 vitam

203 3262 236 3324 in
251 3260 381 3325 termino
396 3259 580 3324 extrinseco:
603 3258 630 3321 si
645 3281 714 3322 vero
729 3258 787 3322 hoc
806 3257 889 3343 quod
909 3268 956 3322 est
975 3282 1035 3323 esse
1058 3260 1182 3324 ulterius
1205 3270 1308 3325 actua·

204 3373 294 3436 tirum
320 3373 386 3434 vitre
408 3378 549 3433 sumatur
571 3391 626 3452 pro
651 3367 780 3452 simplici
806 3377 836 3431 et
863 3367 1002 3433 absoluta
1031 3349 1211 3434 sufficientia
1234 3371 1305 3434 sub-

205 3483 325 3548 stantiae
340 3481 506 3566 spiritualis
520 3481 559 3544 ad
573 3481 606 3544 id
620 3481 837 3565 praestandum,
854 3480 897 3545 sic
908 3503 1013 3546 verum
1028 3482 1085 3545 erit
1101 3481 1209 3560 dicere,
1224 3483 1308 3567 quod

205 3595 305 3659 omnis
320 3593 492 3658 substantia
512 3591 677 3676 spiritualis
691 3591 783 3655 habet
798 3592 877 3658 hauc
892 3592 1119 3656 sufficientiam:
1143 3591 1168 3655 si
1183 3592 1307 3656 tandem

204 3705 263 3770 hoc
277 3705 360 3790 quod
375 3713 421 3768 est
436 3727 497 3768 esse
511 3709 691 3769 actuatioum
713 3706 780 3768 vitre
804 3713 943 3769 sumatur
965 3726 1022 3789 pro
1043 3703 1222 3768 sufficientia
1237 3726 1308 3768 con·

205 3817 311 3880 iuncta
324 3836 395 3879 cum
409 3814 541 3878 naturali
555 3817 705 3899 erigentia
719 3814 873 3894 actuandi,
890 3822 965 3879 tune
981 3815 1044 3878 sola
1059 3815 1160 3879 anima
1173 3814 1310 3880 humana

206 3934 253 3990 est
264 3925 322 3990 hoc
333 3924 424 3988 modo
434 3925 664 4006 actuativavitae
674 3925 707 3987 in
716 3926 848 3989 termino
863 3925 1031 3990 extrinseco
1043 3947 1105 3991 suae
1120 3926 1309 3990 substantiae.

250 4036 298 4100 llx
312 4035 410 4099 tribur
424 4035 483 4113 his,
498 4036 632 4119 primum
647 4044 694 4100 est
708 4035 842 4115 evidens,
858 4044 888 4100 et
909 4037 981 4122 quia
1001 4037 1112 4101 dantur
1132 4037 1310 4102 substantiae

207 4146 380 4233 spirituales
400 4155 555 4232 separatae,
569 4156 601 4210 et
616 4147 687 4232 quia
702 4148 785 4233 quod
799 4159 847 4212 est
866 4149 1069 4213 extrinsecum
1089 4149 1195 4233 nequit
1210 4172 1263 4233 per
1279 4172 1311 4213 se

208 4260 289 4345 exigi
309 4259 347 4323 ab
368 4282 405 4323 eo
428 4259 512 4343 quod
535 4259 699 4323 intrinsece
723 4270 769 4323 est
792 4260 987 4344 completum.
1034 4260 1209 4324 Secundum
1236 4260 1312 4324 mihi

208 4371 327 4437 videtur
362 4378 479 4434 certum
490 4396 499 4447 3
533 4371 606 4455 quia
641 4371 666 4434 si
701 4371 829 4454 angelus
863 4371 954 4435 habet
987 4373 1131 4435 virtutem
1168 4373 1311 4435 motivam
