3200 4975
212 372 283 415 car.
300 352 371 437 111.]
607 375 649 417 ux
665 374 918 422 accrnrnrsevs.
1248 360 1309 424 371

255 537 308 599 68.
332 536 487 611 Quaritur
502 537 645 617 secundo,
661 540 820 622 quotuplea
833 543 873 604 sit
887 544 1046 624 percotitae.

205 713 209 717 ,
254 648 446 731 Respondeo,
458 649 667 715 universaliter
675 648 829 735 loquendo
844 674 909 717 erse
922 652 1082 737 triplicem.
1116 652 1198 717 Nam
1213 654 1311 739 magis

211 769 243 823 at
257 759 360 824 minus
381 760 498 827 attendi
519 769 649 845 possunt
671 762 840 829 secundum
855 762 931 827 triae
956 766 989 826 1⁰
1003 763 1171 829 secundum
1185 764 1312 831 intensi-

210 879 324 936 tatem:
347 875 382 937 2⁰
397 872 566 937 secundum
582 874 809 942 extensionem:
832 874 1043 939 saecundum
1058 874 1299 941 multitudinem.

253 982 418 1058 Quantitas
432 985 574 1049 intensive
588 992 635 1049 est
649 984 762 1069 gradus
775 983 913 1050 formalis
927 984 1007 1049 entis
1019 986 1080 1050 sive
1092 986 1309 1067 substantialis,

208 1090 279 1156 sive·
291 1092 495 1158 accidentalis.
541 1093 580 1157 In
604 1102 676 1161 ente
697 1093 892 1160 substantiali
915 1094 1070 1179 quantitas
1091 1094 1241 1159 intensiva
1262 1104 1310 1159 est

207 1202 351 1287 perfectio
375 1203 488 1284 formas,
509 1212 541 1268 et
564 1204 677 1271 dicitur
699 1207 852 1289 quantitas
868 1206 1070 1289 perfectioris,
1087 1206 1209 1290 quando
1234 1228 1307 1271 con·

202 1312 357 1382 ,rideretur
375 1312 547 1380 substantia
566 1314 714 1393 absolute,
729 1322 760 1379 et
782 1320 934 1399 quantitas
947 1318 1075 1395 virtutis,
1090 1317 1213 1401 quando
1235 1318 1308 1382 sub-

206 1424 319 1490 stantia
347 1424 556 1491 consideratur
581 1426 713 1503 relative,
733 1426 766 1492 id
795 1436 843 1491 est
865 1426 898 1493 in
923 1427 1030 1493 ordine
1054 1428 1092 1492 ad
1117 1429 1307 1513 operationes

208 1557 271 1601 sua
291 1545 410 1602 naturae
431 1537 655 1603 convenientes.
701 1537 740 1602 In
757 1545 829 1603 ente
849 1560 919 1603 vero
950 1538 1127 1604 accidentali
1152 1540 1307 1624 quantitas

206 1646 356 1713 intensiva
370 1655 417 1711 est
438 1647 554 1731 gradus
570 1647 697 1711 actionis
713 1646 760 1711 vel
782 1646 941 1731 passionis,
957 1648 1003 1713 vel
1017 1649 1125 1732 forme
1138 1652 1307 1733 mivsqaom

206 1758 401 1838 mamete,
416 1780 436 1823 a
449 1778 510 1843 qua
523 1757 663 1823 accidens
673 1757 768 1822 'habet
782 1766 880 1825 totam
895 1782 982 1823 snam
996 1760 1220 1844 perfectionem.
1256 1761 1306 1825 Sic
1345 1785 1348 1790 ·

206 1868 238 1930 in
253 1877 340 1934 motu
361 1868 522 1936 intensitas
535 1878 582 1933 est
597 1867 694 1933 maior
707 1868 754 1933 vel
775 1870 886 1947 minor,
902 1878 993 1954 prout
1008 1880 1054 1934 est
1073 1868 1187 1953 gradus
1201 1870 1306 1935 forma

204 1980 279 2060 eius,
294 1979 388 2045 idest
403 1980 553 2047 velocitas.

204 2154 207 2157 ,
249 2089 414 2167 Quantitas
436 2095 584 2159 catmcira
598 2101 645 2158 est
667 2091 780 2177 gradus
798 2092 963 2156 materialis
984 2092 1064 2155 entis
1079 2092 1141 2157 sive
1163 2091 1303 2156 snbstan-

205 2200 286 2266 tialis
313 2201 353 2284 (si
374 2200 463 2267 detm
484 2202 657 2269 substantia
674 2203 823 2287 extensa),
839 2202 900 2267 sive
923 2201 1125 2268 accidentalis.
1171 2201 1210 2266 In
1233 2212 1304 2267 ente

204 2312 399 2377 substantiali
413 2315 548 2380 extensio
565 2314 604 2399 (si
623 2314 758 2398 elaretm)
775 2322 854 2379 esset
870 2313 1013 2398 perfectio
1027 2313 1129 2398 aliqua
1149 2314 1303 2391 materiae;

145 2441 148 2446 ·
201 2432 282 2490 esset
295 2424 377 2493 enim
392 2424 509 2511 aliquid
523 2425 763 2511 positivum,per
776 2423 860 2510 quod
874 2446 938 2489 una
951 2424 1121 2490 substantia
1135 2423 1304 2490 secundum

201 2535 299 2618 ipsam
321 2536 479 2604 materiam
501 2535 540 2600 ab
562 2535 621 2602 alia
642 2535 793 2601 differret:
817 2544 914 2622 quum
929 2543 998 2601 vero
1020 2536 1147 2600 materia
1165 2536 1205 2600 sit
1227 2558 1305 2621 pura

201 2646 370 2730 passivitas,
396 2654 428 2709 et
451 2645 520 2709 ideo
548 2644 666 2710 nullam
696 2644 865 2709 secundum
895 2667 927 2708 re
952 2645 1062 2710 habeat
1087 2644 1303 2731 perfectionem

204 2758 313 2839 (quum
336 2754 436 2817 omnis
450 2754 595 2838 perfectio
617 2755 657 2818 sit
672 2755 785 2837 actus),
801 2755 940 2839 sequitur
954 2757 1111 2819 materiam
1133 2755 1171 2819 de
1186 2778 1219 2820 se
1239 2778 1303 2820 non

202 2888 268 2930 esse
281 2873 447 2944 extensam,
463 2865 517 2931 sed
531 2888 619 2948 posse
632 2866 749 2932 extendi
761 2868 918 2930 ucccessive
937 2875 1050 2930 tostam
1064 2867 1148 2931 iuxta
1161 2875 1302 2931 naturam

203 2999 290 3043 snam
304 2976 512 3062 potentialem,
528 2977 561 3042 id
582 2985 629 3042 est
643 2998 698 3062 per
720 2985 849 3056 motum,
865 2986 902 3042 nt
915 2976 993 3042 alibi
1010 2999 1132 3063 quoque
1146 2981 1303 3042 ostensum

201 3096 258 3152 est.
304 3088 343 3153 In
363 3096 435 3152 ente
456 3087 634 3154 accidentali
655 3089 790 3154 extensio
816 3097 863 3153 est
884 3089 1030 3174 perfectio
1052 3089 1153 3174 aliqua
1169 3090 1303 3154 materiae

201 3198 370 3263 secundnm
391 3199 607 3266 accidentalem
636 3200 702 3264 eius
724 3199 947 3263 actuationem:
971 3220 1067 3284 quum
1094 3207 1196 3264 autem
1225 3199 1301 3263 acci-

200 3310 332 3374 dentalia
361 3311 495 3379 materiae
523 3311 655 3376 actuatio
676 3310 825 3374 habeatur
846 3332 900 3394 per
929 3317 1032 3374 actum
1058 3311 1217 3389 motivum,
1240 3332 1302 3395 quo

200 3421 327 3486 materia
351 3421 572 3489 determinatur
593 3422 633 3486 ael
661 3430 780 3494 motum
802 3421 938 3499 localem,
961 3422 1096 3485 extensio
1121 3421 1201 3486 entis
1225 3422 1300 3486 acci·

199 3533 330 3598 dentalis
345 3534 378 3597 in
400 3535 527 3599 materia
547 3533 704 3598 existentis
718 3532 777 3596 erit
799 3533 935 3597 extensio
956 3533 1022 3617 ipsa
1044 3542 1146 3596 motus
1160 3533 1225 3596 eius
1247 3555 1301 3616 per

198 3644 299 3712 locum
315 3647 544 3730 proportionata
558 3643 729 3708 intensitati
743 3651 830 3707 actus
845 3642 950 3708 motivn‘
961 3643 997 3714 ¹in
1015 3665 1050 3705 ea
1064 3643 1194 3727 recepti:
1218 3641 1301 3706 unde

198 3756 335 3820 extensio
362 3757 556 3824 accidentalis
585 3756 719 3820 materiae
747 3777 802 3839 per
831 3761 948 3818 motum
972 3777 1062 3818 suum
1093 3762 1139 3818 est
1168 3753 1300 3818 evolutio

199 3867 338 3952 quaedam
355 3867 549 3946 intensitatia,
565 3889 633 3951 quae
655 3874 701 3933 est
716 3865 920 3931 inmomento
934 3875 1047 3943 motus,
1063 3874 1099 3928 ut
1120 3864 1252 3928 diximus
1265 3865 1300 3927 in

198 3986 330 4044 tractatu
351 3976 390 4043 de
405 3976 505 4040 tribus
526 3977 680 4041 continuis
694 3997 727 4038 n.
744 3979 796 4040 72.
843 3974 902 4040 His
922 3975 1039 4060 positis,
1054 3975 1142 4040 facile
1163 3983 1300 4058 apparet„

198 4089 400 4173 quantitatem
415 4087 601 4156 extensivam
615 4087 733 4150 nullam
748 4085 876 4150 inveniri
894 4086 997 4150 stricte
1012 4087 1071 4150 nisi
1085 4086 1118 4148 in
1133 4099 1229 4165 motu,
1245 4096 1298 4149 aut

197 4221 252 4283 pet
277 4207 407 4279 motum,
425 4199 480 4284 qni
512 4220 544 4265 se
567 4196 702 4280 extendit
730 4205 799 4264 tum
825 4197 944 4261 ratione
970 4199 1069 4281 spatii,
1092 4206 1160 4260 tum
1186 4198 1301 4266 ratione

198 4311 358 4393 temporis,

1032 4421 1125 4481 21³2
