3200 4975
222 401 292 445 cer.
309 381 378 465 ιιι]
668 404 710 445 uu
728 403 874 445 nnuma.
1258 378 1323 445 '265

265 564 456 648 Respondeo,
472 586 526 648 per
541 564 709 649 simplicem
724 563 970 641 abstractionem,
986 585 1047 647 qua
1061 562 1193 626 intuitus
1207 561 1323 627 feratur

222 673 390 759 specialiter
409 676 441 739 in
462 699 530 740 eam
552 676 699 741 rationem
718 673 963 759 cognoscibilem,
983 697 1037 759 per
1059 696 1152 760 quam
1169 675 1323 741 obiectum

221 787 417 871 cognoscitur
436 787 546 852 habere
564 787 624 852 tale
646 786 841 865 attributum,
855 785 1041 871 'negligendo
1063 785 1249 871 simpliciter,
1265 809 1323 851 noa

221 907 318 964 auton
326 901 454 983 positive
468 899 652 977 excludendo,
669 898 742 962 alias
757 899 890 962 rationes
908 896 1137 981 cognoscibiles,
1154 897 1322 961 meandum

221 1032 297 1095 quas
312 1010 394 1076 idem
408 1011 561 1075 obiectum
576 1020 623 1074 est
638 1033 769 1095 praesens
784 1010 991 1095 cognoscenti.
1038 1008 1099 1072 Res
1119 1008 1156 1072 de
1174 1031 1212 1072 se·
1228 1016 1321 1094 patet.

221 1122 301 1186 Dico
322 1131 435 1201 autem,
450 1122 560 1202 ideam,
577 1145 645 1207 quie
666 1122 840 1200 habebitur,
855 1123 919 1186 fore
941 1121 1216 1206 repraesentativam
1236 1120 1323 1184 attri-

222 1229 291 1303 buti
305 1235 337 1295 iu
351 1242 483 1297 conecto
500 1232 657 1297 existentis
677 1233 709 1297 in
729 1232 858 1297 obiecto.
904 1231 1039 1317 Simplex
1059 1232 1140 1297 enim
1161 1231 1323 1297 abstractio

221 1365 284 1406 non
307 1344 489 1427 generaliaat
511 1344 603 1423 ideas,
627 1345 681 1409 sed
702 1353 824 1409 tautum
847 1354 996 1429 praeparat
1021 1353 1255 1430 cognoscentem
1284 1344 1323 1409 ad

221 1455 425 1539 operationem
444 1456 687 1541 generalinandi:
711 1466 742 1523 et
764 1456 901 1541 quotidie
921 1456 1076 1540 loquimur
1091 1456 1239 1520 decolore
1253 1456 1322 1520 talis

219 1567 352 1651 parietis,
368 1568 406 1632 de
429 1570 608 1653 lungitudine
629 1568 699 1633 talis
722 1568 833 1647 baculi,
861 1568 898 1632 de
920 1570 1042 1633 scientia
1060 1568 1153 1633 huius
1177 1568 1318 1646 hominis,

222 1675 259 1741 de
267 1678 448 1761 fortitudine
470 1679 552 1743 illius
574 1680 654 1765 equi,
671 1690 741 1758 etc,
757 1679 796 1743 de
818 1678 930 1765 quibus
952 1701 1049 1764 quum
1071 1678 1235 1763 loquimur,
1251 1701 1323 1743 con-

222 1789 391 1855 sideramus
417 1791 514 1855 solum
542 1790 778 1875 longitudinem,
797 1790 940 1869 colorem,
964 1790 1121 1855 scientiam
1147 1799 1204 1855 etc.
1230 1791 1323 1855 ineo

221 1901 330 1985 gradu,
345 1903 377 1965 in
400 1925 462 1987 quo
483 1903 683 1966 inveniuntur
705 1903 736 1965 in
759 1901 820 1966 illis
839 1901 1047 1966 determinatis
1063 1901 1216 1967 subiectis.
1262 1903 1324 1968 Sed

222 2013 295 2098 quia
309 2016 506 2099 concipimus,
521 2015 746 2100 longitudinem
762 2014 832 2079 talis
847 2016 972 2079 rationis
986 2038 1049 2079 non
1065 2015 1233 2080 necessario
1255 2038 1322 2101 per-

221 2126 318 2191 tinere
340 2128 380 2192 ad
401 2127 490 2192 illum
513 2128 611 2192 solum
634 2127 787 2205 baculum,
804 2126 934 2191 colorem
956 2127 1048 2191 talem
1071 2150 1133 2192 non
1155 2129 1323 2193 necessario

222 2239 372 2323 pertinere
389 2239 429 2303 ad
447 2239 537 2303 illum
560 2239 658 2303 solum
670 2239 835 2324 parietem,
851 2238 943 2302 talem
965 2237 1099 2302 scientiae
1114 2238 1244 2322 gradum
1259 2262 1322 2303 non
1422 2242 1426 2249 '

221 2351 388 2415 necessario
403 2351 443 2415 ad
456 2351 543 2414 illum
560 2350 658 2416 solum
673 2350 829 2413 hominem
845 2349 1006 2434 pertinere,
1021 2350 1090 2414 ideo
1104 2350 1137 2414 in
1152 2351 1323 2416 considera-

221 2463 305 2527 tione
326 2461 449 2526 illarum
470 2479 572 2527 rerum
594 2484 657 2526 non
679 2460 854 2546 indigemus
871 2461 1000 2546 positive
1017 2460 1172 2527 includere
1188 2462 1323 2528 subiecta

220 2574 381 2659 inquibus
404 2583 496 2638 sunt:
519 2585 550 2638 et
573 2574 611 2639 de
633 2574 713 2637 lacto
735 2573 962 2640 consideramus
983 2573 1208 2657 longitudinem
1229 2575 1323 2638 unius

221 2686 307 2770 pedis
327 2685 511 2771 negligendo
529 2685 707 2770 simpliciter
728 2685 900 2749 subiectum
922 2685 1002 2749 reale
1022 2686 1087 2749 eius
1108 2685 1321 2770 longitudinis,

220 2798 297 2882 quin
311 2798 364 2862 illa
377 2797 538 2882 longitudo
552 2798 606 2862 fiat
621 2796 784 2880 longitudo
799 2796 932 2861 cuiusvis
948 2796 1099 2874 subiecti,
1122 2804 1225 2861 manet
1240 2798 1322 2861 enim

220 2909 382 2994 longitudo
397 2910 480 2975 illius
494 2910 632 2974 subiecti.
662 2909 746 2993 Ergo
761 2908 936 2972 abstrahere
951 2907 1129 2993 simpliciter
1143 2931 1161 2972 a
1176 2909 1321 2989 subiecto,

219 3022 252 3085 iu
275 3044 336 3108 quo
358 3022 512 3087 invenitur
534 3023 636 3107 aliqua
657 3022 734 3085 ratio
756 3020 904 3099 entitatis,
920 3042 983 3083 non
1006 3030 1053 3083 est
1073 3019 1173 3084 adhuc
1189 3021 1321 3105 cogitare

220 3134 303 3198 illam
319 3135 468 3199 rationem
482 3135 717 3198 indeterminate
731 3143 762 3198 et
773 3131 993 3210 universaliter,
1003 3133 1075 3216 quia
1084 3132 1246 3198 abstractio
1258 3157 1322 3200 non

220 3246 301 3310 tollit
316 3247 416 3331 ipsum
433 3246 670 3312 determinatum
684 3245 866 3324 subiectum,
882 3244 936 3308 sed
950 3253 1073 3308 tantum
1087 3244 1166 3308 illud
1180 3245 1320 3330 negligit.

220 3359 262 3422 Et
277 3359 473 3424 confirmatur
481 3386 491 3438 3
514 3361 586 3444 quia
600 3359 692 3423 etiam
708 3357 798 3422 bruta
813 3355 1047 3442 apprehendunt
1062 3357 1174 3422 multas
1188 3359 1322 3424 rationes

221 3471 379 3536 sensibiles
400 3473 434 3535 in
456 3471 592 3548 obiectis,
608 3493 684 3556 quas
702 3478 805 3533 tamen
824 3476 895 3532 actu
910 3490 973 3531 non
987 3490 1094 3532 omues
1109 3468 1320 3536 considerant:

220 3592 257 3648 ut
271 3607 369 3669 quum
383 3585 467 3648 canis
481 3583 654 3668 insequitur
663 3581 808 3666 leporem,
824 3602 886 3644 non
902 3579 974 3664 quia
989 3588 1035 3643 est
1052 3579 1102 3644 hie
1116 3579 1214 3665 lepus,
1228 3581 1321 3646 huius

221 3696 453 3780 magnitudinis,
475 3695 569 3759 huius
591 3693 709 3772 coloris,
733 3702 803 3770 ete,
827 3690 880 3755 sed
903 3690 1081 3774 simpliciter
1103 3692 1175 3777 quia
1197 3694 1322 3778 attingit

220 3807 349 3871 formam
365 3804 539 3870 sensibilem
553 3805 674 3890 leporis,
690 3826 751 3889 qua
765 3812 912 3882 movetur,
930 3802 991 3865 sive
1006 3802 1187 3886 magnitudo
1203 3804 1242 3868 sit
1257 3805 1321 3870 haec

221 3919 283 3983 sive
297 3918 359 3997 illa,
375 3917 414 3982 ad
428 3916 662 4001 insequendum.
707 3915 781 3978 Non
795 3922 900 3978 tamen
915 3913 983 3976 ideo
1005 3912 1097 3977 bruta
1117 3915 1320 3998 generalizant

220 4051 290 4093 suas
300 4029 517 4115 perceptiones.
555 4027 638 4110 Ergo
649 4027 800 4110 attingere
812 4035 883 4090 actu
894 4047 986 4090 unam
1000 4025 1159 4110 specialem
1171 4027 1319 4094 rationem

219 4141 415 4226 expluribus
435 4163 503 4226 quae
523 4139 640 4204 obiecto
660 4139 777 4217 insunt,
798 4136 946 4220 neglectis
967 4136 1143 4221 simpliciter
1160 4138 1236 4218 aliis,
1256 4163 1320 4205 non

219 4262 266 4317 est
281 4253 491 4337 generalizare,
504 4274 560 4315 nec
575 4251 708 4334 cogitare
722 4272 785 4313 rem
802 4249 835 4312 in
850 4247 1021 4326 universali,
1038 4249 1091 4313 sed
1106 4258 1227 4314 tantum
1242 4273 1319 4336 prae·

220 4370 326 4447 parare
341 4361 635 4447 generaliuationem,
651 4370 686 4424 ut
702 4383 739 4423 ex
753 4359 889 4424 dicendis
904 4358 1030 4444 patebit.
1149 4403 1154 4414 .
