3200 4975
213 378 282 423 car.
301 360 340 444 a]
523 384 566 427 nn
583 385 786 431 sansraurrs
803 388 1002 434 sermenem.
1274 368 1317 431 21

211 549 343 613 essentia
372 548 550 616 substantiae
579 552 755 636 spiritualia,
778 566 809 618 et
831 555 897 620 sine
919 556 967 619 his
988 578 1051 619 non
1081 556 1237 635 habeatur,
1253 578 1315 619 non

210 670 350 745 superest
379 661 494 747 aliquid
515 663 604 728 nobis
626 665 824 749 cogitandum
846 669 879 731 in
901 691 962 752 quo
983 676 1117 753 ponatur
1146 667 1316 731 differentia

211 774 378 837 essentialis
394 797 448 839 seu
463 776 601 857 specifica
620 776 701 842 inter
721 801 820 843 unum
842 780 985 865 spiritum
1005 789 1036 843 et
1051 780 1145 843 alium
1160 780 1312 865 spiritum.

211 884 294 967 Ergo
306 883 406 948 nullas
422 886 535 970 species
550 886 682 952 diversas
698 890 861 974 spirituum
878 891 1010 975 cogitare
1024 912 1200 975 possumus,
1221 912 1314 975 quare

211 996 330 1060 nullum
346 997 494 1062 habemus
508 997 742 1064 fundamentum
758 1003 923 1081 asserendi,
938 1004 1066 1067 existere
1077 1002 1202 1087 spiritns
1213 1002 1313 1087 specie

211 1108 354 1188 diversos,
370 1109 477 1175 saltem
493 1111 518 1174 si
532 1133 569 1175 ex
583 1112 686 1176 divina
700 1114 882 1179 revelatione
901 1115 986 1179 aliud
999 1136 1061 1179 non
1077 1122 1215 1179 constet:
1237 1125 1313 1198 puto

210 1230 322 1301 autem,
334 1222 412 1285 nihil
426 1246 491 1287 esse
503 1218 643 1309 ¹explicite
657 1234 711 1288 aut
725 1224 872 1311 implicite
886 1226 1049 1291 revelatum
1063 1226 1101 1290 de
1112 1226 1166 1290 tali
1174 1226 1312 1311 specifica

208 1328 380 1399 differentia
401 1336 588 1420 angelorum,
610 1337 683 1402 licet
704 1360 741 1402 ex
762 1339 921 1425 scripturis
943 1339 1034 1404 sacris
1054 1347 1196 1425 appareat
1210 1360 1310 1403 unum

209 1447 351 1530 angelum
368 1447 427 1512 alio
441 1472 506 1513 csse
521 1448 739 1533 perfectiorem.

207 1593 211 1603 ·
252 1561 304 1623 21.
325 1560 407 1624 Tota
416 1554 578 1627 difficultas
593 1562 672 1627 circa
686 1561 765 1626 hanc
775 1562 976 1647 questionem
990 1562 1111 1627 videtur
1120 1571 1187 1627 orta
1197 1582 1262 1626 csse
1273 1584 1310 1625 ex

208 1671 306 1735 tribus
321 1672 491 1757 capitibus:
516 1668 549 1737 1⁴·
569 1696 606 1738 cx
625 1674 799 1759 supradicto
819 1675 970 1759 principio
983 1675 1252 1740 individuationis:
1275 1677 1310 1738 2ο

208 1806 244 1848 ex
259 1784 340 1849 dicto
354 1784 539 1866 Aristotelis,
560 1786 644 1871 qnod
658 1788 767 1870 species
780 1810 879 1850 rerum
895 1795 965 1850 auat
978 1788 1056 1851 aaut
1073 1788 1202 1850 maneri:
1225 1788 1259 1849 3⁰
1273 1771 1310 1849 ex

207 1882 341 1982 eoquod
354 1898 461 1961 formae
474 1907 559 1962 extra
579 1898 738 1962 materiam
759 1907 834 1962 sunt
851 1897 1057 1977 universales,
1080 1920 1117 1962 ex
1137 1918 1198 1983 quo
1215 1895 1308 1961 etiam

203 2007 312 2071 'intulit
338 2008 370 2071 S.
397 2008 540 2087 Thomas,
562 2010 719 2073 materiam
745 2010 812 2073 esse
837 2009 1021 2094 principium
1046 2008 1307 2075 individuationis.

206 2118 426 2184 Difficultatem
448 2143 484 2184 ex
503 2120 602 2204 primo
622 2120 720 2205 capite
735 2120 898 2185 deductam
917 2120 979 2184 iam
994 2143 1030 2184 ex
1050 2130 1137 2205 parte
1152 2119 1306 2197 solvimus,

202 2230 394 2295 ostendendo
403 2232 561 2296 materiam
571 2255 634 2297 non
643 2254 709 2296 ese
718 2231 903 2317 principium
914 2231 1173 2297 individuationis.
1204 2232 1307 2315 Argu·

205 2352 344 2407 mentum
367 2353 469 2408 autem
494 2344 525 2407 S.
547 2344 671 2409 Thomae
693 2344 726 2408 in
745 2344 944 2422 contrarium,
967 2344 1049 2430 quod
1071 2367 1163 2428 snpra
1185 2344 1227 2426 (n.
1249 2344 1302 2426 17)

206 2455 378 2535 retulimus,
399 2478 462 2520 non
483 2456 604 2521 difficile
632 2456 774 2536 solvetur,
801 2456 1022 2521 considerando
1046 2456 1130 2542 quod
1154 2456 1187 2520 in
1210 2477 1246 2520 eo
1268 2455 1305 2520 fit

205 2570 353 2634 transitus
368 2570 406 2634 ab
420 2580 490 2634 cute
507 2571 606 2654 logico
622 2569 661 2634 ad
681 2593 736 2633 ens
758 2569 953 2656 physicum*.
1000 2569 1117 2634 Formae
1132 2568 1214 2633 enim
1232 2580 1305 2631 sunt

204 2681 309 2745 multis
332 2682 598 2746 communicabiles
616 2682 783 2746 secundum
805 2691 985 2766 conceptum
1008 2690 1148 2744 nostrum
1170 2688 1302 2758 tantum,

204 2815 266 2856 non
292 2803 395 2858 autem
421 2793 589 2857 secundum
618 2793 787 2857 realitatem
816 2792 984 2878 physicam.
1029 2792 1080 2857 Sic
1109 2812 1205 2875 quum
1235 2790 1303 2854 dico
1348 2821 1351 2825 ²

204 2907 421 2984 humanitatem,
441 2904 509 2969 dico
526 2905 655 2969 formam
675 2903 927 2990 metaphysicam,
948 2925 1041 2987 quam
1062 2902 1199 2986 concipio
1219 2924 1302 2965 com·

200 3016 418 3080 municabilem
433 3016 601 3080 innumeris
618 3015 794 3093 individuis,
811 3037 875 3078 non
897 3014 964 3078 dico
984 3013 1114 3077 formam
1133 3012 1301 3098 physicam.

203 3129 269 3192 Iam
284 3151 354 3192 vero
368 3128 466 3192 forma
480 3127 532 3192 ills
546 3127 753 3213 metaphysica
767 3148 937 3211 numquam
946 3124 1157 3188 individuatur
1166 3124 1300 3211 physice,

202 3239 255 3303 sed
283 3239 380 3324 logice
410 3250 541 3319 tantum,
572 3240 605 3302 in
635 3246 784 3322 quantum
816 3247 983 3321 conceptus
1011 3236 1221 3316 humanitatis,
1248 3238 1301 3322 qui

164 3397 167 3402 -
199 3350 346 3416 obtentus
362 3360 408 3414 est
423 3373 476 3435 per
498 3349 732 3414 abstractionem
754 3372 771 3412 a
788 3346 870 3411 notis
890 3346 1127 3411 individualibus
1141 3348 1297 3412 cuiusdam

200 3463 400 3527 humanitatis
415 3463 557 3549 physicae,
567 3485 621 3526 seu
632 3461 789 3526 cuiusdam
800 3460 944 3538 hominis,
959 3460 1006 3524 vel
1017 3459 1229 3545 quorumdam,
1242 3461 1298 3524 ite-

200 3597 269 3638 rum
284 3575 478 3658 componitur
492 3595 562 3637 cum
582 3573 689 3637 iisdem
707 3582 761 3636 aut
783 3571 934 3636 similibus
956 3572 1038 3635 notis
1059 3565 1298 3637 individualibus

195 3693 216 3750 ‘a
231 3685 385 3770 cogitante
400 3685 606 3770 apprehensis,
626 3708 661 3749 ac
678 3707 732 3770 per
749 3685 808 3749 hoc
826 3706 886 3747 non
904 3684 1060 3748 obtinetur
1074 3683 1175 3748 homc'
1185 3684 1297 3748 indivi-

196 3797 289 3876 duus,
304 3798 358 3861 sed
373 3806 538 3882 conceptus
552 3797 685 3861 hominis
703 3796 864 3877 individui,
879 3797 911 3861 id
921 3805 1039 3860 estnon
1054 3819 1109 3860 ens
1123 3796 1298 3882 physicum,

233 3934 248 3965 ⁴*
266 3931 362 3985 Multae
375 3936 438 3985 sunt
453 3931 673 4012 philosophorum
686 3930 825 4003 opiniones
836 3930 976 3985 contrariae
996 3929 1029 3984 de
1045 3930 1177 4002 principio
1193 3931 1295 3987 indivi-

194 4017 340 4084 duetionis,
353 4017 451 4088 quibus
463 4035 517 4071 non
529 4036 638 4091 possum
650 4018 707 4072 sina
719 4016 860 4072 brevitatis
871 4017 974 4071 iactura
985 4017 1144 4089 respondere
1157 4017 1257 4073 directe
1265 4025 1294 4074 et

195 4106 223 4158 in
235 4104 402 4188 particulari.
434 4103 488 4158 Sed
497 4104 650 4177 opinionem
660 4104 686 4159 S.
695 4104 807 4157 Thomae
821 4104 930 4158 omnino
942 4103 1139 4158 discutiendam
1151 4122 1208 4160 esse
1218 4105 1293 4175 duxi,

196 4192 260 4264 quia
284 4209 387 4260 censeo,
412 4188 560 4262 numquam
584 4197 691 4246 tantum
714 4191 849 4246 doctorem
873 4209 931 4244 esse
955 4191 1203 4261 derelinquendum,
1226 4193 1293 4262 quin

196 4279 322 4351 explicite
335 4278 480 4334 afferantur
492 4280 608 4334 rationes
620 4279 655 4334 ad
667 4279 696 4332 id
708 4284 840 4349 cogentes.
879 4279 919 4332 De
932 4278 1036 4332 caeteris
1048 4277 1219 4350 opinionibus
1231 4279 1292 4333 vide

197 4367 351 4423 Suarcsium
363 4369 407 4421 loo.
422 4367 463 4420 cit.
