3200 4975
227 374 297 418 aar.
315 355 370 439 ra]
618 376 661 419 nn
678 377 922 423 acclnnurraus
1270 365 1334 427 323

227 541 320 605 etiam
334 542 435 606 utitur
446 541 629 607 Goudinius.
675 543 736 608 Sed
750 544 829 607 illud
842 544 904 609 iam
919 544 979 609 late
994 546 1139 611 solvimus
1154 547 1187 611 in
1199 556 1331 615 tractatu

226 651 265 716 de
280 652 450 717 substantia
465 653 615 738 spirituali
629 675 661 718 n.
678 656 721 721 32
735 665 767 718 et
782 677 866 740 seqq.
883 678 974 741 quem
991 657 1092 721 vide*.

166 843 169 852 .
268 767 322 829 32.
346 764 502 841 Quaeritur
516 766 616 845 tertio,
631 774 730 830 adram
744 769 821 831 actio
835 769 876 831 ait
890 770 1014 833 mutatio
1032 771 1191 835 intrinseca
1205 776 1327 856 operatis.

267 876 460 962 Respondeo,
473 899 566 961 agens
580 876 613 940 in
629 886 780 963 quantum
795 900 890 963 agens
905 901 1075 964 numquam
1091 882 1204 946 mutari
1218 882 1329 947 intrin-

224 1009 290 1051 sece
304 1009 360 1071 per
374 1009 461 1052 suam
476 988 636 1053 actionem.
680 989 764 1055 Nam
779 989 806 1053 si
820 988 984 1055 intrinsece
1004 998 1183 1071 mutaretur,
1199 992 1247 1057 vel
1261 992 1330 1057 ideo

222 1107 394 1163 mutaretur
423 1100 496 1185 quia
517 1100 555 1165 de
576 1110 649 1167 actu
668 1100 769 1186 primo
794 1101 906 1167 transit
927 1102 965 1167 ad
988 1103 1167 1183 secundum,
1190 1103 1238 1169 vel
1260 1103 1329 1168 idco

223 1212 296 1295 quia
329 1212 445 1297 aliquid
472 1213 506 1277 in
535 1235 568 1278 se
601 1214 748 1297 reciperet
782 1235 837 1298 per
871 1213 966 1279 istum
1002 1216 1176 1279 transitum.
1230 1216 1329 1301 Atqui

224 1333 380 1387 neutrum.
423 1324 519 1406 Ergo.
566 1323 670 1389 Maior
690 1332 793 1408 patet3
817 1324 890 1410 quia
912 1324 976 1389 sola
998 1327 1128 1391 mutatio
1148 1348 1216 1410 quae
1235 1328 1328 1391 comi-

222 1435 282 1499 tari
302 1442 404 1519 potest
426 1435 577 1499 actionem
595 1434 642 1499 vel
664 1436 810 1520 consequi
831 1436 981 1502 actionem
1004 1445 1051 1501 est
1074 1436 1111 1501 de
1133 1460 1196 1502 non
1218 1448 1329 1521 agente

222 1547 287 1611 fieri
302 1556 455 1631 agentem,
470 1547 518 1612 vel
534 1547 651 1632 aliquid
665 1548 738 1612 inde
752 1547 913 1613 resultans.
950 1547 1041 1614 Prob.
1057 1548 1132 1615 min.
1169 1549 1329 1615 'lbansitus

226 1658 265 1723 ab
289 1666 361 1725 actu
384 1659 484 1744 primo
509 1659 549 1723 ad
572 1659 741 1724 secundum
771 1660 804 1723 in
833 1668 955 1723 tantum
986 1659 1098 1725 diceret
1127 1662 1328 1727 mutationem

222 1770 418 1835 intrinsecam
439 1771 553 1856 agenti,
573 1772 607 1835 in
626 1779 778 1856 quantum
793 1770 823 1835 vi
842 1770 934 1835 huius
955 1772 1102 1837 transitus
1117 1773 1231 1857 aliquid
1246 1774 1329 1858 quod

223 1890 287 1945 erat
316 1886 438 1949 tantum
467 1882 676 1967 potentialiter
698 1883 732 1946 in
756 1882 824 1967 ipso
853 1891 963 1966 agente
992 1883 1078 1949 fieret
1107 1884 1266 1949 actualiter
1294 1885 1327 1949 in

223 2002 342 2077 agente.
389 1994 451 2058 Sed
472 1995 551 2059 nihil
572 1994 750 2062 huiusmodi
770 1996 826 2074 fit,
849 2017 921 2059 nam
944 1995 1027 2079 quod
1047 2004 1186 2061 actuatur
1201 2004 1247 2061 est
1261 1998 1328 2081 ipsa

223 2114 255 2171 ct
270 2106 334 2169 sola
348 2106 426 2171 actio
434 2132 445 2185 3
467 2116 499 2172 et
520 2107 608 2185 actio,
630 2106 702 2174 licet
724 2105 940 2171 denominetur
958 2105 997 2171 ab
1012 2115 1132 2191 agente,
1146 2129 1209 2172 non
1223 2116 1326 2174 maren

223 2217 257 2280 in
271 2225 391 2301 agenta,
406 2218 507 2283 sedin
522 2241 612 2303 passo
626 2218 781 2303 recipitur,
797 2226 828 2283 et
843 2218 966 2303 quidem
982 2240 1045 2283 non
1059 2218 1228 2291 secundum
1243 2221 1328 2305 quod

222 2329 296 2394 dicit
311 2331 471 2409 actionem,
488 2330 542 2396 sed
561 2339 598 2396 ut
618 2330 692 2397 dicit
710 2331 893 2415 passionem,
916 2328 1174 2415 quemadmodum
1197 2330 1326 2416 explica·

220 2442 305 2507 bitur
318 2443 407 2509 infra.
453 2443 545 2509 Unde
561 2444 700 2529 sequitur
720 2442 864 2522 secundo,
884 2458 979 2527 agens
993 2450 1029 2506 ut
1044 2463 1138 2527 agens
1153 2442 1231 2508 nihil
1246 2444 1278 2508 in
1293 2467 1326 2510 se

221 2549 353 2640 recipere
368 2579 422 2641 per
437 2579 527 2620 suum
544 2555 708 2621 transitum
724 2555 881 2619 adactum
897 2554 1077 2622 secundum.

262 2664 356 2740 Quod
377 2675 413 2729 ut
434 2665 546 2730 clarius
565 2672 718 2749 appareat,
748 2663 974 2732 consideremus
1002 2664 1153 2734 actionem
1182 2665 1326 2730 elementi

219 2776 395 2840 materialis.
440 2775 546 2852 Quum
575 2777 760 2842 elementum
785 2777 936 2842 eiusmodi
961 2778 1002 2845 sit
1025 2777 1122 2844 virtus
1145 2777 1325 2844 naturaliter

133 2923 135 2927 f
221 2886 422 2951 determinata
436 2887 476 2951 ad
490 2887 721 2972 producendum
743 2896 863 2952 motum
883 2887 1020 2968 localem,
1035 2896 1071 2955 ut
1085 2887 1233 2976 habeatur
1247 2887 1326 2952 actio

221 3008 324 3063 motus
352 2999 531 3084 productiva
563 2999 729 3084 requiritur
757 3007 789 3064 et
819 3000 940 3078 sufficit,
970 3010 1007 3064 ut
1035 2999 1144 3064 existat
1176 2999 1324 3064 terminus

222 3111 344 3176 mobilis
366 3112 404 3175 ab
425 3120 537 3195 agente
559 3111 742 3189 distinctum
765 3132 800 3174 eo
823 3111 889 3194 ipso
910 3111 1003 3190 enim,
1026 3112 1109 3196 quod
1132 3121 1179 3176 est
1199 3112 1324 3190 mobilis,

220 3231 266 3288 est
295 3222 329 3285 in
362 3224 499 3306 potentia
532 3221 719 3287 indifferenti
747 3221 787 3284 ad
821 3221 1030 3306 recipiendum
1065 3232 1167 3289 actum
1202 3222 1324 3288 virtutis

220 3335 358 3399 motivae:
381 3344 456 3399 tunc
477 3343 580 3399 autem
603 3355 706 3417 agens,
727 3333 811 3417 quod
831 3335 916 3418 prius
935 3337 1009 3416 (non
1024 3334 1171 3398 existente
1186 3334 1324 3400 videlicet

220 3445 351 3510 termino
366 3445 516 3531 receptivo
530 3454 616 3510 actus
631 3445 748 3527 motiri)
771 3445 1019 3511 considerabatur
1034 3445 1068 3510 in
1082 3455 1153 3510 actu
1169 3446 1267 3530 primo
1284 3447 1323 3511 ad

220 3559 414 3638 movendum,
426 3559 479 3623 fiet
493 3558 527 3621 in
541 3567 612 3622 actu
626 3557 761 3622 secundo
776 3579 831 3641 per
845 3556 902 3622 hoc
918 3557 1028 3636 solum,
1044 3558 1127 3642 quod
1142 3559 1207 3622 eius
1223 3559 1322 3623 deter-

253 3744 271 3781 *
288 3741 372 3795 Ratio
383 3740 519 3814 praecipua
526 3746 722 3814 propterquam
731 3739 886 3794 Goudinius
894 3739 1032 3794 mordicus
1040 3744 1122 3810 tenet,
1130 3758 1239 3796 causam
1248 3760 1322 3797 crea-

219 3833 277 3882 tam
288 3827 409 3899 indigere
421 3828 523 3883 virtuta
535 3827 706 3896 accidentali,
719 3845 773 3899 qua
784 3827 907 3900 proxime
919 3827 1085 3900 compleatur
1097 3828 1155 3882 eiua
1166 3828 1208 3884 vis
1224 3829 1321 3898 activa,

218 3915 327 3969 videtin
343 3914 404 3969 haeo
415 3931 483 3978 esse,
495 3919 527 3968 ut
539 3913 639 3970 alicubi
655 3913 783 3982 insinuat,
796 3913 871 3984 quod
887 3913 917 3966 in
934 3913 1067 3968 contraria
1085 3914 1220 3968 sententia
1231 3915 1322 3970 nullus

218 4019 276 4056 esse
287 4006 378 4073 potest
392 4018 458 4054 usus
472 3999 761 4073 praedeterminationis
776 3999 904 4073 physicae,
918 4017 1000 4069 quam
1018 3999 1075 4073 ipse
1094 4000 1218 4055 omnibus
1233 4003 1322 4058 modis

217 4088 288 4141 tueri
299 4092 411 4142 conatur
422 4092 454 4142 ut
465 4087 649 4141 necmsariam.
668 4086 829 4140 Videbimus
840 4091 932 4140 autem
944 4086 974 4140 in
985 4092 1102 4158 tractatu
1114 4089 1147 4142 de
1157 4087 1262 4142 actione
1269 4089 1322 4144 Dei

218 4173 248 4227 in
265 4175 375 4242 mundo,
388 4191 470 4246 quam
486 4191 617 4244 magnum
634 4172 806 4228 commodum
823 4173 917 4227 afferat
934 4179 1026 4228 nostra
1041 4175 1176 4228 sententia
1187 4176 1221 4229 ad
1233 4178 1321 4249 expli-

219 4260 335 4313 candum
347 4277 505 4314 concursum
516 4259 569 4313 Dei
585 4260 620 4314 ad
638 4259 756 4314 actiones
774 4264 955 4315 creatruarum
973 4260 1030 4312 sine
1048 4260 1105 4313 ullo
1123 4278 1157 4314 ex
1175 4260 1208 4315 iis
1226 4262 1320 4318 incon-

220 4346 399 4416 venientibus,
411 4365 472 4418 quaa
484 4347 564 4402 timet
576 4347 737 4402 Goudinius.

1090 4451 1145 4508 ΥΩ
