3200 4975
237 376 305 422 car.
324 359 394 443 ua]
625 380 667 422 nu
684 378 945 423 accrnnnrruus.
1273 360 1339 423 379

235 555 328 628 stant,
344 550 431 613 itaet
445 548 504 613 alia
525 550 617 627 entia,
640 548 712 613 licet
733 550 826 613 unius
849 549 970 633 speciei,
989 557 1123 633 ¹possunt
1146 547 1338 612 diversificari

234 680 289 742 per
310 660 513 743 quantitatem
534 659 728 744 perfectionis
748 659 953 739 individualis,
977 680 1069 745 quam
1095 657 1227 723 habent:
1259 659 1337 725 sicut

218 770 281 833 uir
295 770 482 854 ingeniosior
494 793 514 835 a
527 770 630 835 minus
640 770 821 855 ingenioso5
844 779 946 834 manet
955 770 1038 834 enim
1052 777 1181 855 uterque
1195 770 1229 833 in
1240 770 1338 855 specie

234 882 291 944 uiri
312 889 344 944 ct
366 881 400 944 in
423 880 523 965 specie
546 881 699 965 immori,
724 879 796 945 licet
819 879 980 964 ingenium
1002 878 1096 964 (quod
1121 888 1169 944 est
1193 880 1339 963 perfectio

233 992 353 1057 homini
366 993 530 1058 intrinseca
544 992 713 1057 seeundum
728 990 813 1078 quod
834 1000 881 1057 est
901 990 1006 1075 homo)
1030 990 1070 1055 sit
1090 990 1199 1057 melius
1219 991 1252 1055 in
1274 1013 1338 1057 uno

234 1125 327 1188 quam
341 1103 374 1168 in
385 1104 489 1167 altero.
535 1102 570 1169 Si
583 1124 654 1168 vero
668 1103 734 1168 hac
747 1101 910 1187 explicatio
923 1123 987 1165 non
1002 1101 1077 1167 satis
1093 1101 1253 1167 conveniat
1266 1124 1338 1167 cum

233 1223 335 1279 mcnte
348 1214 531 1294 Aristotelis,
549 1214 697 1293 dicemus,
715 1213 913 1281 Aristotelem
927 1212 961 1277 in
975 1213 1033 1277 hac
1052 1234 1095 1292 re,
1117 1213 1196 1279 sicut
1212 1212 1247 1277 in
1268 1214 1336 1299 qui-

232 1322 362 1389 busdam
376 1325 453 1405 aliis,
469 1346 533 1389 non
549 1332 632 1390 recte
645 1324 784 1390 locutum
798 1324 903 1391 fuisse.

279 1437 484 1501 Corollarium.
522 1434 640 1501 Omnes
654 1435 775 1499 numeri
798 1434 942 1501 abstracti
956 1432 1091 1499 habendi
1106 1441 1180 1499 sunt
1194 1442 1230 1498 ut
1244 1433 1337 1500 unius

232 1546 352 1629 speciei.
396 1545 609 1611 Praescindunt
631 1546 713 1611 enim
737 1547 895 1611 aratione
918 1544 1058 1629 specifica
1080 1543 1209 1611 unitatis
1231 1566 1250 1609 a
1274 1568 1336 1631 qua

232 1666 465 1721 mensurantur:
488 1665 520 1722 et
535 1655 578 1722 sic
592 1656 709 1722 hubent
730 1656 863 1741 speeiem
885 1655 923 1722 ab
946 1655 1065 1721 unitate
1086 1665 1122 1721 ut
1144 1639 1337 1739 significante

232 1791 321 1831 unam
330 1770 430 1846 vicem
442 1768 531 1832 idest
541 1768 636 1833 semel.
667 1767 760 1833 Unde
767 1768 889 1833 numeri
903 1766 1047 1833 abstracti
1061 1788 1125 1833 uon
1135 1776 1338 1841 numerantur

232 1878 360 1943 dicendo
374 1901 473 1957 uuum,
488 1880 555 1957 aa,
570 1880 642 1957 triu,
657 1886 793 1962 quatum,
808 1888 878 1957 etc,
889 1877 943 1943 sed
957 1877 1094 1957 diceudo,
1103 1876 1199 1957 renel,
1211 1880 1265 1957 bia,
1281 1888 1336 1959 ter,

231 1998 344 2072 quater,
354 1998 412 2053 etc.
444 1987 654 2053 &metantem
663 1988 1333 2073 estunespeciesquumsitunaformalitas.

275 2101 327 2165 76.
351 2098 507 2175 Quaeritur
529 2119 622 2177 nono,
646 2100 786 2182 quorumo
810 2100 950 2183 differunt
973 2101 1034 2165 trio
1059 2100 1141 2165 loc:
1174 2099 1335 2181 Nmncrus,

233 2210 409 2288 Multitudo,
424 2209 530 2273 Plura.

273 2319 465 2405 Respondeo,
489 2317 609 2384 differre
634 2318 802 2387 secundum
829 2318 1086 2388 connotationem.
1140 2319 1222 2387 Nam
1242 2320 1335 2404 plora

230 2432 305 2498 dicit
319 2415 471 2497 unitatem
486 2437 518 2495 et
531 2429 693 2510 unitatem,
716 2438 752 2494 ut
775 2429 919 2496 distincte
941 2429 1114 2511 existentes,
1134 2451 1198 2495 non
1220 2452 1333 2498 conno-

229 2555 299 2608 tans
313 2543 445 2627 aliquem
456 2564 567 2606 nexum
578 2541 660 2605 inter
669 2540 759 2619 illas,
781 2540 1019 2605 dicunturenim
1030 2543 1121 2624 pluro
1135 2563 1334 2629 quaecumque

229 2664 304 2719 sunt
326 2653 505 2736 simpliciter
528 2651 690 2717 distincta:
725 2652 880 2717 multitudo
903 2651 977 2718 dicit
1002 2652 1091 2736 plura
1114 2661 1150 2717 ut
1172 2654 1334 2718 coniuncta

230 2764 332 2846 aliquo
344 2761 465 2826 vinculo
476 2761 623 2838 unitatis3
646 2760 816 2825 multitudo
829 2761 912 2827 enim
927 2762 1073 2830 delinitur
1086 2762 1161 2830 anio
1174 2763 1334 2829 distincto·

230 2895 311 2950 rum,
331 2880 361 2936 et
375 2878 502 2955 propter
516 2869 574 2934 hoc
588 2869 757 2939 multitudo
770 2872 942 2957 coneipitur
955 2882 992 2938 ut
1006 2895 1104 2939 unum
1119 2876 1333 2956 mensurabile,

229 3006 285 3050 seu
297 2981 494 3061 numerabile,
511 3003 607 3067 quum
631 2983 671 3047 sit
693 3004 791 3047 unum
814 3005 850 3047 ex
871 2983 1030 3068 pluribusr
1052 3007 1189 3057 wmarus
1203 2985 1333 3072 denique

229 3093 303 3158 dicit
316 3093 548 3158 multitudinem
567 3115 630 3160 non
649 3103 684 3160 ut
702 3093 754 3172 sic,
778 3093 833 3158 sed
847 3104 885 3159 ut
898 3105 1106 3162 mensuratam
1121 3118 1175 3162 seu
1189 3119 1332 3164 numera·

229 3213 311 3283 tam3
342 3214 374 3269 et
399 3204 443 3270 sie
467 3213 612 3272 connotat
636 3205 844 3289 operationem
868 3206 1084 3274 mensurantis.
1140 3207 1223 3274 Hinc
1241 3209 1333 3293 plura

229 3325 303 3382 sunt
328 3316 455 3382 materia
476 3315 704 3384 multitudiuis:
727 3324 760 3380 et
780 3317 936 3392 multitudo
959 3325 1006 3382 est
1028 3319 1154 3384 materia
1175 3341 1332 3386 mensura-

227 3428 330 3507 tionis,
345 3449 408 3512 qua
420 3427 538 3494 eruitur
549 3439 697 3496 amnem.
740 3429 849 3506 Para,
866 3436 902 3492 ut
922 3429 974 3510 sie,
992 3451 1057 3494 non
1077 3437 1151 3494 sunt
1169 3431 1203 3496 in
1222 3431 1330 3516 praedi-

225 3549 367 3608 camento
380 3539 571 3626 quantitatis,
586 3539 712 3625 quia-ut
729 3540 772 3606 sic
792 3563 856 3608 non
877 3549 951 3608 sunt
972 3541 1089 3627 aliquid
1107 3565 1216 3610 uuum.
1261 3545 1329 3611 Nu-

226 3675 321 3718 merus
341 3651 434 3716 etiam
456 3651 556 3717 uteie
578 3672 641 3716 non
663 3658 711 3716 est
734 3651 767 3716 in
789 3651 1027 3736 predicamento
1047 3654 1237 3739 quantitatis,
1258 3655 1331 3740 quia

226 3785 292 3827 esse
320 3762 486 3828 formaliter
514 3785 680 3830 numerum
703 3762 796 3828 habet
820 3786 838 3828 a
863 3772 975 3843 mente,
1000 3787 1055 3835 seu
1080 3788 1098 3830 a
1123 3775 1328 3834 mensurante.

227 3874 393 3938 Multitudo
414 3895 484 3938 vero
505 3874 606 3940 estin
628 3872 874 3958 predicamento,
896 3884 932 3940 ut
946 3882 1048 3960 putot:
1071 3884 1102 3940 et
1116 3876 1160 3946 sic
1174 3877 1330 3961 quantitas

227 3985 357 4049 diaeaeta
375 3984 501 4068 ponitur
519 3985 554 4050 in
572 3984 808 4069 predicamento
831 3985 888 4052 sub
908 3984 1026 4053 ratione
1045 3987 1165 4055 formali
1188 3988 1328 4058 multitu-

226 4095 318 4176 dinis,
333 4116 397 4160 non
420 4093 478 4158 sub
501 4093 617 4160 ratione
635 4095 755 4162 formali
777 4096 908 4176 numeri,
930 4096 1001 4164 licet
1023 4119 1171 4166 numerus
1191 4098 1224 4162 in
1247 4122 1328 4165 com·

226 4207 314 4271 muni
327 4205 443 4271 ratione
458 4204 603 4291 loquendi
618 4206 824 4274 confundatur
844 4229 915 4276 cum
936 4207 1144 4289 multitudine,
1160 4209 1232 4294 quia
1245 4211 1327 4278 vide·

226 4316 296 4381 licet
311 4316 458 4401 accipitur
473 4315 679 4384 materialiter.
