3200 4975
209 382 278 426 car.
296 364 352 446 ra]
518 384 559 427 nn
576 386 778 430 sunsrnucra
796 387 999 431 sermonum.
1274 372 1314 435 73

209 570 279 612 vcro
300 556 363 611 tam
385 549 517 632 spiritui,
539 572 632 634 quarn
655 551 773 634 corpori
797 551 961 615 informato
985 551 1113 615 debetur
1136 552 1315 616 naturaliter

209 659 395 737 informatio,
410 667 485 723 tunc
499 661 675 724 informatio
689 661 756 746 ipsa
774 670 823 725 est
838 662 982 745 utrinque
997 662 1152 726 naturalis.
1309 730 1312 741 ,

210 811 213 815 1
255 771 337 835 Hinc
366 770 487 835 videtur
521 771 695 851 dicendum,
726 771 809 856 quod
838 772 882 836 vis
912 772 1105 835 informatius
1134 773 1315 855 generaliter

210 890 333 967 sumpta
346 882 425 945 nihil
440 883 480 945 sit
495 882 578 947 aliud
593 883 653 947 nisi
667 885 713 947 vis
735 885 887 949 actuativa
907 884 955 947 sui
976 883 1010 946 in
1025 885 1156 947 termino
1172 885 1230 949 sibi
1244 906 1316 949 con-

210 1002 349 1076 gruente,
372 993 502 1059 habente
525 995 694 1078 potentiam
713 995 754 1059 sd
767 995 880 1060 vitam:
902 1003 934 1059 et
957 996 999 1060 sic
1022 1004 1145 1080 accepta
1166 995 1315 1079 distingui

211 1112 312 1188 potest
335 1106 368 1168 in
390 1106 559 1169 naturalem
583 1115 613 1170 et
636 1106 928 1190 praeternaturalem.
973 1108 1132 1171 Naturalia
1160 1116 1217 1186 est,
1247 1130 1315 1192 quae

209 1216 341 1299 exigitur
354 1225 421 1279 tum
438 1239 474 1279 ex
496 1226 580 1301 parte
605 1217 741 1302 spiritus,
761 1225 830 1281 tum
853 1241 888 1282 ex
910 1228 996 1302 parte
1019 1219 1169 1303 corporis:
1187 1229 1315 1303 ρνινῐνεν·ὁ

211 1327 367 1405 naturalia,
397 1349 466 1412 quae
494 1329 627 1413 exigitur
655 1352 692 1393 ex
720 1337 806 1413 parte
841 1329 974 1413 corporis
1009 1337 1142 1410 tantum,
1172 1340 1207 1394 ut
1237 1331 1316 1395 infra

213 1438 439 1523 explicabimus.

255 1552 308 1614 56.
331 1550 459 1615 Dictum
485 1561 531 1614 est
557 1553 589 1615 in
619 1560 752 1616 tractatu
781 1550 820 1615 de
848 1552 956 1636 primis
985 1552 1151 1637 principiis,
1181 1555 1314 1618 animam

205 1664 380 1727 humanam
402 1686 465 1728 non
488 1686 553 1729 esse
575 1664 703 1728 formam
726 1664 942 1729 accidentalem
967 1665 1111 1750 corporis,
1134 1687 1190 1729 nec
1212 1666 1316 1730 stricte

213 1775 455 1855 substantialem,
471 1800 525 1840 scu
539 1776 663 1840 dantem
678 1776 724 1839 illi
739 1776 874 1859 primum
889 1799 954 1840 esse
968 1776 1115 1855 absolute,
1133 1776 1185 1841 sed
1196 1778 1317 1862 proprie

213 1886 394 1951 naturalem.
441 1887 668 1972 Hocipsumex
680 1886 921 1971 praecedentibus
936 1896 1071 1971 apparet.
1092 1950 1097 1957 ‚
1117 1889 1209 1968 Nam,
1220 1912 1315 1974 quum

213 1998 398 2081 principium
428 1999 518 2062 vitale
541 1998 574 2061 in
604 2022 636 2062 sc
665 1998 764 2081 primo
794 1998 998 2062 constitutum
1028 1999 1068 2062 sit
1097 1999 1162 2083 ipsc
1179 2000 1316 2083 spiritus

212 2108 376 2173 intrinsece
395 2110 564 2193 completus
580 2110 692 2173 inesse
709 2109 893 2173 substantiae
914 2109 1011 2193 primo
1026 2109 1164 2188 viventis,
1180 2112 1317 2194 sequitur

213 2221 279 2283 eius
294 2221 498 2285 actuationem
512 2221 545 2283 in
560 2220 691 2283 termino
711 2202 858 2284 exteriore
873 2242 938 2284 esse
953 2220 1069 2304 aliquid
1084 2228 1194 2285 natura
1209 2221 1316 2285 saltem

212 2333 364 2417 posterius
385 2332 451 2416 ipsa
474 2332 655 2410 substantia,
679 2341 710 2395 et
731 2332 801 2395 ideo
822 2355 886 2397 non
915 2332 1031 2412 includi
1061 2334 1262 2398 essentialiter
1284 2335 1317 2398 in

213 2444 310 2529 ipsius
333 2444 512 2509 substantiae
534 2444 700 2530 spiritualis
722 2453 871 2530 conceptu
881 2470 890 2526 3
913 2468 1007 2530 quare
1029 2445 1060 2509 iu
1077 2444 1134 2510 hoc
1150 2467 1243 2510 sensu
1257 2445 1317 2510 dici

213 2567 318 2642 posset
332 2557 416 2642 quod
436 2557 610 2621 informatio
632 2565 678 2620 est
701 2558 840 2622 accidens
851 2584 860 2636 ;
881 2558 991 2623 accidit
1013 2557 1105 2635 enim,
1129 2558 1317 2642 spiritualem

214 2669 416 2733 substantiam
432 2669 465 2732 in
481 2691 512 2732 se
528 2668 684 2753 adaequate
704 2670 903 2733 constitutam
927 2669 1091 2733 informare
1111 2691 1230 2753 corpus,
1251 2693 1317 2748 nce,

215 2780 240 2842 si
261 2787 357 2843 cesset
377 2779 550 2857 informare,
566 2778 683 2863 aliquid
703 2779 781 2863 perit
803 2780 840 2843 de
859 2780 1011 2863 spirituali
1032 2780 1211 2845 substantia.
1258 2780 1319 2844 Sed

215 2892 287 2975 quia
301 2891 403 2954 anima
416 2890 552 2954 humana
566 2912 628 2953 non
644 2890 729 2973 prius
744 2890 847 2954 existit
862 2899 892 2955 et
908 2891 1017 2957 deinde
1039 2891 1182 2955 informat
1197 2913 1317 2977 corpus,

217 3002 270 3066 sed
295 3011 371 3066 tuno
395 3001 495 3085 primo
518 3009 565 3064 est
592 3023 687 3085 quum
715 3002 860 3065 informat
884 3024 994 3086 corpus
1022 3003 1068 3084 (nt
1092 3001 1262 3066 videbimus
1286 3004 1318 3068 in

216 3122 361 3199 sequente
390 3114 547 3195 tractatu),
573 3111 642 3176 ideo
667 3135 730 3176 non
759 3122 861 3197 potest
886 3113 945 3178 dici
971 3113 1054 3197 quod
1077 3113 1253 3177 informatio
1279 3115 1318 3178 sit

211 3224 332 3309 *aliquid
346 3223 509 3288 adveniens
525 3223 634 3287 animas
647 3225 707 3287 iam
722 3223 877 3303 existenti,
893 3233 924 3288 et
940 3225 1037 3288 multo
1058 3225 1161 3288 minus
1180 3225 1264 3309 quod
1279 3226 1318 3289 sit

216 3335 333 3422 aliquid
352 3335 514 3401 adveniens
529 3334 568 3398 ad
584 3335 710 3399 modurn
732 3335 897 3399 accidentis
919 3336 1038 3421 physici
1059 3336 1142 3419 quod
1157 3335 1318 3419 recipiatur

216 3449 249 3512 in
265 3446 438 3511 substantia
452 3447 579 3512 animae:
602 3447 656 3511 sed
678 3446 738 3510 dici
761 3446 852 3511 debet
874 3447 956 3532 quod
978 3448 1152 3512 informatio
1172 3457 1218 3512 est
1233 3457 1318 3512 actus

217 3559 363 3622 naturalia
376 3560 485 3622 animas
499 3559 702 3636 informantis,
721 3559 925 3623 substantiolis
939 3559 970 3622 in
987 3569 1136 3642 quantum
1157 3560 1259 3624 anima
1273 3568 1319 3624 cst

218 3669 389 3733 substantia
411 3679 442 3733 et
468 3692 522 3754 per
546 3692 632 3733 suam
659 3669 863 3733 substantiam
893 3670 1048 3749 informat,
1075 3673 1318 3736 nonantulam

216 3788 367 3865 quantum
397 3781 499 3844 anima
523 3779 661 3844 absolute
683 3789 784 3864 potest
806 3803 871 3846 esse
891 3781 956 3844 sine
979 3781 1202 3861 informatione,
1225 3805 1319 3846 essea-

176 3947 181 3954 ,
216 3891 299 3956 ticlrir
312 3900 454 3976 respectu
468 3891 611 3970 hominis,
624 3892 678 3976 qui
689 3893 792 3956 anima
800 3901 831 3956 et
842 3914 967 3977 corpore
978 3893 1177 3958 essentialiter
1186 3903 1316 3970 constat.

262 4003 332 4082 Sed,
357 4003 383 4066 si
406 4002 451 4067 ita
474 4012 531 4082 est,
554 4004 684 4088 inquies,
708 4005 809 4067 omnis
833 4005 1007 4070 informatio
1030 4005 1163 4090 corporis
1186 4005 1243 4069 erit
1261 4028 1318 4089 per

216 4117 358 4192 andan,
373 4123 405 4178 et
419 4114 505 4178 nulla
519 4114 576 4178 erit
591 4114 764 4178 informatio
775 4138 833 4198 per
852 4139 892 4195 se,
912 4117 971 4180 nisi
995 4116 1028 4179 in
1053 4116 1162 4195 brutis,
1187 4138 1317 4201 quorum

217 4225 318 4300 anima
332 4225 440 4310 nequit
455 4225 582 4290 existere
596 4226 656 4289 nisi
676 4225 863 4310 incorpore,
890 4250 985 4312 quum
1007 4250 1069 4292 non
1085 4228 1125 4291 sit
1140 4227 1314 4311 spiritualis.

216 4338 267 4402 Ad
283 4338 365 4422 quod
380 4338 590 4422 respondetur,
602 4361 667 4402 csse
683 4337 805 4422 aliquod
814 4361 871 4422 ριν
885 4361 917 4403 se
932 4339 1139 4420 substantiale,
1152 4347 1181 4402 et
1194 4339 1317 4423 aliquod
