3200 4975
219 364 291 409 οη.
308 344 350 429 n]
672 368 715 413 ne
733 368 879 412 acarna.
1265 348 1328 411 133

217 532 420 618 compositam
443 531 505 596 vita
526 531 693 616 spiritualis
715 545 761 595 est
784 532 847 597 uita
868 530 1068 617 inadaequatc,
1091 532 1154 598 vita
1174 555 1245 599 vero
1260 534 1326 599 ani-

218 644 306 725 malis
329 652 376 708 est
400 643 462 708 vita
487 643 654 728 adaequate,
681 666 779 728 qaum
805 644 868 708 vita
893 642 1033 706 animalis
1057 643 1149 708 haias
1167 646 1327 731 compositi

219 753 299 819 dicat
319 762 421 818 totum
436 754 521 840 quod
539 754 612 818 dicit
632 753 695 818 vita
713 753 890 838 spiritualis,
911 762 942 819 et
965 753 1082 838 aliquid
1102 755 1196 835 aliud,
1214 779 1328 843 nempe*

218 866 284 930 cias
299 867 503 951 receptionem
517 866 551 929 in
566 888 701 951 corpore.

263 982 314 1043 15.
337 978 493 1055 Quaeritar
507 988 601 1059 sexto,
617 1000 675 1063 quo
688 980 803 1043 nemim
817 980 975 1044 vocandam
989 982 1030 1044 ait
1040 982 1228 1065 compositam
1238 989 1324 1044 natae

217 1090 281 1154 rcle
294 1113 332 1154 ec
345 1094 443 1156 anima
457 1092 634 1155 intellectiva
648 1099 679 1154 ct
693 1113 824 1175 corpore.

262 1202 454 1288 Respondeo,
486 1202 655 1267 vocandam
690 1225 756 1266 esse
792 1202 905 1266 animal
942 1202 1173 1268 intellectivam.
1230 1203 1323 1282 Nam,

218 1299 315 1397 quam
329 1336 365 1377 ex
380 1314 470 1378 dictis
484 1313 663 1378 resultantia
685 1313 822 1377 formalis
844 1314 1077 1398 conspirationis
1100 1314 1229 1379 dmrurn
1251 1314 1323 1378 aab·

218 1426 411 1504 sentiarum,
426 1425 591 1511 dequibus
606 1425 738 1509 agimus,
753 1425 787 1488 in
808 1447 906 1489 unum
929 1427 1133 1511 compositam
1156 1428 1197 1491 sit
1219 1427 1323 1491 unitas

217 1537 296 1615 vitae,
323 1538 388 1601 haec
410 1546 514 1601 autem
540 1536 580 1601 sit
606 1535 785 1615 formaldus,
812 1536 870 1601 sub
900 1560 961 1621 qna
990 1539 1194 1624 compositum
1224 1539 1324 1623 primo

217 1647 400 1733 intelligitur
414 1672 478 1713 esse
492 1649 525 1712 in
541 1648 743 1712 determinata
757 1647 857 1732 speeie
871 1650 962 1727 entis,
975 1648 1014 1713 ab
1029 1673 1064 1713 ea
1078 1650 1325 1715 denominabitur

218 1760 430 1844 compositum.
476 1759 560 1836 Quia
572 1781 643 1824 vero
657 1760 696 1823 ab
712 1759 898 1824 animatione
914 1762 1047 1846 corporis
1058 1762 1120 1826 vita
1134 1763 1198 1827 haec
1213 1761 1324 1826 dieitur

218 1870 368 1950 animalis,
392 1872 501 1935 merito
527 1870 730 1956 compositam
752 1870 910 1937 vocabitur
935 1874 1061 1937 animal:
1085 1874 1138 1937 sed
1164 1874 1237 1959 qaia
1258 1875 1324 1939 haec

218 1980 323 2045 eadem
338 1981 400 2046 rita
419 2005 481 2067 qna
502 2004 615 2066 corpas
638 1981 808 2045 vivificatur
833 1990 880 2045 ast
903 1982 965 2049 vita
991 1983 1100 2047 aniane
1122 1983 1323 2067 intellectiva,

218 2091 288 2156 ideo
302 2094 507 2179 compositum
522 2093 686 2158 dicendum
701 2102 747 2157 est
762 2092 874 2156 animal
891 2094 1106 2160 intellectivam.

265 2204 315 2267 16.
339 2203 497 2280 Quaeritur
526 2202 666 2289 septimo,
691 2225 749 2287 per
777 2204 851 2287 qaid
877 2204 1073 2269 individaetar
1102 2206 1214 2270 annal
1240 2208 1325 2270 intel,-

221 2316 362 2381 lecticam.

264 2426 456 2514 Respondeo,
472 2426 745 2494 individaationem
761 2449 828 2492 esse
842 2426 885 2507 id,
905 2449 1029 2514 queres
1045 2429 1189 2516 qualibet
1212 2431 1326 2495 eonsti-

219 2541 319 2604 tuitur
339 2541 372 2604 in
396 2564 428 2605 se
453 2540 593 2620 indivisa,
609 2549 640 2603 et
663 2539 701 2604 ab
730 2539 875 2604 omnibus
903 2539 970 2605 aliis
1000 2541 1105 2605 divisa.
1159 2542 1226 2605 Iam
1256 2563 1326 2606 vero

221 2654 333 2718 animal
355 2655 575 2719 intellectivam
595 2652 796 2718 constituitur
810 2653 843 2716 ia
859 2675 891 2717 se
905 2653 1071 2718 indivisum
1086 2677 1140 2738 per
1154 2655 1326 2740 naturalem

220 2766 476 2850 conspirationem
505 2766 615 2829 animae
636 2772 667 2828 et
689 2764 825 2848 corporis
848 2764 880 2828 in
903 2765 1054 2829 unitatem
1077 2766 1146 2830 vitae
1168 2767 1326 2847 naturalis,

220 2901 289 2963 quae
309 2901 365 2963 per
386 2877 565 2942 divisionem
588 2876 698 2940 animae
720 2899 737 2939 a
759 2897 885 2960 corpore
907 2876 1013 2961 perite
1027 2899 1082 2960 per
1096 2878 1154 2942 hoc
1169 2900 1238 2941 vero
1254 2900 1326 2942 con-

220 2991 359 3055 stituitur
381 2991 512 3055 divisam
535 2990 573 3053 ab
595 2989 739 3053 omnibus
761 2988 838 3068 aliis,
862 2988 946 3074 quod
967 2989 1078 3053 habeat
1104 2989 1138 3052 in
1161 3012 1192 3053 se
1214 2990 1330 3055 intrim·

221 3125 324 3168 secum
346 3102 615 3186 complementum,
639 3121 700 3185 qao
720 3099 860 3164 redditur
872 3110 984 3164 natura
998 3099 1057 3165 sibi
1071 3099 1229 3186 adaequate
1243 3104 1327 3166 suffi-

221 3215 322 3292 ciens3
344 3237 399 3299 per
413 3214 472 3278 hoc
486 3213 567 3278 enim
588 3211 759 3276 excluditur
781 3211 881 3276 omnis
901 3211 1134 3276 communicatio
1155 3213 1220 3277 eius
1234 3224 1326 3278 nata·

221 3326 292 3390 ralis
321 3349 391 3390 cum
414 3325 482 3389 aliis
504 3334 588 3389 extra
610 3324 782 3408 sepositis.
828 3323 930 3407 Igitur
952 3346 1007 3409 per
1028 3321 1086 3388 hoc
1116 3324 1326 3389 individaatur
1376 3380 1378 3385 .

111 3521 115 3525 ‚
221 3437 334 3502 animal
348 3436 578 3513 intellectivam,
593 3457 649 3519 per
662 3434 745 3519 qaod
760 3433 967 3498 constituitur.
1008 3434 1201 3520 Conspiratio
1216 3437 1331 3501 animae⁴

220 3559 252 3614 et
264 3548 397 3634 corporis
412 3547 451 3612 ad
465 3570 558 3611 unam
575 3554 715 3610 naturam
731 3546 975 3610 constituendam
987 3555 1033 3611 est
1045 3549 1111 3612 eius
1125 3547 1326 3613 individaatio

219 3662 252 3724 in
264 3668 335 3724 aeta
349 3659 457 3744 primo,
474 3681 526 3722 sea
542 3657 727 3742 principium
742 3657 871 3721 formale
886 3658 1058 3742 proximum
1072 3658 1324 3724 individaationis

219 3775 302 3839 eius:
324 3773 428 3836 unitas
442 3772 521 3849 vitae,
541 3793 595 3834 sea
614 3779 731 3834 natarae
745 3770 875 3834 viventis
890 3777 936 3833 est
950 3769 1017 3855 ipsa
1037 3771 1102 3835 eius
1120 3771 1324 3837 individuatio

219 3888 252 3949 in
276 3895 347 3948 aeta
373 3881 515 3947 secundo.
569 3880 682 3945 Anima
705 3889 736 3944 et
760 3903 870 3966 corpas
900 3879 1014 3945 habent
1041 3904 1073 3946 se
1095 3882 1128 3946 ia
1154 3884 1260 3948 ordine
1283 3885 1323 3949 ad

218 3995 490 4062 individaationcm
510 4002 546 4057 at
560 3994 740 4077 principiam
755 3994 885 4078 formale
907 3996 1002 4076 quod5
1025 4003 1135 4059 natura
1149 3995 1253 4060 virens
1275 4009 1323 4061 est

218 4112 320 4194 ipsum
342 4105 565 4170 individuum.‘
591 4105 670 4168 Vide
691 4127 760 4189 quae
782 4103 981 4170 disseruimus
1001 4105 1034 4170 in
1048 4114 1182 4172 tractatu
1196 4107 1233 4172 de
1248 4107 1320 4172 sub·

218 4221 331 4287 santia
345 4216 496 4304 spirituali
510 4240 542 4282 n.
560 4220 611 4295 18,
629 4220 679 4282 19.

260 4333 393 4396 Evidens
422 4337 522 4394 autem
546 4328 697 4413 estquod
726 4329 838 4393 animal
867 4328 1087 4394 intellectivam
1116 4353 1179 4395 uon
1209 4330 1318 4396 indivi-
