3200 4975
272 351 340 415 364
666 372 709 417 nr
727 371 982 417 scornrurrsus.
1220 346 1307 433 [css.
1324 366 1380 409 ιιι.

316 536 499 623 Ιιιιροιιᾱιο
513 538 698 604 affirmative.
733 538 825 603 Ratio
840 546 897 619 est,
912 538 985 623 quia
999 548 1117 602 naturae
1136 550 1239 601 rerum
1254 557 1379 620 compo·

274 650 401 714 sitarum
416 651 647 715 constituuntur
655 648 824 715 formaliter
839 648 1143 716 determinationibus
1152 647 1299 712 dantibus
1311 669 1380 732 spe-

273 762 381 827 cialem
406 762 534 827 modum
557 763 669 848 agendi
691 770 724 827 et
748 762 894 847 patiendi,
922 761 976 848 qui
995 762 1077 825 intra
1097 760 1244 846 quosdam
1266 759 1380 823 limites

273 873 381 939 variari
396 881 508 960 potest,
528 898 656 939 manens
672 875 705 938 in
719 875 826 940 cadem
848 874 958 960 specie.
1004 873 1057 939 Sic
1071 874 1186 940 variata
1200 871 1380 936 ntfunstia

275 983 367 1049 nibus
388 984 630 1069 praecedentibus
651 984 797 1050 distantia
817 1010 845 1049 m
859 985 907 1051 vel
921 987 950 1066 d,
973 1007 1036 1050 non
1059 984 1228 1050 necessario
1250 984 1382 1049 variatur

274 1103 384 1161 natura
406 1094 542 1180 ipsarum
567 1095 772 1177 functionum,
798 1096 871 1161 licet
895 1097 1006 1163 diversi
1029 1119 1157 1161 numero
1183 1096 1298 1161 valores
1319 1095 1381 1159 illis

275 1205 497 1290 respondeant;
519 1207 591 1293 quia
613 1207 692 1272 sicut
707 1230 736 1273 v.
752 1230 799 1293 gr.
818 1208 851 1273 in
875 1208 1060 1273 sectionibus
1083 1208 1152 1273 coni
1175 1207 1288 1272 dantur
1301 1206 1381 1271 inter

274 1316 449 1403 parabolam
463 1326 495 1383 et
509 1318 708 1406 hyperbolem
722 1319 891 1385 innumerae
902 1318 1023 1404 ellipres
1038 1319 1234 1384 materialiter
1248 1317 1380 1396 diversae,

276 1428 329 1494 sed
344 1438 447 1493 ιιιιιιιι
470 1452 590 1515 semper
609 1428 768 1494 manentes
788 1430 821 1493 in
842 1430 941 1516 specie
959 1430 1099 1516 ellipscor
1107 1456 1117 1509 ;
1139 1430 1184 1494 ita
1203 1430 1286 1494 intra
1305 1428 1382 1493 duos

273 1539 388 1604 limites
410 1548 571 1620 extremos,
585 1540 668 1605 ultra
682 1562 760 1626 quos
774 1548 886 1606 natura
905 1542 1007 1627 aliqua
1030 1542 1139 1607 durare
1153 1542 1271 1627 nequit,
1292 1541 1382 1605 datur

274 1651 416 1733 latitudo,
439 1652 520 1717 intra
539 1676 632 1739 quam
653 1653 760 1718 eadem
781 1662 892 1718 natura
914 1654 1083 1719 innumeris
1108 1646 1208 1719 modis
1230 1646 1380 1737 gradatim

275 1764 417 1843 varietur,
441 1787 505 1830 non
523 1764 641 1829 mutata
663 1765 772 1849 specie
817 1764 859 1829 Ει
882 1766 925 1829 sic
947 1787 1027 1851 aqua
1041 1788 1069 1829 v.
1086 1789 1133 1850 gr.
1149 1765 1224 1830 dum
1239 1788 1256 1831 ι
1271 1764 1382 1848 frigida

274 1877 310 1940 fit
332 1875 438 1955 calida,
453 1875 502 1941 vel
524 1886 639 1957 contra,
661 1885 765 1940 manet
786 1876 821 1939 in
842 1876 941 1961 specie
965 1899 1061 1963 aquae,
1077 1899 1172 1961 quum
1197 1876 1383 1961 aquationes

277 1987 515 2052 determinantes
538 1988 672 2053 actiones
696 1997 727 2053 et
750 1988 907 2074 passiones
929 1990 962 2053 in
985 1990 1052 2075 ipsa
1078 2002 1221 2055 maneant
1246 1978 1383 2053 eiusdem

276 2100 392 2181 forma,
407 2108 438 2163 et
452 2099 624 2183 exprimant
639 2099 777 2164 eamdem
792 2100 892 2184 legem
904 2100 1083 2186 specificam,
1096 2100 1234 2185 quamvis
1246 2098 1382 2163 acciden-

277 2210 379 2275 taliter
400 2212 546 2275 variatam
569 2210 609 2275 ob
630 2211 763 2277 diversos
786 2212 904 2277 valores
926 2212 1132 2298 quantitatum
1155 2204 1382 2277 constantium:

277 2321 400 2385 evidens
415 2331 461 2386 est
481 2323 563 2387 enim
579 2322 663 2408 quod
682 2346 761 2408 aqua
784 2334 887 2388 manet
904 2325 987 2388 intra
1005 2334 1103 2389 certos
1123 2323 1236 2388 limites
1257 2324 1383 2409 liquida,

279 2433 487 2514 madefactira,
512 2441 719 2520 transponens,
746 2442 805 2500 etc.
815 2462 826 2516 5
858 2434 942 2520 quod
970 2443 1017 2500 est
1046 2457 1222 2501 conservare
1252 2434 1383 2521 speciem

278 2569 376 2609 suam.
420 2545 463 2610 nt
476 2545 557 2610 idern
574 2546 612 2610 de
626 2545 693 2609 aliis
708 2545 889 2610 substantiis
906 2545 965 2610 dici
980 2554 1091 2631 potest.

323 2660 376 2722 63.
401 2657 485 2722 Ηίιιι
506 2661 539 2721 1⁰
561 2657 684 2742 quando
703 2657 833 2721 dicimus
851 2657 1051 2742 proprietates
1071 2658 1246 2724 essentiales
1266 2668 1385 2724 naturae

279 2769 464 2854 compositae,
481 2769 611 2834 dicimus
626 2766 894 2848 determinationes
908 2770 1058 2854 spaorficas
1072 2771 1255 2835 resultantes
1265 2795 1301 2836 ex
1315 2771 1384 2856 lege

279 2881 409 2966 quadam
426 2880 587 2967 dynamica
601 2881 733 2967 speciali,
750 2904 811 2968 qua
825 2881 1029 2966 obstringitur
1044 2882 1170 2946 materia
1184 2883 1216 2946 in
1232 2883 1286 2946 tali
1301 2905 1382 2947 com-

278 2994 378 3076 posito
392 2992 422 3058 vi
437 2992 681 3078 compositionis:
712 3015 780 3078 quae
795 2993 1063 3058 determinationes
1078 3017 1175 3079 quum
1191 2995 1252 3058 sint
1267 2994 1385 3080 specifi-

279 3218 506 3282 couditionibus
527 3216 773 3304 particularibus,
789 3241 858 3303 quae
879 3219 913 3282 in
934 3218 983 3282 bis
1001 3217 1165 3282 individuis
1180 3218 1383 3284 verificantur.

279 3329 559 3394 Determinationes
573 3352 647 3415 ergo
660 3329 721 3395 illae
741 3330 911 3414 specificam
931 3338 1072 3396 naturam
1090 3329 1258 3396 formaliter
1273 3332 1385 3396 consti-

280 3451 402 3505 tuentes
416 3465 475 3505 ιιι
489 3444 618 3506 arietant
632 3450 666 3505 ut
680 3441 822 3527 apemflcoe
839 3441 964 3527 (species
979 3441 1059 3506 enim
1070 3452 1117 3507 est
1132 3441 1319 3526 abstractio),
1331 3443 1385 3508 sed

280 3554 415 3616 existunt
440 3563 476 3617 ut
498 3555 662 3639 aepularer
687 3554 750 3617 sive
768 3554 932 3633 individae,
957 3577 1011 3618 seu
1033 3554 1167 3618 existunt
1190 3555 1223 3618 in
1246 3564 1385 3620 concreto

281 3688 351 3729 curn
376 3664 553 3728 differentiis
577 3664 825 3743 individualibus,
846 3665 957 3751 quibus
981 3665 1138 3729 individua
1161 3666 1253 3730 unius
1277 3667 1386 3752 speciei

280 3775 506 3841 accidentaliter
531 3774 686 3839 differunt.
748 3775 844 3854 Sicut,
872 3776 1011 3861 quamvis
1040 3776 1220 3859 generaliter
1250 3777 1386 3842 dicamus

279 3911 370 3973 prave
395 3888 509 3970 oblique
531 3889 694 3970 proiectum
714 3888 873 3950 desmbere
890 3889 1074 3971 parabolam,
1100 3888 1186 3953 nulla
1210 3897 1313 3953 tamen
1340 3898 1387 3955 est

283 3997 435 4083 parabola,
458 4020 527 4082 quae
548 4019 610 4082 prae
632 3997 747 4062 caeteris
769 3997 843 4082 eligi
867 3998 976 4062 debeat
998 4000 1037 4065 ad
1056 4007 1198 4064 naturam
1216 4002 1386 4086 specificam

283 4121 386 4174 motus
408 4108 671 4175 determinandam
679 4134 689 4187 3
712 4110 784 4194 quia
798 4109 941 4194 parabola
955 4119 1002 4174 est
1023 4135 1085 4175 una
1105 4113 1219 4196 species
1233 4135 1341 4193 curvae,
1357 4126 1388 4180 et

284 4221 413 4304 singulae
426 4220 578 4304 parabolae
592 4219 738 4284 differunt
754 4219 854 4284 solum
869 4221 950 4285 uotis
965 4222 1237 4287 individuantibus.

330 4331 412 4394 Hinc
435 4335 469 4394 2⁰
484 4332 510 4394 si
524 4332 680 4416 quaeritur,
704 4338 810 4394 utrum
833 4332 1032 4416 proprietates
1054 4334 1207 4400 naturales
1226 4312 1389 4421 'compositi
