3200 4975
226 337 294 383 aar.
311 321 367 404 11.]
679 347 721 390 on
740 346 885 392 nonius.
1263 326 1328 390 209

224 507 397 592 passivitate
412 510 544 595 aliquam
560 535 670 578 novam
686 513 795 598 speciei
815 512 1017 598 receptionem
1034 512 1071 577 ab
1087 513 1263 590 extrinseco,
1278 510 1325 575 vel

222 618 313 683 aliam
334 620 577 686 immutationem
587 650 597 702 ς
620 633 695 688 tunc
709 625 793 688 enim
814 625 920 689 saltem
936 619 1103 689 virtualiter
1122 623 1246 702 iudicat,
1262 643 1326 687 rem

222 729 261 794 de
281 754 342 817 qua
356 733 470 818 cogitat
491 735 552 799 iam
573 735 667 800 fuisse
684 736 717 800 in
737 746 857 801 mente:
881 739 916 800 2⁰
931 759 984 821 per
1005 736 1063 800 hoc
1083 735 1167 820 quod
1188 756 1266 798 nova
1280 756 1326 798 re·

221 844 321 928 ceptio
331 845 441 930 speciei
450 857 722 931 cognoscaturnon
730 849 836 913 afferre
846 848 1040 932 cognoscenti
1049 869 1162 910 novum
1172 845 1324 942 obiectum
1436 864 1443 877 ·

222 955 513 1040 apprehendendum
521 980 531 1036 ;
553 956 730 1037 tuncenim,
740 958 799 1022 etsi
810 980 996 1042 cognoscens
1011 955 1157 1043 percipiat
1169 953 1326 1020 semoveri

223 1075 295 1132 actu
306 1068 346 1132 ab
360 1068 478 1133 obiecto
489 1068 537 1152 (ut
552 1091 650 1154 quum
663 1069 755 1134 homo
766 1069 850 1135 videt
865 1071 1020 1134 hominem
1033 1069 1094 1154 sibi
1108 1069 1241 1150 notum),
1256 1088 1324 1151 per-

223 1179 298 1264 cipit
313 1189 415 1245 tamen
433 1181 535 1261 simul,
551 1183 683 1267 speciem
699 1205 718 1246 a
732 1182 787 1247 tali
808 1180 926 1247 obiecto
946 1183 1125 1267 impressam
1139 1202 1202 1244 non
1220 1177 1326 1242 afferre

223 1291 283 1356 sibi
308 1315 418 1357 novom
441 1294 600 1358 materiam
629 1294 824 1378 cognitionis,
850 1295 904 1358 sed
932 1292 1101 1359 coincidere
1127 1314 1198 1356 cum
1227 1288 1326 1375 specie

221 1403 332 1469 obiecti
346 1405 407 1469 iam
421 1406 507 1490 prius
522 1406 647 1491 cogniti,
664 1428 757 1490 quam
771 1406 865 1471 habet
880 1413 1068 1490 praesentem.

266 1516 313 1580 Itx
323 1516 382 1595 his,
394 1539 462 1602 quae
471 1519 545 1582 satis
556 1527 660 1603 aperta
671 1527 754 1597 sunt,
767 1519 914 1602 sequitur,
926 1517 959 1581 in
969 1521 1114 1582 memoria
1124 1539 1189 1581 esse
1200 1513 1325 1600 aliquid,

222 1627 306 1713 quod
322 1629 459 1693 sehabet
475 1629 513 1693 ad
528 1630 655 1694 modum
671 1630 814 1710 materiae,
830 1629 863 1692 id
879 1637 925 1694 est
939 1629 1092 1693 obiectum
1106 1629 1139 1691 in
1156 1625 1253 1712 specie
1267 1627 1326 1690 im-

223 1762 328 1824 pressa
351 1750 507 1806 retentum
531 1750 563 1807 ct
593 1751 776 1822 revocatum,
799 1750 830 1805 et
854 1741 979 1826 aliquid,
1005 1740 1088 1826 quod
1111 1762 1143 1804 se
1171 1737 1263 1802 habet
1286 1737 1327 1801 ad

224 1851 349 1915 modum
365 1852 480 1930 formae,
493 1853 526 1916 id
540 1861 586 1917 cst
601 1853 779 1937 recognitio,
795 1852 833 1919 de
845 1875 906 1938 qua
921 1874 1022 1936 supra.
1069 1850 1171 1926 Quare
1183 1849 1327 1913 memoria

224 1963 419 2028 materialiter
433 1964 623 2029 considerata
637 1973 758 2029 constat
772 1966 803 2029 vi
823 1964 972 2029 retentiva
985 1972 1016 2027 ct
1031 1953 1198 2028 revocativa
1213 1961 1326 2046 specie·

224 2097 303 2152 rum,
327 2075 493 2139 formaliter
515 2075 703 2140 considerata
726 2084 773 2139 est
796 2074 862 2160 ipra
884 2075 929 2140 vis
953 2075 1149 2158 recognitiva,
1170 2074 1327 2158 adaequate

223 2184 413 2250 considerata
438 2195 499 2250 tres
525 2186 580 2250 has
602 2186 762 2250 facultates
787 2186 1009 2271 complectitur.
1054 2186 1105 2250 Ita
1127 2186 1272 2249 memoria
1295 2192 1326 2247 et

223 2295 268 2360 vis
291 2297 509 2382 apprehensiva
531 2307 622 2382 atque
646 2297 810 2382 cogitativa
831 2320 894 2362 non
917 2297 1151 2381 distinguuntur
1173 2297 1206 2360 in
1227 2297 1325 2381 specie

222 2407 386 2490 facultatis,
402 2409 456 2472 sed
476 2418 597 2474 tanturn
618 2410 652 2473 in
673 2411 888 2474 connotatione
911 2390 1028 2475 diversa
1046 2408 1221 2472 eorumdem
1243 2409 1325 2472 obie-

223 2528 355 2601 ctorum,
370 2530 522 2606 quatenus
536 2522 674 2587 videlicet
694 2523 741 2587 vis
754 2522 973 2608 apprehensiva
988 2531 1018 2586 et
1033 2521 1195 2607 cogitativa
1209 2520 1327 2586 obiecta

223 2642 407 2718 cognoscunt,
422 2634 467 2697 vis
482 2642 585 2698 autem
600 2635 785 2699 recordativa
799 2634 904 2699 eadem
920 2636 1060 2718 agnoscit.

266 2742 428 2809 Revocatio
438 2746 606 2829 specierum
615 2746 650 2809 fit
660 2745 856 2824 attendendo,
866 2745 1032 2829 recognitio
1040 2745 1075 2809 fit
1087 2745 1280 2824 reflectendo,
1290 2753 1325 2819 ut

223 2864 308 2941 patet
320 2882 328 2921 r
351 2856 383 2919 in
395 2866 525 2941 utraque
535 2865 638 2922 autem
649 2856 813 2921 intervenit
824 2856 925 2940 aliqua
935 2856 1102 2941 specierum
1112 2856 1269 2947 associatio
1274 2860 1305 2920 *.

267 2968 320 3031 62.
344 2966 405 3031 Hic
430 2967 519 3053 plura
542 2968 613 3031 addi
635 2977 758 3054 possent
782 2990 851 3053 quae
876 2967 916 3031 ad
938 2968 999 3031 vim
1021 2968 1257 3051 cognoscitivam
1279 2992 1325 3033 rc-

224 3077 384 3143 feruntur:
406 3102 434 3143 v.
450 3100 497 3163 gr.
513 3079 552 3143 de
568 3079 724 3144 habitibus
746 3078 1004 3144 intellectualibus
1025 3080 1191 3165 acquisitis,
1207 3080 1246 3145 de
1265 3080 1325 3145 ori-

223 3190 296 3273 gine
318 3190 465 3269 idearum,
491 3190 528 3253 de
558 3190 697 3255 sensibus
726 3190 868 3269 externis,
894 3199 925 3254 et
951 3173 1056 3254 eorum
1086 3190 1257 3275 aptitudine
1286 3193 1326 3257 ad

222 3300 446 3385 percipiendam
476 3302 645 3381 veritatem,
674 3312 706 3365 et
735 3303 856 3367 similia.
902 3303 962 3367 Sed
992 3325 1031 3367 nc
1060 3311 1207 3368 tractatus
1233 3306 1325 3370 nimis

223 3421 382 3493 excrescat,
409 3414 550 3478 omittam
579 3414 760 3498 quaestiones
790 3413 828 3477 de
856 3413 1012 3478 habitibus
1041 3413 1242 3494 intellectivis,
1268 3416 1326 3481 boo

260 3621 275 3650 *
293 3620 434 3675 Estetiam
442 3619 566 3675 inbrutis
573 3619 617 3675 vis
625 3620 759 3675 retentiva
766 3625 794 3675 et
803 3620 956 3675 revocativa
967 3619 1140 3691 (spontanea)
1148 3620 1323 3677 sensibilium.

222 3705 273 3761 Vis
285 3712 378 3761 autem
395 3707 562 3778 recognitiva
573 3712 615 3761 est
627 3706 656 3759 in
669 3706 735 3778 ipsis
751 3707 868 3761 secundo
885 3707 974 3775 modo,
987 3707 1035 3761 sed
1052 3724 1106 3760 non
1122 3707 1216 3779 primo.
1253 3708 1325 3763 Nam

223 3793 399 3865 praesentibus
412 3793 516 3847 duobus
532 3793 766 3866 phantasmatibus
777 3792 919 3862 similibus,
931 3798 1021 3865 potest
1032 3794 1141 3849 brutum
1152 3794 1328 3849 materialiter

223 3896 365 3951 agnoscere
377 3881 512 3935 actualem
529 3898 623 3933 eorum
636 3880 852 3948 similitudinem,
866 3880 944 3933 iuxta
956 3897 988 3934 ea
1005 3897 1066 3951 quae
1078 3880 1152 3952 prius
1165 3881 1238 3935 dicta
1255 3888 1326 3937 sunt.

121 3988 124 3996 ·
223 3966 332 4035 Contra,
352 3972 485 4040 praesento
506 3984 561 4019 uno
580 3966 777 4038 phantasmate,
799 3966 946 4037 quodiam
969 3966 1043 4039 prius
1064 3966 1189 4021 habitum
1209 3968 1253 4038 sit,
1272 3987 1328 4023 non

221 4059 312 4126 potest
322 4053 435 4107 brutum
451 4052 593 4107 instituere
606 4052 834 4125 comparationem
849 4052 907 4106 eius
919 4053 954 4107 ad
966 4053 1091 4126 seipsum,
1105 4053 1158 4107 nisi
1170 4055 1257 4125 possit
1266 4072 1327 4127 per-

222 4140 310 4212 cipere
326 4140 401 4212 prius
420 4146 541 4212 etpost:
559 4140 613 4193 hoc
630 4147 724 4194 antem
741 4140 850 4194 excedit
867 4140 925 4193 vim
943 4156 1009 4211 pure
1030 4140 1196 4209 sensitivam,
1209 4158 1270 4211 quae
1287 4149 1329 4197 ert

222 4227 402 4282 determinata
421 4228 456 4282 ad
467 4227 513 4282 hic
531 4233 559 4281 et
570 4245 650 4280 nunc.
686 4228 727 4280 At
743 4227 801 4281 sina
818 4226 867 4280 tali
885 4226 1084 4298 comparatione
1102 4227 1275 4299 impossibilis
1287 4234 1328 4285 est

221 4314 370 4385 recognitio
383 4314 532 4370 secundum
544 4313 661 4386 priorem
672 4314 791 4368 modum.

267 4430 340 4475 vol..
358 4431 400 4475 11.
1137 4430 1154 4471 Ρ
