3200 4975
216 362 286 406 csr.
305 341 375 424 un]
678 361 721 403 nn
740 360 885 405 nonina.
1256 340 1320 402 257

216 526 430 591 conscientiam
442 525 479 588 de
492 548 547 588 suo
563 525 684 609 proprio
699 548 773 601 esse,
785 547 842 588 nec
857 532 996 587 mutatur
1010 524 1070 587 nisi
1086 523 1320 602 accidentaliter,

216 644 370 721 quatenus
392 634 499 719 positis
514 634 631 697 actibus
654 633 890 697 accidentalibus
911 634 974 697 haec
990 634 1124 718 cognitio
1139 656 1201 697 non
1216 635 1320 697 termi-

216 756 309 812 natur
324 747 363 810 ad
377 746 534 831 proprium
549 769 614 809 esse
629 755 665 809 nt
681 746 734 823 sie,
747 745 798 809 sed
815 746 853 808 ad
869 744 1025 829 proprium
1042 767 1107 808 csse
1122 767 1192 808 cum
1207 745 1321 824 addita,

216 860 249 924 id
264 871 310 925 est
325 871 361 925 ut
378 860 604 925 accidentaliter
624 860 842 924 modificatum.
889 864 933 924 2⁰.
958 858 1039 935 Quia
1054 882 1123 923 vero
1143 860 1245 924 anima
1258 883 1322 924 non

217 973 327 1058 incipit
341 995 406 1036 esse
420 972 480 1035 nisi
495 972 528 1035 in
543 994 677 1056 corpore,
693 979 723 1034 et
738 993 802 1034 non
821 972 928 1055 incipit
951 970 1068 1055 operari
1090 970 1149 1034 nisi
1169 980 1204 1034 ut
1219 972 1322 1035 termi-

218 1095 290 1149 nata
304 1085 344 1148 ad
358 1107 478 1169 corpus,
498 1084 571 1147 hinc
593 1085 657 1147 haec
681 1084 816 1167 cognitio
838 1084 886 1145 sui
905 1105 1046 1146 essenon
1064 1092 1109 1146 est
1124 1082 1259 1167 cognitio
1275 1083 1322 1146 sui

218 1220 283 1262 esse
298 1198 474 1283 spiritualis,
491 1199 545 1262 sed
559 1197 695 1281 cognitio
711 1199 758 1260 sui
774 1220 839 1261 esse
855 1197 897 1260 sic
912 1197 1067 1261 terminati
1083 1195 1121 1260 ad
1136 1218 1256 1281 corpus,
1269 1219 1324 1260 seu

219 1310 267 1373 sui
288 1333 352 1373 esse
371 1310 509 1373 humani.
555 1308 697 1372 Vidimus
720 1309 812 1372 enim·
827 1330 918 1392 supra
943 1309 986 1390 (n.
1003 1310 1057 1391 59)
1081 1306 1233 1372 obiectum
1253 1330 1324 1392 pro·

219 1421 322 1505 prium
344 1420 528 1506 cognitionis
552 1422 695 1484 humanae
714 1443 780 1484 esse
801 1419 942 1484 sensibile
963 1418 1054 1482 simul
1070 1418 1322 1502 etintelligibile;

220 1555 313 1617 quare
327 1534 438 1612 anima,
455 1556 524 1617 quae
537 1555 696 1618 nunquam
713 1532 772 1595 fuit
789 1541 936 1616 separata,
957 1554 1115 1615 nunquam
1131 1531 1233 1615 potuit
1249 1531 1324 1594 scire

221 1668 311 1709 suum
332 1668 398 1710 esse
420 1646 550 1722 nudum,
573 1646 626 1708 sed
646 1653 770 1708 tantum
792 1644 867 1707 seire
890 1642 968 1707 illud
988 1664 1052 1707 esse
1073 1642 1155 1727 quod
1176 1641 1269 1706 habet
1291 1641 1324 1705 in

219 1779 352 1842 corpore.
397 1757 481 1840 Ergo
497 1757 599 1819 anima
613 1778 676 1820 non
692 1756 849 1840 cognoscit
865 1778 955 1818 suum
971 1776 1035 1818 esse
1050 1753 1083 1817 in
1099 1754 1206 1839 seipsa,
1223 1754 1324 1818 sedin

220 1868 406 1954 composit03
429 1868 585 1953 cognoscit
609 1868 691 1931 enim
716 1890 806 1931 suum
832 1890 906 1946 esse,
929 1875 965 1930 nt
989 1875 1059 1930 actu
1082 1876 1128 1929 est
1153 1866 1226 1929 dum
1247 1865 1324 1929 illud

221 1981 412 2066 cognoscit*.

257 2132 273 2163 *
291 2128 365 2183 Hinc
376 2128 467 2182 anima
478 2128 634 2182 immediate
643 2127 780 2199 cognoscit
788 2146 817 2181 se
828 2145 893 2196 esse,
903 2128 951 2182 sed
960 2145 1014 2181 non
1023 2126 1159 2200 cognoscit
1170 2126 1326 2181 immediate

221 2223 249 2271 et
260 2234 309 2288 per
320 2216 435 2289 seipsam
446 2215 513 2287 quid
528 2215 573 2284 sit,
582 2220 615 2269 ut
625 2214 693 2269 benc
710 2213 806 2287 probat
825 2214 851 2269 S.
871 2214 988 2269 Thomas
1007 2216 1114 2287 (contra
1130 2220 1201 2287 gent.
1220 2213 1266 2269 lib.
1286 2213 1324 2267 ii1.

221 2321 243 2357 c.
258 2303 322 2372 46):
341 2321 375 2357 en
388 2302 446 2357 eius
457 2302 553 2357 verba:
572 2302 733 2373 Impossibile
745 2308 781 2355 ost
793 2302 846 2356 dici
857 2303 926 2373 qaod
943 2301 1032 2355 anima
1047 2308 1136 2355 nostra
1142 2320 1194 2372 per
1205 2320 1231 2355 se
1242 2302 1327 2371 paam

220 2390 543 2460 intellipotdcseqaidort.
568 2388 753 2442 Pordocenim
752 2391 793 2459 fit
795 2388 915 2458 potentia
926 2389 1094 2458 capnoscitioa
1103 2395 1162 2442 acto
1171 2406 1327 2458 capnosccrn,

221 2478 291 2548 quini
301 2477 374 2531 estin
383 2476 450 2531 eaid
457 2495 507 2548 qno
518 2475 684 2546 coynoscitar.
721 2475 760 2528 Et
768 2476 793 2529 oi
802 2475 904 2546 quidem
911 2474 979 2530 sitin
988 2494 1018 2529 eo
1027 2476 1056 2529 in
1062 2476 1189 2546 potentio,
1202 2476 1328 2545 coynoccit

221 2566 250 2618 in
266 2565 401 2634 potentior
418 2565 443 2618 si
461 2570 548 2618 annm
567 2564 596 2617 in
615 2569 684 2631 acta,
703 2563 830 2633 copnoccit
850 2563 880 2616 in
900 2562 1019 2620 actarii
1037 2569 1123 2616 ornem
1141 2564 1224 2617 medio
1243 2565 1326 2630 modo,

221 2651 350 2721 capnascit
361 2651 390 2704 in
400 2651 496 2704 moira.
534 2650 599 2719 Ipsa
615 2656 702 2704 anteon
718 2650 810 2703 anima
826 2667 925 2720 semper
937 2650 1008 2702 adest
1019 2648 1069 2702 ati
1079 2656 1146 2718 acta,
1159 2656 1183 2703 et
1195 2669 1328 2721 nunqnam

222 2737 252 2790 in
265 2736 384 2806 potantia
400 2736 440 2791 oei
456 2737 485 2789 in
503 2737 595 2789 habita
615 2741 724 2789 tantam.
763 2735 794 2788 a·
811 2735 893 2804 ipitnr
907 2753 958 2804 ρον
977 2734 1089 2804 capsam
1109 2735 1198 2788 anima
1217 2737 1328 2806 seipsam

224 2823 350 2892 capnoscit
370 2824 435 2894 qnid
453 2829 497 2892 est,
518 2841 619 2892 eoniper
639 2829 699 2876 acta
719 2822 841 2892 intellipet
861 2823 891 2875 de
910 2840 936 2875 se
955 2822 1019 2892 qaid
1034 2828 1087 2880 cat:
1105 2825 1174 2892 qaod
1185 2829 1260 2893 patet
1277 2842 1329 2878 esse

218 2909 330 2981 solcum.
366 2911 469 2978 Adinc,
482 2909 507 2962 ci
517 2909 607 2962 anima
614 2927 666 2978 ρον
676 2909 786 2978 seipsam
799 2909 927 2978 oopnoccit
939 2909 970 2961 de
980 2926 1006 2962 se
1016 2909 1083 2978 *qnid
1092 2915 1136 2977 est,
1149 2910 1231 2963 ornm's
1243 2917 1329 2964 antem

224 2995 301 3048 tomo
319 2994 436 3048 animam
452 2997 535 3062 habet,
548 2995 631 3048 omnia
649 2995 730 3064 ipitar
745 2996 821 3048 nomo
837 2995 963 3064 capnosoit
975 2997 1006 3048 dc
1017 2995 1107 3048 anima
1119 2995 1244 3066 quidest:
1262 2999 1332 3067 qaod

220 3088 295 3151 patet
306 3082 474 3154 essefalcum
512 3081 643 3152 Amplius,
655 3082 773 3152 capnitia
786 3101 843 3152 qna
851 3084 891 3151 fit
903 3099 955 3151 por
972 3082 1072 3152 aliquid
1087 3083 1242 3137 naturaliter
1259 3084 1331 3138 nobis

225 3169 345 3237 inditum,
363 3175 401 3222 est
418 3168 553 3237 nataralia,
571 3168 637 3222 sicut
649 3169 783 3239 principia
806 3168 1050 3236 indemonstrabilia,
1072 3188 1129 3239 qaoe
1147 3178 1330 3240 copnasenntar

220 3273 272 3327 per
290 3257 376 3308 lamen
394 3253 534 3307 intellectas
553 3254 658 3324 opernm.
696 3255 728 3308 a·
736 3255 819 3324 ἐρίδων
831 3273 877 3307 nos
889 3256 920 3307 de
936 3255 1026 3308 anima
1046 3256 1141 3308 seimon
1159 3256 1222 3326 qnid
1237 3263 1273 3310 est
1280 3275 1324 3326 por

226 3344 311 3414 psam
323 3342 449 3410 animam,
462 3342 508 3394 doc
523 3342 574 3394 erit
590 3342 747 3396 naturaliter
765 3349 861 3395 notam.
899 3342 934 3395 In
950 3343 990 3396 aa
1002 3349 1096 3412 antam,
1109 3362 1166 3414 qno
1177 3345 1328 3398 riataralitor

226 3436 289 3483 nota
300 3434 368 3496 snat,
380 3428 466 3481 nudas
478 3433 562 3497 pona
577 3446 683 3486 errore:
701 3429 730 3482 in
744 3429 887 3498 capnitione
907 3431 975 3482 oiim
988 3429 1180 3501 principiorum
1198 3432 1331 3486 indemon-

226 3515 373 3570 strabiliam
384 3514 469 3567 millae
480 3521 559 3568 errat.
597 3515 692 3568 Nolim
703 3514 785 3585 ipitnr
796 3523 897 3570 erraret
909 3517 979 3570 circa
991 3517 1109 3570 animam
1121 3519 1185 3588 qnid
1194 3525 1238 3587 cst,
1251 3519 1276 3572 ai
1285 3520 1334 3572 doc

228 3603 318 3656 anima
326 3619 376 3671 per
391 3601 502 3670 capsam
519 3608 695 3671 capnoscoret:
713 3604 782 3672 qaod
790 3608 865 3672 patet
877 3603 1044 3674 eacefalsnm,
1056 3623 1136 3674 qnam
1148 3607 1225 3660 molti
1235 3607 1335 3676 opinati

228 3689 281 3743 sint
292 3689 411 3741 animam
429 3688 590 3742 ascenaeret
606 3688 674 3742 iliad
689 3707 788 3758 cmpos,
808 3696 832 3742 et
850 3690 932 3759 aliqni
947 3709 1084 3744 numeram
1102 3693 1141 3746 ael
1156 3693 1331 3747 harmoniam.

230 3775 291 3828 Non
308 3774 390 3844 ipitnr
406 3774 499 3827 anima
511 3775 689 3844 perseipsum
707 3775 834 3845 copnoaoit
851 3777 882 3828 de
895 3794 921 3828 se
933 3776 997 3845 qaid
1007 3782 1050 3830 est.
1086 3777 1217 3846 Anapliin,
1230 3779 1258 3830 in
1270 3797 1334 3848 qno-

228 3861 288 3915 laer
300 3861 391 3914 ordine
402 3862 471 3930 qnod
481 3866 518 3914 eat
525 3879 576 3930 per
588 3879 614 3913 re
625 3867 662 3913 eat
667 3862 745 3931 pinna
761 3879 790 3914 co
806 3863 875 3931 qnod
889 3868 925 3914 est
931 3880 983 3931 por
1000 3863 1080 3931 alind,
1092 3869 1116 3916 et
1128 3869 1164 3916 est
1170 3864 1335 3934 principiam

230 3950 291 4003 nus.
333 3949 410 4008 Quod
419 3966 480 4018 erpo
491 3954 528 4002 est
535 3967 587 4018 per
597 3967 624 4001 se
634 3955 725 4002 notam
737 3955 774 4003 art
784 3948 862 4018 prins
880 3955 969 4002 notam
987 3951 1112 4018 connitaris,
1132 3969 1188 4019 qna
1200 3969 1252 4021 por
1264 3953 1337 4007 aliod

138 4039 142 4046 '
231 4042 423 4106 copnosountnr,
443 4041 467 4088 et
483 4041 521 4088 est
533 4035 696 4105 principiam
715 4037 881 4106 capnoscendi
899 4055 937 4104 eo,
957 4039 1022 4090 sicat
1037 4037 1134 4106 primo
1148 4040 1336 4108 propositiones

232 4122 438 4176 emanandas.
478 4122 509 4175 oi
524 4122 605 4192 ipitar
621 4123 712 4176 anima
729 4142 776 4195 ρον
792 4123 904 4193 sapsam
921 4125 952 4176 de
969 4142 995 4177 ce
1013 4125 1138 4194 capnosoit
1155 4126 1219 4195 qnid
1233 4134 1276 4196 art,
1289 4129 1336 4183 icoc

232 4209 282 4263 erit
288 4228 340 4279 ρον
350 4228 377 4262 se
388 4215 486 4277 notam,
500 4215 524 4263 et
531 4228 582 4279 ρον
593 4228 745 4279 omneqaens
751 4212 843 4280 primo
856 4217 944 4264 notam
957 4217 981 4264 et
991 4212 1154 4282 principiam
1173 4218 1338 4283 innocendi

233 4296 293 4349 olm.
332 4297 392 4348 Hoc
404 4301 490 4349 antem
498 4302 572 4366 patet
584 4297 761 4368 oscefolcnmr
779 4316 842 4354 nani
860 4298 923 4368 qnid
934 4304 969 4351 est
981 4298 1071 4350 anima
1082 4316 1134 4354 non
1145 4302 1297 4370 supponitur
1309 4305 1337 4356 in

278 4438 352 4481 VOL.
369 4439 406 4482 11.
1151 4445 1166 4484 8
