3200 4975
218 350 290 397 caa.
307 332 362 415 ra]
514 355 556 397 aa
573 355 776 399 suasuram
791 356 991 402 seraranan.
1277 340 1319 399 45

217 518 331 603 duplici
355 518 595 585 consideratione
613 520 804 606 inadaequata
823 521 1077 586 consideratume
1096 519 1174 584 sicut
1191 520 1317 583 materia
1415 530 1419 538 ’

216 639 249 694 ct
270 630 369 695 forma
387 653 451 696 non
473 641 546 697 sunt
566 633 635 698 duae
649 633 727 698 vires
747 633 879 712 motiva,
895 633 948 697 sed
965 630 1099 696 unasub
1114 629 1229 716 duplici
1244 652 1317 696 eon·

218 741 408 823 sideratione,
432 743 571 809 videlicet
595 745 779 824 directionis,
803 767 873 830 qua
897 752 944 809 est
967 765 985 808 a
1009 742 1145 821 materia,
1164 751 1195 807 et
1216 743 1317 807 inten-

218 854 327 935 sitatis,
343 877 412 940 quae
426 864 473 921 est
487 878 506 920 a
519 857 626 921 forma.

261 968 313 1031 37.
338 965 497 1043 Quaeritur
522 967 662 1054 septimo,
685 977 785 1033 mnam
803 970 836 1031 ia
849 989 928 1052 parra
945 969 1053 1052 spiritu
1076 966 1256 1031 admittenda
1277 968 1318 1032 sit

216 1082 260 1143 vis
274 1081 463 1147 abstractiva.

260 1191 442 1277 Respondeo
466 1192 651 1257 affirmative.
689 1191 780 1256 'Nam
806 1190 905 1275 primo
933 1191 1025 1255 etiam
1055 1190 1157 1275 angeli
1184 1199 1317 1256 utuntur

217 1302 375 1387 speciebus
396 1314 488 1389 prout
508 1303 635 1369 volant:
657 1313 689 1368 et
711 1302 754 1367 sic
775 1311 905 1388 possunt
927 1324 982 1386 per
1003 1325 1054 1367 eas
1075 1303 1264 1368 considerare
1283 1304 1317 1367 in

217 1415 335 1480 obiecto
346 1415 393 1480 vel
404 1425 504 1480 totum
516 1416 599 1501 quod
611 1416 649 1481 de
662 1438 699 1480 eo
713 1423 839 1501 apparet
855 1415 1023 1479 secundam
1037 1414 1169 1479 diversas
1184 1416 1317 1480 rationes

218 1526 435 1611 intelligibiles,
451 1527 498 1592 vel
517 1550 612 1593 naam
634 1528 784 1593 rationem
802 1528 903 1611 magis
923 1550 1016 1612 quam
1038 1526 1139 1606 aliam,
1154 1528 1201 1593 vel
1222 1549 1316 1592 unam

219 1638 365 1723 neglectis
394 1638 478 1704 aliis:
516 1640 599 1725 quod
628 1639 703 1703 dum
729 1639 857 1718 faciunt,
880 1660 950 1704 vere
978 1638 1171 1703 abstrahunt.
1216 1638 1318 1716 Quare

219 1750 357 1835 quaestio,
372 1760 478 1817 utrum
499 1752 601 1837 angeli
622 1751 755 1816 habeant
777 1751 839 1815 vim
861 1750 1083 1831 abstractivam,
1101 1750 1258 1816 reducitur
1279 1751 1318 1816 ad

219 1864 428 1947 quaestionem,
444 1871 560 1943 utrum,
575 1854 782 1949 praesentibus¹
795 1862 935 1949 pluribus
955 1862 1123 1927 rationibus
1139 1863 1317 1947 intelligibi-

219 1972 310 2054 libus,
325 1976 445 2059 possint
464 1976 666 2041 attentionem
685 1984 859 2040 converterc
881 1996 916 2039 ac
938 1974 1032 2060 ligere
1054 1975 1088 2039 in
1111 1974 1264 2061 aliquibus
1282 1999 1319 2040 ex

219 2085 280 2150 illis
305 2109 361 2171 pro
385 2087 494 2167 lubito,
518 2087 737 2153 considerando
765 2086 957 2171 inadaequate
981 2086 1134 2152 obiectum
1158 2087 1217 2152 sibi
1239 2088 1317 2153 adae·

221 2199 343 2283 quatias
364 2222 505 2283 praesens.
552 2200 629 2265 Haec
650 2208 752 2265 autem
770 2201 898 2284 quaestio
912 2197 1067 2263 evidenter
1080 2197 1257 2263 resolvenda
1271 2211 1317 2263 est

222 2312 408 2392 affirmative,
420 2312 460 2377 ob
471 2311 653 2391 libertatem,
666 2335 756 2397 quam
766 2311 881 2375 habent
892 2310 1070 2375 substantiae
1080 2311 1272 2377 intellectiva
1286 2312 1318 2375 in

221 2424 284 2489 suis
306 2424 434 2505 actibus,
450 2424 488 2490 de
510 2447 571 2510 qua
592 2424 728 2490 dicemus
749 2422 838 2488 inira
884 2421 1025 2489 Secundo
1045 2424 1125 2488 idem
1140 2432 1265 2509 apparet
1280 2423 1320 2488 ob

221 2536 311 2601 aliam
325 2537 485 2602 rationem.
532 2537 566 2602 si
580 2537 708 2622 angelus
723 2559 786 2600 non
800 2535 926 2600 haberet
940 2537 1002 2601 vim
1016 2536 1241 2616 abstractivam,
1256 2558 1319 2601 non

222 2657 416 2731 cognosceret
441 2648 630 2713 universalia.
677 2648 758 2712 Nam
787 2669 888 2726 omne,
914 2646 998 2733 quod
1025 2647 1128 2711 existit
1155 2647 1189 2710 in
1217 2669 1319 2711 rerum

222 2770 341 2840 natura,
351 2771 397 2826 est
412 2760 649 2827 determinatum
661 2772 692 2825 et
707 2761 871 2845 singulare,
881 2760 999 2824 etiamsi
1014 2782 1077 2823 non
1092 2760 1133 2823 sit
1148 2759 1320 2837 materialc3

222 2873 300 2937 nihil
322 2874 404 2938 enim
425 2873 531 2939 existit
552 2874 612 2938 nisi
630 2873 832 2938 individuum.
878 2872 976 2957 Atqui
995 2894 1086 2937 omne
1101 2872 1184 2956 quod
1197 2871 1322 2958 physice

224 2984 371 3069 imprimit
386 2985 515 3069 speciem
532 2985 580 3049 sui
594 2985 628 3048 ia
642 2983 811 3061 intellectu,
826 2992 874 3048 est
888 2984 1020 3048 existens
1033 2983 1066 3047 in
1081 3006 1183 3048 rerum
1194 2993 1304 3047 natura
1312 3008 1322 3060 ;

223 3117 297 3180 ergo
322 3106 368 3161 est
392 3119 447 3160 ens
473 3096 637 3180 singulare.
680 3095 765 3180 Ergo
788 3094 903 3180 species
926 3094 965 3159 ab
986 3116 1023 3160 eo
1045 3095 1192 3179 impressa
1214 3115 1322 3178 reprae-

225 3205 357 3270 sentabit
375 3205 529 3270 obiectum
554 3206 720 3290 singulare.
764 3205 848 3289 Ergo
872 3205 974 3269 omnis
993 3204 1092 3290 prima
1112 3203 1322 3289 apprehensio,

223 3339 317 3403 quam
338 3316 432 3382 habet
452 3317 637 3397 intellectus,
653 3317 744 3381 etiam
767 3316 933 3401 angelicus,
948 3325 995 3381 cst
1018 3315 1056 3381 de
1077 3315 1200 3381 entibus
1217 3316 1323 3399 singn-

222 3430 368 3495 laribus
394 3430 466 3495 Non
490 3451 563 3515 ergo
584 3430 756 3514 perveniret
775 3431 815 3494 ad
835 3429 1015 3504 universale,
1034 3430 1094 3494 nisi
1115 3429 1240 3493 haberat
1259 3429 1322 3493 vim

225 3541 445 3626 praescindendi
459 3562 478 3605 a
492 3517 794 3607 determiriationibus
809 3539 1057 3605 individualibus.
1102 3540 1154 3605 Sic
1167 3539 1263 3624 igitur
1277 3549 1324 3603 est

224 3651 257 3716 in
279 3673 357 3737 puro
376 3651 486 3736 spiritu
501 3652 546 3716 vis
563 3651 753 3730 abstractiva,
768 3659 799 3716 et
820 3649 993 3737 praeeisivaz
1016 3659 1047 3716 et
1060 3650 1181 3736 'poterit
1195 3650 1324 3735 angelus

224 3764 358 3849 cogitare
382 3765 607 3830 humanitatem
632 3772 663 3829 et
690 3763 921 3843 rotunditatem,
948 3763 1023 3848 quin
1052 3763 1162 3827 reserat
1190 3763 1256 3827 hac
1284 3763 1324 3827 ad

225 3876 391 3957 hominem,
404 3877 452 3942 vel
466 3876 504 3942 ad
519 3877 667 3941 circulum
676 3876 916 3940 ‘determinatum
929 3902 937 3941 t
952 3876 1065 3960 poterit
1077 3876 1210 3960 cogitare
1218 3875 1323 3953 vitam,

226 3989 454 4073 praescindendo
473 3988 511 4054 ab
526 3990 586 4055 hoc
601 3987 685 4074 quod
700 3988 740 4053 sit
755 3989 909 4068 sensitiva,
924 3987 971 4053 vel
988 3988 1181 4067 intellectiva,
1196 3997 1227 4052 ct
1241 3986 1322 4051 idem

226 4099 308 4166 dieas
322 4101 361 4166 dc
375 4101 518 4166 omnihus
532 4101 599 4166 aliis
614 4100 811 4186 conceptibus
825 4100 972 4186 specificis
986 4107 1041 4164 aut
1055 4100 1239 4184 genericis*.

261 4261 277 4296 *
295 4259 323 4316 S
333 4259 452 4316 Thomas
463 4277 534 4334 saepe
546 4261 633 4331 docet,
643 4261 780 4317 obiectum
791 4261 930 4335 proprium
937 4261 1092 4316 intellectus
1099 4277 1156 4315 esse
1165 4259 1322 4315 universale.

227 4347 287 4402 Hoc
300 4353 393 4402 autem
406 4366 462 4402 non
480 4348 520 4403 ita
535 4349 620 4422 accipi
637 4347 726 4418 debet,
738 4348 815 4421 quasi
826 4348 982 4404 intellectus
992 4366 1048 4402 non
1059 4347 1172 4420 incipiat
1182 4346 1217 4401 ab
1229 4362 1323 4419 appre-
