3200 4975
279 358 343 420 124
718 378 761 420 os
778 377 926 421 nonius.
1256 352 1340 438 [car.
1358 371 1380 413 1.

322 540 450 621 Quarto,
476 542 577 628 quoad
600 544 697 627 ipsam
720 542 986 621 consultationem,
1005 564 1065 627 qun
1088 540 1228 605 voluntas
1250 539 1283 602 in
1310 537 1381 602 sub-

278 654 392 719 stantia
406 653 558 740 spirituali
573 652 755 719 determinat
770 654 927 718 materiam
945 676 1007 719 suae
1022 652 1188 731 electionis,
1199 671 1321 715 necesse
1336 656 1382 713 est

277 788 352 848 rem,
369 767 407 832 de
421 788 482 852 qua
503 765 687 831 consultatio
701 768 746 846 fit,
763 789 852 852 posse
875 766 933 831 sub
948 764 1074 831 diversis
1089 763 1275 851 respectibus
1294 761 1382 826 boni·

277 879 350 943 tatis
364 900 435 943 cum
451 876 517 963 ipso
532 876 668 943 subiecto
678 877 820 962 eligentis
834 878 1011 964 comparari.
1056 876 1139 962 Ergo
1150 897 1260 961 corpus
1274 882 1382 959 aptum

277 988 317 1053 ad
338 988 432 1053 vitum
450 989 545 1075 (quod
568 1011 630 1053 non
653 988 744 1054 debet
760 988 909 1074 impedire
924 988 977 1053 sed
999 988 1141 1053 adiuvare
1158 987 1283 1052 liberam
1311 1006 1384 1050 con-

279 1099 487 1181 sultationem)
512 1100 571 1165 erit
599 1099 760 1179 eiusmodi,
787 1107 909 1165 utnon
936 1122 999 1165 uno
1028 1100 1130 1179 modo,
1156 1099 1211 1163 sed
1233 1096 1383 1183 pluribus,

278 1211 375 1298 possit
397 1212 430 1275 in
456 1211 594 1296 potentia
614 1218 733 1276 remota
755 1214 841 1296 (nam
865 1212 1032 1297 proximam
1055 1210 1182 1297 accipiet
1204 1232 1258 1295 per
1280 1217 1383 1273 actum

278 1324 359 1407 vitae)
385 1323 517 1408 recipere
539 1322 577 1388 ab
601 1345 665 1387 uno
687 1323 854 1408 eodemque
877 1324 995 1390 obiecto
1018 1323 1233 1409 impressiones
1259 1321 1384 1386 diversae

279 1435 406 1499 rationis
427 1435 460 1498 in
484 1433 660 1519 passivitate
681 1434 828 1514 affectiva,
844 1444 968 1521 pmpter
989 1456 1066 1521 quas
1089 1434 1260 1499 subiectum
1281 1432 1384 1497 vivens

280 1547 375 1632 possit
390 1546 501 1611 deinde
515 1545 685 1611 secundum
700 1545 817 1631 aliquid
832 1555 974 1632 appetere
988 1554 1019 1611 et
1031 1545 1117 1626 velle,
1130 1543 1298 1609 secundum
1314 1564 1384 1606 vero

278 1657 394 1742 aliquid
416 1656 501 1721 aliud
521 1678 659 1722 recusare
681 1666 712 1721 et
729 1656 884 1721 nouvelle
904 1656 984 1720 idem
1005 1654 1085 1721 reale
1102 1655 1272 1720 obiectum:
1298 1673 1384 1717 aecus

278 1768 362 1834 enim
384 1790 447 1833 non
467 1768 630 1834 habebitur
651 1768 776 1833 libertas
797 1767 877 1833 illud
899 1767 1032 1853 eligendi
1055 1766 1101 1832 vel
1127 1788 1190 1830 non
1212 1764 1383 1850 eligendi*.

281 1881 365 1945 Hinc
378 1881 424 1959 fit,
435 1888 471 1944 ut
486 1902 595 1965 corpus
610 1879 643 1944 in
658 1879 795 1965 potentia
811 1879 952 1944 advitam
968 1878 1076 1943 debeat
1086 1879 1165 1943 circa
1178 1876 1384 1963 passivitatem

280 1991 434 2078 appetitus
448 1990 553 2056 eadem
568 1991 687 2056 circiter
701 1991 819 2055 ratione
840 1989 1023 2075 dispositum
1038 2013 1103 2055 esse
1118 2012 1152 2053 ac
1167 1989 1246 2053 circa
1259 1987 1385 2072 passivi·

279 2115 374 2169 tatem
390 2102 647 2187 cognoscitivam3
671 2125 764 2187 qnare
779 2079 889 2188 corpus
912 2102 1073 2167 animabile
1088 2101 1205 2167 ratione
1224 2099 1384 2184 utriusque

280 2214 398 2298 indiget
412 2236 478 2279 esse
493 2213 703 2299 multipliciter
717 2213 907 2300 organicum.

324 2326 453 2405 Quinto,
476 2349 572 2411 quum
595 2325 721 2409 spiritus
744 2326 854 2389 habeat
877 2326 938 2389 vim
964 2325 1208 2403 illuminativam,
1231 2346 1285 2387 seu
1303 2345 1384 2387 com-

281 2437 495 2503 municativam
535 2437 683 2518 idearum,
712 2438 894 2503 iudiciorum
930 2444 961 2504 et
990 2438 1167 2518 affectuum,
1198 2437 1255 2502 sub
1289 2435 1386 2501 libero

280 2548 417 2620 dominio
443 2548 609 2614 voluntatis
634 2549 842 2629 constitutam,
864 2571 984 2634 corpus,
1000 2548 1083 2634 quod
1102 2549 1136 2612 in
1158 2547 1294 2612 eiusdem
1316 2547 1386 2611 vitae

279 2660 530 2725 communitatem
570 2660 746 2739 assumitur,
787 2660 1073 2725 convenientissime
1112 2658 1237 2723 habebit
1271 2679 1386 2742 organa

280 2771 430 2857 qnaedam,
456 2793 588 2856 quorum
617 2771 749 2836 liberum
774 2772 950 2837 exercitium
978 2772 1088 2837 serviat
1117 2768 1386 2836 communicationi

280 2884 475 2948 affectionum
491 2893 644 2968 quaesunt
660 2884 693 2948 in
708 2883 864 2949 subiecto:
887 2884 976 2969 quale
990 2894 1037 2948 est
1052 2885 1084 2948 in
1099 2883 1224 2948 homine
1234 2904 1385 2967 organum

279 2992 453 3058 locutionis.
497 2995 537 3058 In
561 2993 659 3059 brutis
685 3017 765 3074 vero,
792 2995 824 3058 in
851 2995 964 3079 quibus
989 2995 1095 3080 nequit
1118 2994 1243 3059 libertas
1264 2993 1386 3078 proprie

280 3105 363 3169 dicta
384 3105 517 3185 admitti,
538 3106 617 3170 sicut
629 3105 738 3192 'neque
757 3106 833 3172 ideae
853 3106 1130 3184 communicabiles,
1153 3105 1214 3169 tale
1235 3127 1386 3189 organum

279 3227 357 3282 esset
372 3218 598 3298 inconveniens,
613 3229 650 3281 ut
665 3227 769 3303 patet:
792 3229 824 3282 et
839 3219 950 3283 sufficit
965 3219 1025 3283 illis
1039 3218 1150 3283 habere
1161 3217 1288 3282 modum
1302 3239 1385 3281 com·

281 3327 458 3392 mnnicandi
481 3328 513 3392 in
539 3327 667 3393 confuso
689 3351 759 3392 suas
782 3328 957 3393 affectiones
977 3328 1016 3393 ad
1037 3329 1153 3394 bonum
1177 3337 1295 3393 naturae
1317 3349 1386 3413 per·

281 3492 425 3559 sequenter
445 3487 523 3559 plura
541 3487 643 3542 habent
663 3488 771 3544 similia
809 3489 904 3555 Quum
919 3495 1015 3544 autem
1027 3489 1061 3544 de
1073 3488 1160 3544 brutis
1172 3487 1318 3561 specialem
1329 3493 1386 3541 tra·

283 3579 389 3628 etatum
399 3591 454 3626 non
466 3573 589 3643 scribam,
602 3592 689 3647 pauca
700 3575 734 3630 de
742 3575 785 3645 iis,
798 3576 937 3630 occasione
954 3581 1065 3649 accepta
1077 3575 1110 3630 ab
1122 3575 1243 3644 homine,
1257 3573 1386 3630 subiectis

282 3658 501 3714 adnotationibus
512 3660 653 3733 attingam¹

317 3750 333 3783 *
352 3747 386 3800 In
405 3747 500 3816 brutis,
525 3765 595 3819 quae,
619 3753 715 3822 utpote
738 3750 868 3820 viventia,
889 3750 992 3806 habent
1011 3756 1089 3806 actus
1109 3748 1297 3818 immanentes,
1321 3749 1387 3804 licet

281 3842 390 3892 careant
401 3835 525 3890 libertate
537 3837 643 3909 pmprie
655 3838 737 3907 dicta,
746 3838 870 3893 videmus
881 3845 973 3894 tamen
985 3839 1044 3894 fieri
1056 3837 1282 3894 consultationem
1289 3854 1386 3908 quam-

282 3926 345 3980 dam
356 3924 524 3979 naturalem:
543 3928 575 3978 ut
587 3926 695 3996 quando
708 3925 809 3980 animal
821 3926 931 3982 haesitat
946 3927 1017 3982 circa
1028 3927 1132 3981 furtum
1145 3925 1241 3994 carnis,
1253 3929 1387 3997 praesente

282 4030 383 4084 coquo;
402 4011 474 4066 actio
483 4011 557 4065 enim
565 4012 614 4066 illa
624 4012 675 4067 sub
686 4031 741 4067 uno
753 4018 864 4086 aspectu
876 4015 1004 4070 convenit
1011 4033 1075 4070 cum
1086 4011 1387 4086 appetituinstinctivo,

282 4100 332 4156 sub
344 4101 398 4154 alio
409 4117 474 4153 vero
492 4099 668 4154 disconvenit.
705 4099 787 4154 Unde
805 4100 838 4155 de
850 4099 1005 4173 corporibus
1020 4101 1169 4168 brutorum,
1182 4099 1271 4172 quoad
1280 4098 1347 4153 'haee
1359 4105 1388 4152 et

282 4186 390 4255 similia,
402 4187 475 4240 idem
487 4185 543 4240 fere
555 4185 701 4240 dicendum
712 4193 754 4240 est
765 4205 796 4241 ac
809 4188 881 4258 qnod
899 4188 933 4242 de
945 4205 1054 4260 corpore
1066 4189 1201 4242 humano:
1220 4204 1298 4258 posse
1309 4186 1387 4240 vide-

281 4274 348 4328 licet
366 4274 483 4345 recipere
504 4273 692 4345 impressiones
711 4274 825 4329 diversae
846 4275 960 4330 rationis
980 4275 1015 4330 ab
1035 4276 1130 4330 eodem
1152 4274 1257 4330 obiecto
1278 4275 1335 4330 sive
1357 4279 1388 4329 ut

281 4360 463 4433 cognoscibili,
478 4361 534 4415 sive
547 4367 579 4415 ut
590 4361 738 4434 appetibili.
