3200 4975
310 378 352 441 52
619 398 661 442 na
678 396 877 442 snasranrra
892 396 1091 441 seraranan.
1264 374 1352 460 [aar.
1369 395 1408 438 11.

308 562 464 643 henditur,
480 564 580 649 quoad
594 587 669 645 rem,
679 564 711 628 in
726 564 857 629 essentia
872 564 1050 629 substantiae
1064 562 1240 649 spiritualis,
1252 573 1283 627 et
1298 585 1363 633 non
1377 585 1409 626 se

307 676 444 741 extendit
463 684 546 740 extra
568 676 664 761 ipsam
681 677 849 742 secundum
867 699 958 741 suum
973 698 1048 756 esse,
1064 676 1117 740 sed
1135 666 1306 741 secundum
1323 683 1409 738 actus

308 786 446 851 volitivos
466 786 676 867 accidentales,
696 788 735 853 ad
758 811 836 874 quos
855 798 902 853 est
921 788 953 852 iu
977 788 1123 874 potentia.
1168 787 1209 851 Et
1235 785 1278 850 sic
1304 795 1407 849 manet

309 897 408 962 soluta
421 898 519 982 prima
534 920 604 983 pars
619 900 812 984 argumenti,
834 900 966 964 fatemur
980 900 1062 965 enim
1077 909 1164 964 actus
1178 898 1316 962 volitivos
1331 896 1407 961 acci-

310 1007 445 1073 dentales
459 1031 522 1073 non
544 1032 609 1075 esse
623 1010 826 1076 substantiam
848 1012 1023 1092 voluntatis,
1040 1011 1094 1076 sed
1115 1010 1255 1075 volumus
1275 1017 1406 1086 tantum,

308 1119 370 1183 vim
399 1120 560 1185 elicitivam
589 1121 712 1186 illorum
742 1132 867 1187 actuum
896 1146 961 1187 esse
992 1132 1024 1187 et
1052 1144 1174 1186 manere
1202 1129 1298 1184 totam
1326 1118 1408 1182 intra

308 1231 445 1295 eamdem
480 1231 694 1312 substantiam,
723 1234 816 1298 etiam
845 1234 969 1318 qnando
1001 1234 1067 1298 eius
1096 1241 1182 1297 actus
1215 1228 1407 1297 accidentalis

307 1344 490 1408 terminatur
504 1344 542 1409 ad
556 1344 589 1408 id
604 1345 687 1429 quod
701 1353 747 1409 est
762 1354 845 1409 extra
859 1368 935 1410 eam.

354 1455 445 1531 Quod
460 1456 485 1519 si
501 1456 626 1535 dicatur,
642 1457 811 1541 potentiam
826 1456 990 1541 specificari
1004 1455 1042 1521 ab
1057 1464 1137 1533 actu,
1152 1463 1183 1519 et
1196 1454 1265 1518 ideo
1280 1452 1306 1517 si
1321 1459 1406 1516 actus

310 1588 341 1629 se
357 1566 492 1631 extendit
514 1576 596 1631 extra
611 1590 685 1647 rem,
701 1567 792 1632 etiam
817 1567 983 1653 potentiam
1006 1588 1038 1631 se
1052 1566 1212 1631 extendere
1233 1575 1317 1629 extra
1330 1584 1405 1640 rem,

308 1676 414 1741 saltem
430 1687 521 1761 prout
537 1687 582 1742 est
597 1677 743 1762 potentia,
759 1677 1008 1763 respondebimus
1024 1681 1058 1742 1⁰
1072 1675 1154 1761 quod
1174 1674 1231 1739 hoe
1245 1672 1406 1759 apenflcari

307 1787 439 1870 pertinet
454 1788 493 1854 ad
507 1789 683 1854 relationem
699 1790 878 1854 habitudinis
889 1788 946 1853 sub
961 1809 1023 1873 qua
1037 1787 1176 1853 voluntas
1187 1784 1405 1858 consideratur,

308 1919 369 1961 non
385 1909 486 1965 autem
502 1901 540 1966 ad
555 1902 651 1986 ipsam
667 1901 726 1965 vim
744 1923 812 1987 quaa
826 1901 1033 1965 consideratur
1045 1904 1121 1963 'cum
1136 1898 1190 1962 tali
1204 1894 1403 1961 habitudiuez

307 2012 343 2075 2⁰
357 2011 440 2095 quod
460 2020 557 2077 actum
571 2014 688 2077 calendi
701 2022 786 2078 cntra
799 2036 861 2076 rem
874 2012 966 2076 habet
986 2034 1018 2076 se
1032 2009 1258 2075 accidentaliter
1278 2006 1317 2071 ad
1331 2004 1405 2069 voli·

306 2121 441 2187 tionem:
464 2124 579 2207 optimc
599 2124 681 2187 enim
703 2122 873 2209 concipitur
894 2132 980 2187 aetus
999 2121 1156 2186 terminari
1177 2120 1259 2184 intra
1277 2140 1351 2194 rem,
1372 2114 1405 2178 id

307 2241 353 2297 est
376 2232 550 2297 volitionem
577 2234 732 2298 terminari
759 2234 798 2297 ad
824 2234 958 2319 seipsum
987 2242 1022 2295 ut
1048 2232 1164 2296 bonum
1194 2230 1261 2294 sibi.
1310 2226 1404 2305 Quod

306 2352 409 2409 autem
423 2342 515 2407 habet
533 2366 564 2407 se
583 2344 807 2409 accidentaliter
827 2345 865 2409 ad
880 2345 1067 2410 voluntatem
1086 2366 1149 2407 non
1165 2342 1316 2426 specificat
1338 2340 1404 2403 eius

305 2454 482 2522 entitatem:
514 2457 549 2519 3⁰
571 2456 705 2535 tandem,
736 2457 820 2543 quod
848 2456 988 2522 voluntas
1016 2456 1116 2542 primo
1145 2463 1176 2519 et
1204 2451 1405 2518 essentialiter

306 2567 494 2651 specificatur
508 2567 547 2632 ab
562 2584 642 2648 actu,
658 2591 719 2654 quo
734 2568 905 2634 substantia
925 2568 1092 2653 spiritualis
1106 2567 1274 2632 necessario
1288 2575 1320 2630 et
1334 2587 1400 2649 per·

304 2688 463 2744 manenter
485 2679 586 2765 diligit
605 2703 696 2744 suum
717 2703 792 2761 esse,
809 2681 863 2766 qui
886 2689 933 2745 est
950 2691 1037 2746 actus
1058 2679 1267 2744 substantialis
1286 2700 1348 2742 non
1372 2699 1404 2741 se

304 2793 469 2858 extendens
491 2804 575 2858 extra
594 2817 657 2859 rem
666 2820 676 2872 3
699 2817 753 2880 per
772 2795 911 2859 accidens
933 2803 1035 2859 autem
1055 2803 1111 2873 est,
1127 2793 1210 2878 quod
1229 2815 1285 2856 nos
1303 2792 1402 2876 primo

304 2928 522 2990 cognoscamus
543 2907 732 2991 operationes
755 2907 954 2972 accidentales
975 2907 1101 2970 alicuius
1121 2916 1247 2984 natmae,
1263 2913 1294 2969 et
1319 2903 1403 2989 quod

209 3037 213 3044 ·
304 3041 340 3081 ex
355 3018 409 3082 tali
429 3019 602 3103 operatione
616 3018 798 3102 accipiamus
818 3040 929 3082 nomen
944 3018 1089 3102 potentiae
1104 3017 1283 3102 operativae;
1305 3039 1402 3101 quum

303 3130 384 3193 enim
407 3130 544 3214 potentia
565 3130 718 3214 operativa
740 3130 848 3194 debeat
870 3140 941 3194 ante
963 3152 1085 3193 omnem
1108 3129 1313 3214 operationem
1336 3151 1401 3192 esse

303 3249 374 3305 actu
395 3241 427 3304 in
448 3241 579 3325 quadam
602 3243 700 3326 speeie
722 3243 813 3321 eutis,
829 3242 951 3306 evidens
972 3251 1028 3320 est,
1044 3242 1110 3305 eius
1132 3241 1291 3305 entitatem
1313 3239 1401 3304 abso·

302 3351 400 3416 lutam
415 3375 477 3415 non
500 3353 661 3436 procedere
676 3353 715 3417 ab
730 3354 913 3437 operatione,
928 3375 985 3418 nec
1006 3353 1044 3417 ab
1059 3376 1095 3416 ea
1108 3353 1242 3439 accipere
1260 3352 1400 3438 speciem,

303 3461 435 3526 sedasse
457 3483 589 3541 causam,
604 3485 659 3527 eur
676 3463 812 3547 operatio
827 3463 876 3541 sit,
892 3472 923 3526 et
944 3486 999 3528 eur
1014 3465 1054 3528 sit
1069 3463 1138 3527 talis
1158 3463 1277 3549 speciei.
1322 3461 1401 3526 Vide

302 3595 370 3659 quae
385 3573 622 3657 supradiximus
638 3597 706 3638 cum
724 3574 756 3637 S.
767 3574 884 3639 Thoma
899 3575 1009 3640 devita
1023 3585 1053 3639 et
1068 3574 1295 3659 operationibus
1309 3574 1387 3638 vitae.

345 3685 397 3749 Ad
407 3707 450 3763 ea,
461 3707 529 3770 quae
540 3685 626 3749 addit
636 3687 666 3750 S.
677 3685 809 3750 Thomas
821 3686 858 3750 de
870 3687 1033 3751 virtutibus
1042 3709 1203 3771 corporum
1213 3687 1397 3751 naturalium

301 3820 364 3862 non
386 3806 432 3861 est
453 3819 574 3861 necesse
596 3797 778 3883 respondere
788 3825 798 3878 ;
822 3820 884 3862 non
904 3799 987 3863 enim
1007 3800 1166 3863 continent
1183 3798 1243 3863 nisi
1257 3797 1399 3862 similitu·

302 3909 398 3989 dines,
414 3919 444 3973 et
467 3908 590 3995 quidem
613 3909 758 3974 deductas
777 3933 814 3974 ex
837 3910 962 3997 physica
981 3912 1186 3995 antiquorum,
1202 3932 1270 3995 quae
1291 3909 1399 3995 nequit

301 4021 366 4086 sine
388 4020 528 4105 pluribus
550 4021 815 4086 emendationibus
836 4021 967 4100 admitti,
991 4021 1114 4106 quando
1140 4021 1177 4084 de
1201 4021 1399 4107 qualitatibus

301 4156 398 4198 sermo
413 4143 469 4197 cst.
1038 4204 1043 4216 ,

347 4245 437 4322 Quod
451 4267 521 4309 vero
537 4245 683 4330 sequitur,
700 4269 735 4309 ex
751 4245 934 4330 supradictis
949 4243 1035 4308 facile
1056 4244 1164 4308 resolvi
1179 4253 1290 4329 potest.
1342 4246 1398 4308 Va-

302 4358 410 4436 luntas,
432 4357 540 4440 inquit,
558 4358 643 4421 tabet
667 4358 882 4421 inclinationem
902 4359 933 4420 in
956 4358 1061 4421 donam
1085 4357 1269 4421 naturaliter.
1314 4357 1398 4442 Erpa
