3200 4975
284 336 350 400 880
684 358 727 403 na
743 357 999 403 accroarvrians.
1256 340 1339 423 [car.
1358 358 1396 403 11.

283 520 380 587 sonna
402 543 465 587 nou
486 523 647 589 coustituit
660 545 716 588 ens
738 523 949 603 substantiale,
965 523 1005 588 ad
1024 523 1108 609 quod
1130 524 1224 589 habet
1244 525 1394 590 rationem
1436 516 1441 523 ’

283 643 370 699 actus
377 635 480 721 primi,
492 636 554 701 nisi
568 636 601 701 in
615 646 767 722 quantum
782 646 854 702 actu
868 636 1052 701 terminatur
1066 637 1106 701 ad
1121 658 1208 701 suam
1223 640 1392 717 materiam,

282 768 354 832 quoe
374 746 448 813 dicit
467 748 708 834 receptivitatem
722 748 815 833 primi
830 770 906 827 esse,
921 770 979 814 nec
1002 748 1130 813 materia
1143 750 1305 815 constituit
1320 750 1393 814 snb·

282 858 436 938 stantiam,
455 858 516 923 nisi
530 858 563 923 in
585 867 738 944 quantum
757 859 906 925 terminat>
918 867 1023 924 aetum
1045 858 1166 923 essendi
1182 882 1245 925 sua
1266 860 1392 939 formae3

283 972 326 1037 ita
348 970 395 1036 vis
416 971 523 1050 activa,
544 993 599 1035 seu
621 971 835 1036 determinatio
857 970 897 1037 ad
919 970 1085 1056 agendum,
1101 971 1148 1035 vel
1165 978 1253 1036 actus
1274 970 1393 1055 primus

282 1081 412 1167 agentis,
428 1103 490 1147 non
514 1082 676 1149 constituit
694 1106 750 1147 ens
772 1082 969 1162 accidentale,
985 1083 1025 1147 ad
1043 1082 1127 1168 quod
1146 1082 1315 1161 ordinatur,
1330 1082 1391 1147 nisi

282 1195 315 1259 in
340 1202 492 1279 quantum
516 1204 589 1259 actu
611 1195 795 1259 terminatur
820 1193 1054 1279 adpetentiam
1079 1194 1231 1278 passivam
1257 1194 1392 1260 materiae

282 1304 381 1391 primo
395 1313 534 1386 actuata,
549 1326 607 1371 nec
621 1305 758 1390 potentia
779 1304 899 1391 passiva
914 1304 1049 1371 materia
1063 1305 1225 1369 constituit
1245 1304 1390 1370 illudens

281 1417 478 1499 accidentale,
488 1418 548 1482 nisi
563 1417 762 1503 inquantum
777 1416 886 1502 recipit
902 1439 957 1481 seu
967 1416 1112 1482 terminat
1127 1424 1230 1481 actum
1244 1418 1391 1501 potentiae

281 1530 396 1597 activae.
442 1530 533 1595 Hanc
554 1529 737 1594 relationum
759 1528 992 1594 similitudinem
1014 1528 1082 1593 dico
1104 1530 1296 1609 essentialem,
1317 1530 1390 1615 quia

282 1662 345 1705 nou
360 1648 461 1726 potest
472 1640 611 1705 absolute
625 1662 691 1705 esse
705 1639 822 1725 aliquid
831 1639 1016 1705 accidentale
1030 1639 1211 1724 proveniens
1225 1639 1263 1703 ab
1279 1648 1390 1725 agente

281 1754 313 1817 iu
344 1753 463 1837 patiens
493 1752 552 1817 nisi
582 1773 636 1837 per
664 1752 869 1816 actuationem
899 1750 1043 1836 potentiae
1072 1751 1164 1815 unius
1193 1751 1226 1816 in
1253 1752 1390 1835 potentia

281 1864 406 1929 alterius
417 1891 426 1943 ς
448 1864 634 1949 principium
657 1873 761 1929 antem
781 1862 894 1948 ugeudi
915 1872 947 1927 et
968 1862 1153 1948 principium
1174 1863 1311 1949 patiendi
1333 1886 1387 1928 nc-

280 1985 400 2062 queuut
428 1976 468 2041 nd
493 1976 587 2042 talem
616 1976 821 2043 aetnationcm
844 1996 1023 2041 concurrere
1052 1974 1114 2039 nisi
1138 1976 1224 2041 iuxta
1246 1985 1388 2040 naturam

279 2095 366 2151 actus
390 2086 609 2166 substantialis,
632 2110 693 2173 quo
717 2087 780 2153 sive
803 2106 898 2171 agens
923 2086 985 2152 sive
1010 2086 1130 2171 patiens
1155 2087 1388 2152 constituuntur

280 2199 313 2263 in
339 2220 415 2264 esse.
460 2199 544 2265 Hinc
573 2199 721 2286 sequitur,
745 2200 897 2263 actionem
926 2207 962 2263 ut
990 2208 1145 2283 receptam
1174 2199 1207 2263 in
1235 2198 1387 2284 principio

280 2310 410 2397 passivo,
431 2310 531 2376 idest
556 2319 593 2375 ut
617 2311 803 2397 completam
832 2312 864 2374 in
888 2332 963 2391 esse,
984 2312 1131 2376 constitui
1156 2311 1249 2375 etiam
1275 2312 1384 2396 ipsam,

279 2423 362 2490 velut
376 2446 414 2490 ex
435 2447 491 2490 sua
503 2422 631 2490 materia
649 2433 680 2489 et
695 2446 751 2488 sua
764 2423 872 2502 forma,
889 2422 927 2488 ad
950 2422 1184 2489 similitudinem
1206 2423 1385 2490 substantiae

278 2558 368 2623 aqua
382 2537 518 2624 procedit
532 2545 563 2602 et
575 2537 754 2602 substantiae
765 2536 797 2600 in
808 2559 870 2621 qua
878 2535 1041 2620 recipitur:
1065 2537 1204 2602 similiter
1213 2537 1385 2622 passionem

279 2658 314 2714 ut
328 2657 481 2714 actuatam
496 2649 529 2713 in
544 2671 620 2728 esse,
636 2648 784 2714 constitui
805 2648 906 2732 aliquo
929 2647 1098 2732 potentiali,
1116 2648 1199 2733 quod
1226 2649 1300 2714 dicit
1321 2671 1384 2712 ma-

277 2760 361 2824 teriae
370 2759 612 2838 similitudinem,
623 2768 654 2822 et
666 2769 737 2822 actu
751 2767 880 2842 recepto,
893 2757 976 2842 quod
989 2757 1082 2823 habet
1106 2759 1253 2823 rationem
1268 2759 1383 2825 formae.

277 2871 378 2936 Immo
402 2872 565 2936 dicendum
588 2879 645 2950 est,
666 2870 749 2956 quod
772 2854 980 2934 denominatio
1003 2879 1088 2936 actua
1107 2873 1202 2956 primi
1224 2874 1382 2952 entitotici,

276 3004 345 3068 quar
366 2983 479 3067 passim
499 2981 647 3047 tribuitur
666 2982 772 3046 forma
794 2981 1000 3061 substantiali,
1018 2990 1049 3047 et
1069 2980 1276 3048 denominatio
1289 2985 1384 3068 primi

274 3096 406 3174 mbiecti,
432 3117 500 3179 quae
522 3093 669 3158 tribuitur
691 3093 824 3157 materiae
847 3093 962 3177 primte,
984 3093 1022 3157 ab
1046 3102 1118 3158 ente
1140 3093 1319 3159 accidentali
1345 3096 1382 3162 de

275 3229 336 3293 qno
359 3206 515 3293 loquimur
538 3206 717 3289 desumptae,
745 3205 784 3269 ad
807 3205 1013 3270 substantiam
1043 3205 1200 3270 translatae
1229 3217 1302 3271 sunt
1314 3233 1324 3286 ;
1350 3218 1381 3272 et

276 3320 374 3404 magis
402 3319 588 3384 conveniunt
616 3320 681 3382 enti
706 3316 885 3382 accidentali
914 3341 1007 3402 quam
1038 3318 1252 3385 substantiali:
1283 3342 1380 3405 quum

274 3440 357 3496 octus
370 3434 486 3515 prinum
499 3430 693 3494 accidentalis
712 3437 744 3493 et
757 3431 917 3494 submotum
932 3429 998 3493 eius
1018 3431 1207 3515 receptivum
1227 3431 1260 3495 in
1278 3454 1379 3496 rerum

274 3553 383 3607 natura
398 3544 461 3607 sint
475 3543 601 3627 aliquid,
617 3551 723 3606 contra
737 3550 824 3605 actus
839 3541 958 3626 primus
973 3541 1153 3607 entitativus
1168 3551 1300 3628 nequeat
1314 3566 1381 3608 esse

274 3657 306 3720 in
321 3654 422 3734 rebus,
438 3653 517 3718 sicut
531 3675 588 3718 nec
603 3652 736 3738 primum
752 3650 924 3716 subiectum
940 3673 1045 3716 carens
1061 3661 1133 3718 actu
1147 3655 1278 3719 essendi.

317 3766 427 3851 Itaque
441 3765 520 3830 actio
535 3764 678 3829 elementi
692 3765 725 3828 in
740 3763 924 3828 elementum
941 3764 1046 3829 stricte
1064 3775 1197 3849 sumpta,
1214 3788 1268 3830 seu
1283 3775 1318 3829 ut
1333 3775 1379 3830 est

272 3879 338 3943 lieri
359 3887 446 3942 actus
465 3875 603 3954 secundi,
618 3873 817 3939 constituitur
839 3876 1043 3940 terminatione
1065 3885 1151 3939 actus
1174 3876 1265 3960 primi
1287 3875 1379 3939 unius

271 3991 414 4054 elementi
429 3989 468 4054 ad
481 3987 652 4073 potentiam
667 3985 818 4071 passivam
828 3985 972 4050 alteriust
995 3995 1081 4050 actus
1096 3994 1199 4050 autem
1214 3989 1376 4065 secundus,

272 4125 326 4166 seu
342 4102 420 4166 actio
434 4102 467 4165 in
482 4102 562 4164 facto
577 4121 651 4179 esse,
662 4098 859 4163 constituitur
873 4105 942 4162 ncta
954 4121 1054 4183 pnmo
1069 4101 1156 4162 nnius
1169 4100 1324 4166 terminato
1339 4101 1380 4164 ad

159 4211 162 4217 ’
266 4217 429 4298 potentiam
453 4215 603 4297 persicam
624 4213 757 4303 alterins.
804 4210 950 4274 Similiter
980 4211 1079 4295 passio
1109 4211 1213 4276 stricte
1243 4225 1376 4296 sumpta,

272 4348 325 4388 seu
342 4333 376 4388 ut
398 4333 445 4386 est
459 4324 524 4386 fieri
543 4333 630 4387 actus
645 4321 780 4400 secundi,
796 4321 994 4387 constituitur
1008 4325 1170 4406 receptione
1185 4331 1271 4386 actus
1285 4322 1376 4406 primi
