3200 4975
203 394 274 439 cnr.
290 374 362 458 ιιι]
600 394 643 437 os
658 394 914 441 sccrnnurrnns.
1242 379 1307 441 353

203 558 413 625 similitudinis
428 557 528 640 durat,
544 558 665 624 sublato
682 560 825 625 termino.
871 560 952 625 Item
966 560 1061 625 homo
1082 559 1194 627 dicitur
1207 561 1307 626 homi·

202 672 270 737 cida
283 680 355 758 post
369 670 518 735 actionem
536 670 704 749 occidendi,
720 672 830 757 inqua
847 672 977 737 destruit
991 672 1157 737 terminum
1173 673 1274 759 ipsum
1290 696 1309 737 a

205 805 267 869 quo
284 782 437 848 homicida
452 782 687 860 denominatur;
710 804 783 867 ergo
798 791 903 847 manet
923 784 1035 849 entitas
1049 784 1174 849 relativa
1188 784 1309 849 sublato

204 895 346 959 termino.
392 893 485 971 Quod
499 903 602 960 autem
618 894 780 959 relationes
794 894 954 975 eiusmodi,
969 896 1062 960 etiam
1083 917 1146 960 non
1162 896 1309 961 existente

205 1007 346 1085 termino,
362 1006 425 1070 sint
440 1005 540 1070 adhuc
562 1005 667 1086 reales,
682 1014 768 1092 patet
782 1029 819 1071 ex
840 1029 877 1072 eo
891 1006 975 1092 quod
989 1029 1052 1071 non
1074 1015 1240 1071 connotent
1255 1029 1310 1071 eur

207 1118 345 1197 rationis,
361 1118 415 1182 sed
436 1140 491 1182 ens
512 1117 602 1183 reale.
646 1118 688 1182 llt
705 1118 774 1183 ideo
796 1118 1018 1198 concludimus,
1034 1119 1170 1183 sufficere
1191 1118 1231 1183 ad
1252 1118 1311 1184 hoc

206 1239 242 1294 ut
256 1238 379 1293 maneat
394 1228 501 1293 relatio
519 1228 618 1308 realis,
634 1228 660 1293 si
675 1239 797 1294 maneat
812 1230 924 1295 entitas
945 1230 1140 1295 fundamenti
1155 1252 1224 1296 cum
1240 1252 1311 1295 eon-

206 1340 363 1405 notatione
389 1341 475 1425 prius
501 1340 660 1425 acquisita.
708 1339 790 1418 Quia
816 1364 886 1407 vero
913 1342 1025 1407 entitas
1050 1342 1244 1406 fundamenti
1266 1349 1313 1406 est

206 1452 318 1517 entitas
333 1452 472 1531 alicuius,
488 1453 656 1517 necessario
670 1453 762 1518 etiam
785 1453 876 1519 debet
891 1476 1014 1519 manere
1028 1454 1106 1519 illud
1126 1453 1311 1533 absolutum,

207 1587 270 1651 quo
285 1573 485 1644 sustentatur,
499 1564 638 1629 videlicet
654 1565 826 1630 subiectum
841 1566 1007 1631 relationis.

251 1674 343 1753 Quod
365 1677 475 1741 attinet
497 1677 536 1741 ad
559 1676 720 1742 relationes
742 1678 927 1743 extrinsecas
945 1676 1132 1743 contrarium
1148 1674 1312 1742 dicendum

208 1798 275 1869 est3
298 1801 395 1855 cessat
409 1790 547 1854 videlicet
569 1788 659 1854 realis
681 1788 788 1853 relatio
805 1798 953 1875 pereunte
968 1812 1032 1854 uno
1046 1812 1083 1855 ex
1098 1790 1236 1855 terminis
1250 1789 1314 1853 for-

208 1901 329 1966 maliter
342 1901 611 1966 denominantibus
625 1901 703 1966 illud
717 1901 903 1981 absolutum,
918 1902 951 1965 in
966 1923 1028 1986 quo
1035 1900 1185 1966 fundatur
1195 1901 1311 1965 relatio.

210 2012 291 2077 Nam
322 2013 445 2098 quando
474 2012 712 2077 fundamentum
740 2021 787 2077 est
821 2012 1035 2094 extrinsecum,
1065 2013 1142 2078 ratic
1178 2011 1314 2077 formalis

211 2123 404 2189 fundamenti
424 2125 621 2189 constituitur
640 2146 695 2209 per
714 2123 812 2209 ipsam
836 2125 984 2200 actualem
1007 2124 1253 2190 terminationem
1276 2123 1315 2188 ad

212 2235 288 2300 duos
310 2236 457 2300 terminos
478 2236 680 2301 extrinsecos:
703 2244 735 2300 et
757 2236 801 2301 sic
823 2244 970 2321 pereunte
990 2258 1054 2301 uno
1072 2258 1109 2299 er
1126 2235 1198 2315 illis,
1213 2235 1315 2300 deficit

211 2348 288 2412 ratio
313 2347 448 2416 formalis
470 2347 673 2412 fundamenti.
719 2346 801 2411 Item
820 2346 1008 2432 impossibile
1030 2356 1077 2411 est
1097 2369 1219 2411 manere
1238 2346 1315 2411 rela-

210 2462 325 2525 tionem
347 2460 413 2537 sine
433 2460 587 2525 subiecto:
618 2458 705 2545 atqui
721 2459 754 2524 in
775 2458 974 2525 relationibus
993 2459 1169 2525 extrinsecis
1187 2467 1316 2545 uterque

211 2575 361 2638 terminus
375 2595 460 2658 reque
476 2581 566 2657 aptus
581 2581 628 2636 est
642 2580 679 2635 ut
693 2572 858 2657 accipiatur
876 2594 933 2657 pro
956 2571 1092 2637 subiecto
1102 2583 1115 2649 ς’
1134 2594 1208 2656 ergo
1229 2594 1316 2657 pere-

210 2695 288 2750 unte
302 2708 365 2748 uno
379 2685 511 2748 termino
526 2684 605 2768 perit
618 2683 684 2747 eius
700 2681 824 2747 relatio:
847 2683 912 2747 eius
926 2691 1029 2748 autem
1045 2683 1151 2747 relatio
1166 2682 1206 2748 ad
1221 2683 1315 2747 alium

212 2796 379 2860 terminum
396 2803 443 2858 est
463 2794 568 2857 eadem
588 2816 717 2858 numero
732 2808 770 2858 ac'
781 2793 889 2859 relatio
902 2794 1028 2859 alterius
1043 2793 1197 2878 adipsum
1210 2820 1220 2875 3
1243 2817 1318 2880 ergo.

213 2928 277 2971 uno
299 2906 429 2970 termino
451 2905 573 2970 sublato
595 2904 715 2968 tollitur
736 2904 844 2970 relatio
865 2906 1042 2970 extrinseca.
1090 2905 1141 2970 Sic
1169 2915 1316 2990 pereunte
1388 2890 1391 2896 ¹

213 3019 311 3083 fratre
327 3018 407 3103 perit
428 3016 613 3096 fraternitas,
633 3025 781 3102 pereunte
803 3039 867 3082 uno
890 3040 925 3082 ex
943 3018 1063 3082 duobus
1085 3019 1145 3097 ubi,
1168 3017 1246 3102 perit
1271 3016 1317 3080 di-

215 3130 338 3210 stantia,
359 3138 507 3216 pereunte
521 3128 635 3208 dextra,
652 3127 731 3212 perit
746 3128 879 3209 sinistra,
894 3137 952 3193 etc.

259 3243 359 3307 Dices.
382 3242 491 3305 Manet
505 3240 611 3305 relatio
626 3238 793 3304 secundnm
804 3242 893 3324 petae
912 3247 943 3304 et
955 3250 1037 3324 post,
1053 3262 1122 3326 quse
1143 3249 1189 3305 est
1211 3239 1318 3304 relatio

215 3355 391 3433 extrinseca,
401 3375 438 3417 ex
452 3352 551 3431 dictis,
561 3351 680 3416 etiamsi
688 3353 777 3435 priua
790 3351 851 3415 ianr
866 3372 929 3415 non
945 3351 1064 3431 existat,
1079 3352 1203 3437 quando
1217 3350 1318 3416 existit

209 3475 292 3552 port.
335 3466 419 3549 Ergo
433 3472 537 3529 manet
552 3462 658 3527 relatio
672 3462 840 3527 extrinseca
855 3462 976 3527 sublato
991 3485 1053 3528 uno
1067 3463 1207 3528 termino.

260 3578 451 3664 Respondeo,
467 3576 643 3641 relationem
671 3575 840 3640 secuudum
866 3573 951 3659 prius
975 3582 1099 3660 etpost
1124 3596 1190 3640 esse
1207 3575 1318 3638 realem

217 3690 352 3776 quidem,
368 3691 422 3755 sed
437 3690 574 3754 realitate
592 3690 761 3766 nwceeeiw,
777 3687 857 3760 sicut
879 3686 1010 3750 dicimus
1028 3686 1120 3750 etiam
1137 3685 1174 3749 de
1188 3693 1286 3763 motu,
1302 3707 1319 3748 a

217 3824 279 3888 quo
300 3801 448 3887 accipitur
468 3801 554 3886 prius
576 3807 608 3864 et
630 3807 711 3883 post.
757 3797 859 3875 Quare
881 3797 985 3862 stricte
1007 3796 1160 3882 loquendo
1182 3795 1215 3859 in
1233 3796 1319 3860 nullo

218 3916 333 4001 quando
356 3911 534 3978 accidentali
556 3909 617 3975 dici
638 3918 739 3994 potest
758 3911 883 3974 mettere
897 3909 1067 3973 relationem
1074 3908 1189 3992 prioris
1202 3907 1318 3991 adpor-

218 4027 319 4103 terr‘ae,
330 4033 367 4089 ut
381 4022 508 4087 resultat
523 4044 560 4085 ex
574 4018 744 4084 obiectione
763 4019 855 4084 facta.
901 4018 962 4083 Sed
979 4019 1012 4083 in
1033 4025 1104 4082 ente
1120 4017 1321 4083 essentialiter

219 4136 388 4202 successivo
412 4156 475 4198 non
498 4141 546 4197 est
568 4131 752 4216 exigendum
781 4129 897 4216 aliquid
920 4153 1118 4217 permanens:
1152 4138 1183 4194 et
1207 4130 1250 4194 sic
1273 4131 1321 4196 vel

219 4248 325 4313 relatio
339 4248 420 4311 inter
433 4244 518 4331 prius
533 4251 564 4308 et
578 4251 647 4329 post
659 4243 787 4308 dicenda
802 4251 848 4308 est
862 4244 1020 4307 macerare
1033 4243 1121 4306 realis
1134 4241 1218 4305 iuxta
1233 4264 1321 4307 suam

221 4368 373 4438 naturam,
396 4358 442 4424 vel
471 4356 591 4442 siquis
614 4354 692 4420 nolit
721 4354 882 4420 admittere
910 4353 1141 4438 possibilitatem
1167 4351 1323 4418 relationis

266 4490 341 4534 ror..
357 4490 396 4535 11.
1093 4466 1150 4528 2ι
