3200 4975
271 352 314 413 40
590 367 632 411 aa
648 364 853 411 suasurum
870 359 1071 406 seraranan.
1231 334 1316 419 [car.
1335 353 1376 397 rr·

158 587 160 595 .
272 547 404 621 ponatur
418 538 518 604 adbuc
533 536 727 603 accidentalis
741 528 888 620 operatio.
931 534 973 597 Et
987 532 1057 597 ideo
1070 533 1201 598 essentia
1215 533 1317 619 angeli
1331 534 1374 598 sio

271 658 394 735 accepta
403 649 503 715 differt
512 648 646 715 ammoto
660 648 726 714 eius
734 646 919 712 intellectiva
926 646 1006 741 nont
1015 644 1204 730 possibilesb
1212 646 1374 725 exiamnte3

272 768 305 825 et
318 761 396 825 nihil
414 760 498 827 aliud
520 760 662 826 concludi
686 768 797 846 potest.
852 756 935 837 Quia
955 766 1060 823 tamen
1073 765 1213 843 superest
1233 755 1373 843 quaedam

273 873 478 959 aequivocatio,
500 872 600 959 magis
625 870 795 957 specialiter
824 870 926 937 adhue
953 868 1130 955 responderi
1143 877 1255 955 potest,
1270 877 1373 933 sotum

273 984 394 1049 essendi
408 993 439 1049 et
458 994 561 1050 aetum
581 982 800 1049 eamdentaliter
820 981 1013 1067 intelligendi
1033 1004 1100 1047 esse
1122 980 1255 1047 diversos
1276 988 1373 1059 sotus,

272 1097 326 1163 sed
355 1108 458 1164 aetum
486 1096 607 1163 essendi
635 1103 667 1161 et
695 1103 798 1161 aetum
829 1094 1051 1160 substantialem
1081 1092 1283 1180 intelligendi,
1311 1116 1373 1180 qno

274 1211 402 1295 angelus
417 1213 475 1277 soit
497 1211 630 1297 seipsum
653 1232 728 1289 esse,
743 1217 774 1273 et
795 1230 859 1294 qno
879 1208 1079 1275 constituitur
1091 1207 1191 1292 primo
1211 1207 1373 1273 intellecti·

272 1346 338 1401 vus,
355 1324 439 1389 nullo
463 1322 554 1388 modo
577 1344 643 1387 esse
662 1302 796 1386 diversos
818 1330 915 1385 aetus.
959 1319 1042 1385 Nam
1061 1328 1148 1385 sotus
1166 1319 1297 1399 essendi,
1311 1342 1373 1406 qno

272 1434 400 1519 angelus
414 1444 470 1514 est,
486 1443 532 1501 est
547 1434 667 1499 realiter
686 1440 772 1498 aetus
793 1455 856 1517 quo
879 1432 977 1517 primo
999 1429 1239 1496 substantialiter
1252 1431 1326 1496 vivit
1343 1440 1374 1497 et

271 1546 434 1632 intelligia
457 1570 553 1633 quum
568 1549 662 1611 niuem
675 1546 837 1611 uiuentibus
848 1548 889 1609 rit
903 1567 964 1609 ease
978 1553 1013 1608 ut
1024 1565 1094 1609 oum
1109 1544 1273 1609 Aristotele
1288 1544 1373 1610 dooet

273 1657 304 1722 S.
321 1659 454 1725 Thomas
471 1661 513 1745 (p.
532 1662 561 1723 l.
576 1681 607 1744 q.
625 1660 676 1722 18.
692 1680 720 1721 a.
736 1659 782 1739 2).
827 1656 899 1721 Non
914 1667 1015 1721 autem
1032 1657 1145 1721 viveret
1161 1656 1299 1741 angelus,
1314 1658 1374 1722 nisi

272 1769 466 1854 intelligeret,
481 1780 516 1835 nt
537 1779 584 1835 est
603 1768 736 1834 evidens.
780 1767 839 1832 list
860 1789 934 1853 ergo
955 1767 1079 1854 aliquod
1101 1767 1271 1854 intelligere
1292 1779 1372 1846 actu,

271 1881 354 1967 quod
368 1890 415 1947 est
429 1882 531 1968 ipsum
552 1904 617 1947 esse
632 1880 743 1965 angeli.
790 1879 859 1945 Hoc
873 1889 976 1945 antem
990 1889 1037 1944 est
1052 1880 1221 1964 intelligere
1240 1880 1374 1966 seipsum

270 2016 345 2071 osse,
361 2004 397 2058 ut
412 2017 504 2079 supra
518 1995 701 2079 explicatum
722 2002 778 2057 est.
824 1992 908 2078 Ergo
923 2002 994 2057 ante
1007 2015 1098 2058 omne
1111 1992 1282 2077 intelligere
1297 1994 1374 2058 aoei-

271 2104 393 2169 dentale
422 2106 597 2191 ponendum
623 2112 670 2169 est
695 2104 866 2189 intelligere
895 2104 1093 2169 substantiale
1122 2128 1176 2170 sen
1204 2105 1376 2183 essentiale,

271 2216 354 2302 quod
382 2238 445 2281 non
471 2227 519 2282 est
541 2216 601 2280 nisi
623 2238 684 2280 ease
705 2214 807 2299 angeli
828 2214 886 2279 snb
907 2227 1056 2301 oonoeptn
1078 2216 1197 2282 formali
1220 2217 1374 2301 praeoisivo

240 2410 253 2437 ο
271 2329 503 2394 consideratum.
549 2327 701 2392 Audiatur
723 2328 788 2414 ipse
811 2328 843 2391 S.
867 2327 998 2391 Thomas
1023 2330 1066 2413 (p.
1091 2332 1120 2392 l.
1144 2351 1175 2413 q.
1200 2332 1250 2393 18.
1271 2351 1299 2394 a.
1320 2332 1374 2413 2):

275 2439 402 2518 Seniue,
429 2447 458 2504 et
483 2437 654 2522 intelligam,
681 2446 710 2503 et
736 2438 913 2518 huiusmodi,
943 2440 1117 2525 quandoque
1144 2449 1300 2506 sumuntur
1316 2464 1376 2527 pro

272 2551 443 2634 quibasdam
474 2551 699 2634 operationima,
732 2552 905 2635 quandoque
937 2561 1034 2617 autem
1061 2576 1120 2637 pro
1153 2556 1216 2639 meo
1244 2576 1306 2618 ease
1333 2557 1377 2619 aie

272 2665 464 2747 operantium.
510 2664 632 2727 Dicitur
654 2665 732 2727 enim
750 2667 781 2728 9.
802 2665 888 2729 etbio.
914 2667 994 2749 quod
1012 2669 1107 2732 uiuere
1132 2674 1177 2730 eat
1201 2669 1309 2731 sentire
1332 2669 1380 2732 oel

272 2776 442 2862 intonuere,
458 2775 546 2840 idest
561 2775 666 2840 babere
686 2783 823 2840 naturam
842 2778 1075 2843 adsentiendum
1089 2779 1374 2866 velintelliqendam.

273 2889 313 2951 Et
328 2888 431 2972 paullo
446 2887 585 2972 superius
605 2888 638 2951 in
659 2910 740 2973 corp.
765 2899 822 2953 art.
850 2888 983 2954 dixerat:
1008 2890 1061 2954 Ea
1080 2892 1136 2970 bis,
1163 2915 1227 2975 qua
1248 2895 1376 2957 euterun

214 2991 216 2998 ¹
273 3009 415 3085 apparent
426 3001 461 3064 de
470 3023 503 3065 re
513 3001 676 3065 devenimus
686 3002 728 3064 ad
739 3004 968 3086 coqnosoendam
981 3005 1135 3067 amentiam
1148 3007 1201 3068 rei.
1246 3005 1293 3069 Et
1307 3007 1377 3088 quia

271 3117 314 3177 sic
339 3114 522 3177 nominamus
551 3113 675 3196 aliquid,
704 3114 781 3178 sieut
809 3116 1008 3199 raynoseimus
1037 3115 1119 3193 illud,
1143 3118 1210 3180 inde
1234 3119 1380 3202 estquod

266 3226 438 3308 pierumque
461 3225 731 3309 apraprietatibm
760 3229 954 3291 anterioribus
981 3229 1169 3310 imponuntur
1196 3232 1313 3294 nomina
1338 3232 1379 3294 ad

194 3315 199 3324 ι
272 3336 481 3421 mortificandas
495 3339 635 3401 essentias
648 3360 753 3400 rerum.
805 3339 888 3402 Unde
908 3340 1050 3402 eiusmodi
1069 3343 1187 3404 nomina
1207 3343 1378 3426 modoque

273 3450 456 3531 acuminatur
472 3468 614 3512 rnorem
624 3471 683 3530 pro
699 3451 772 3532 ipsis
782 3453 1027 3529 essentiisrerum,
1037 3451 1158 3536 adquae
1171 3454 1378 3539 atym'fioaadae

270 3559 478 3642 principaliter
491 3569 560 3623 sunt
574 3561 731 3644 imposita:
755 3560 913 3644 aliquando
928 3584 994 3625 aero
1011 3572 1166 3626 sumuntur
1173 3586 1232 3647 pro
1240 3569 1377 3649 proprie-

277 3673 395 3748 ration,
412 3693 430 3734 a
450 3673 554 3755 quibus
575 3674 781 3756 imponuntur:
813 3682 843 3738 et
864 3675 918 3739 boo
941 3694 1048 3738 uiuus
1071 3695 1211 3740 onorata
1228 3726 1235 3741 .
1254 3725 1260 3740 .
1278 3727 1286 3742 .
1302 3726 1309 3743 .
1326 3680 1379 3744 Sia

276 3808 344 3869 erqo
359 3783 511 3849 dicendum
522 3792 566 3848 est
575 3793 604 3849 et
614 3785 649 3850 de
658 3788 730 3850 uita.
776 3787 857 3849 Nam
870 3789 938 3850 aim
950 3810 1053 3851 nomen
1067 3792 1192 3854 semitm
1202 3813 1240 3855 ea
1254 3793 1378 3876 qraodam

278 3899 407 3962 euterius
422 3905 581 3983 amarante
595 3901 674 3962 eirca
687 3920 758 3976 rem,
769 3898 850 3982 quod
862 3908 906 3964 eat
919 3923 1030 3964 mouere
1043 3904 1187 3985 samaram.-
1210 3922 1268 3968 non
1283 3913 1379 3970 tamen

276 4018 320 4072 est
330 4010 496 4093 impositum
511 4009 566 4072 boe·
578 4031 680 4072 nomen
691 4010 731 4073 ad
740 4010 1033 4095 boemanifioandum,
1044 4012 1097 4076 sed
1105 4013 1146 4076 ad
1156 4015 1378 4100 sianffirnndam

276 4123 479 4199 mabstantiam,
495 4123 542 4184 cui
557 4124 688 4186 conuenit
700 4123 855 4186 nomadum
868 4145 951 4186 naam
965 4132 1102 4189 naturam
1115 4149 1229 4190 mouere
1241 4131 1376 4215 suasam,

277 4232 323 4295 ael
336 4255 422 4314 auore
436 4255 466 4295 ae
481 4254 658 4315 quorumque
678 4233 759 4296 modo
779 4233 821 4295 ad
837 4235 1042 4316 operationem.
1087 4238 1133 4299 Et
1146 4240 1301 4304 seeundum
1315 4243 1378 4320 boc,

280 4363 408 4405 vrsano
424 4343 501 4404 nibil
513 4343 596 4405 alind
608 4352 661 4424 est,
677 4365 763 4427 quma
779 4367 839 4407 aare
854 4347 884 4407 in
900 4347 955 4410 tali
969 4356 1085 4427 natura,
1102 4358 1130 4412 et
1140 4370 1218 4414 urna
1231 4353 1381 4437 munificat
