3200 4975
294 382 336 444 82
598 402 641 445 on
657 402 860 447 anseranum
876 402 1077 446 amatunam.
1236 384 1322 467 [cnr.
1341 402 1395 443 111.

294 560 416 626 tinuat:
440 562 485 625 Et
506 565 551 627 ito
564 584 595 626 ae
617 564 703 627 tabet
725 565 867 627 obiectum
887 565 1002 627 unitum
1016 564 1156 647 potentie
1175 564 1216 626 od
1233 558 1398 625 taiusroodi

295 675 447 752 actionem,
461 675 538 737 atcat
549 673 661 757 forato,
677 696 741 757 quo
755 683 798 739 eot
815 676 995 758 pnnetptom
1009 676 1135 739 actionis
1148 676 1181 737 ia
1202 674 1271 737 otiis
1285 674 1398 757 aparti-

296 784 370 847 bus:
392 786 470 849 sicut
492 786 569 849 enim
592 784 674 849 calor
697 794 740 849 eat
757 788 939 869 priooapinm
968 785 1167 869 calefactionis
1193 786 1225 848 in
1253 786 1329 867 ipae,
1353 784 1398 846 a'tc

296 895 406 976 speeies
415 897 460 958 rei
469 896 538 959 mac
551 904 594 959 aot
604 898 782 980 prirrdpr‘um
791 896 921 979 formale
931 897 1051 960 aniona
1065 898 1097 959 in
1109 896 1202 960 ooth.
1250 894 1311 959 Sed
1326 915 1397 957 oon·

295 1002 493 1067 siderandum
518 1015 565 1069 est
588 1007 672 1092 quod
695 1006 879 1092 principium
905 1005 1032 1071 aofionis
1053 1005 1244 1071 intellectiva
1263 1013 1398 1069 nonest

299 1114 423 1196 species,
436 1114 488 1179 sed
499 1114 672 1182 intellectus
680 1117 805 1181 intuens
814 1116 968 1181 obiectum
978 1116 1011 1180 in
1021 1115 1121 1201 speeie
1132 1134 1282 1201 prasens:
1304 1114 1398 1192 unde,

299 1224 370 1289 lioet
386 1226 500 1309 speeies
516 1227 721 1312 intelligibilia
734 1228 846 1292 habeat
868 1250 901 1292 se
918 1228 958 1292 ad
978 1228 1104 1291 modum
1124 1228 1228 1293 forma
1247 1226 1400 1291 sanantis

300 1336 490 1401 intellectum
516 1338 682 1421 passivum,
708 1360 771 1403 non
799 1348 904 1403 tamen
933 1338 1025 1403 habet
1055 1360 1087 1402 se
1116 1348 1274 1422 tamquam
1302 1339 1400 1402 forma

299 1453 426 1510 aetuans
454 1447 644 1513 intellectum
668 1449 811 1529 activum,
838 1449 892 1513 sed
917 1458 1073 1534 tamquam
1101 1452 1242 1514 obiectum
1269 1450 1401 1534 formale

300 1557 523 1624 intellectionia.
568 1560 650 1623 Nam
666 1560 842 1626 intellectus
862 1561 977 1625 activus
1000 1571 1046 1625 est
1063 1562 1160 1625 virtus
1180 1562 1330 1625 actuatina
1352 1562 1401 1624 sui

300 1669 333 1732 in
355 1670 486 1734 termino
505 1670 692 1755 inteliigibili
709 1694 764 1757 per
786 1672 917 1757 speeiem
932 1680 1100 1757 prasente:
1124 1681 1154 1735 et
1171 1672 1239 1736 ideo
1258 1672 1351 1736 habet
1368 1691 1401 1734 se

298 1789 456 1864 tamquam
473 1780 657 1865 principium
671 1782 797 1845 formale
806 1790 910 1846 actus:
934 1782 1083 1847 terminus
1097 1782 1298 1866 intelligibilis
1309 1782 1401 1845 habet

302 1912 334 1954 se
347 1899 507 1974 tamquam
520 1890 676 1955 obiectum
691 1892 846 1956 materiale
859 1893 893 1956 in
908 1893 991 1977 quod
1014 1893 1095 1957 cadit
1108 1902 1216 1956 sotus:
1239 1901 1270 1955 et
1288 1893 1402 1977 species

301 2000 368 2084 ipsa
383 2000 474 2065 habet
488 2024 521 2065 ae
534 2009 692 2085 tamquam
707 2002 739 2065 id
755 2024 809 2085 per
819 2002 907 2086 'quod
921 2011 952 2065 et
968 2002 1135 2065 seeundum
1151 2001 1234 2085 quod
1248 2000 1401 2065 obiectum

303 2111 457 2175 materiale
485 2112 650 2195 attingitur
679 2121 750 2176 actu
779 2114 901 2176 virtutis
930 2112 1131 2177 intellectiva.
1177 2111 1260 2176 Illud
1289 2122 1402 2190 autern,

303 2224 472 2287 secundum
502 2223 585 2307 quod
612 2223 766 2287 obiectum
796 2224 950 2289 materiale
978 2224 1151 2307 attingitur,
1175 2234 1221 2287 est
1251 2224 1403 2288 obiectum

303 2332 446 2398 formale:
469 2333 622 2398 obiectum
636 2342 738 2398 antem
753 2334 880 2399 formale
894 2357 957 2399 non
971 2344 1018 2400 eat
1033 2335 1217 2421 principium
1231 2334 1314 2419 quod
1329 2334 1403 2417 agit,

303 2466 359 2508 nee
374 2444 558 2529 principium
573 2466 634 2530 quo
649 2465 743 2528 agens
761 2446 836 2529 agit,
852 2446 906 2512 sed
920 2446 1087 2511 formalitas
1103 2446 1160 2511 sab
1174 2468 1236 2531 qua
1254 2446 1404 2512 terminus

304 2556 432 2619 aetionis
446 2556 590 2620 terminat
606 2566 717 2636 aetum,
734 2558 781 2621 vel
796 2557 862 2621 aliis
878 2558 986 2636 verbis,
996 2560 1062 2642 ipse
1076 2559 1226 2622 terminus
1243 2558 1403 2622 materialis

304 2665 513 2731 consideratus
524 2690 586 2730 non
600 2666 739 2731 absolute
754 2677 785 2731 et
797 2677 891 2752 prout
906 2677 953 2732 est
967 2669 999 2731 in
1015 2691 1056 2747 se,
1069 2667 1122 2732 sed
1137 2667 1260 2732 relative
1268 2678 1299 2732 et
1313 2677 1405 2752 prout

298 2780 502 2864 attingitnra
523 2779 672 2863 potentia,
687 2781 774 2851 euius
789 2789 891 2842 actum
914 2780 1068 2844 terminat.
1114 2779 1216 2856 Quare
1236 2781 1404 2845 similitudo

300 2891 373 2957 illa:
396 2895 472 2957 ment
493 2893 574 2956 color
596 2901 640 2956 aot
656 2893 839 2976 preruptam
860 2891 1060 2976 oalefuctionis
1082 2895 1114 2956 in
1138 2896 1214 2978 ipae,
1233 2895 1277 2958 ito
1297 2897 1405 2978 species

302 3006 348 3066 rei
360 3005 429 3067 otae
443 3011 487 3067 est
501 3005 683 3086 principium
697 3003 827 3085 ferreole
841 3005 961 3067 visionis
975 3005 1007 3066 in
1021 3005 1112 3084 emto,
1128 3026 1191 3068 non
1214 3005 1303 3088 plene
1312 3005 1407 3068 satis·

305 3115 378 3178 facit
387 3140 396 3192 3
422 3114 494 3198 quia
507 3113 622 3198 speeies
636 3114 680 3177 rei
694 3114 765 3178 visae
780 3136 843 3178 non
865 3124 911 3177 eat
926 3114 1111 3199 principium
1125 3116 1257 3180 activum
1273 3113 1410 3194 videndi

307 3226 386 3290 aient
412 3225 493 3289 calor
518 3234 564 3288 est
589 3225 775 3308 principium
801 3226 934 3289 activum
957 3226 1158 3305 calefaciendi,
1180 3227 1233 3290 sed
1256 3227 1406 3290 terminus

307 3336 443 3400 formalia
457 3335 598 3399 visionis:
622 3346 653 3400 et
667 3345 812 3420 praeterea
831 3335 986 3400 calefactio
999 3347 1047 3400 est
1062 3337 1141 3400 aetio
1153 3339 1316 3417 transiens,
1331 3338 1407 3402 visio

308 3454 355 3510 eat
369 3453 455 3509 actus
478 3446 669 3517 immanens:
692 3446 868 3510 undenario
884 3447 1063 3512 ¹calefactiva
1077 3448 1149 3511 facit
1171 3449 1300 3512 calorem
1311 3449 1408 3532 recipi

308 3557 342 3620 in
362 3555 464 3640 aliqua
477 3557 615 3638 potantia
628 3558 756 3642 passiva,
772 3557 847 3621 visio
862 3579 932 3623 vero
947 3581 1008 3621 non
1029 3559 1101 3622 facit
1114 3559 1207 3644 recipi
1221 3560 1359 3644 :speeiem
1374 3561 1407 3623 in

308 3667 412 3752 aliqua
426 3669 567 3752 potentia
582 3669 711 3752 passiva,
727 3668 799 3752 quia
820 3679 906 3732 actus
921 3670 1044 3734 videndi
1064 3671 1261 3754 consequitur
1279 3672 1406 3755 recepti-

308 3802 402 3844 onem
419 3779 549 3864 speoiei3
572 3780 665 3843 etsie
686 3801 750 3842 non
772 3779 845 3843 facit
869 3781 962 3864 recipi
978 3781 1068 3865 quod
1090 3781 1149 3844 iam
1172 3790 1218 3845 est
1240 3790 1406 3866 receptum.

300 3889 391 3966 Quia
411 3905 485 3972 ergo
500 3898 585 3952 actus
607 3889 661 3973 qni
675 3889 819 3973 recipitur
838 3890 929 3954 habet
951 3891 1099 3954 rationem
1114 3891 1255 3976 principii
1273 3892 1409 3956 formalis

310 4003 342 4065 in
358 4024 394 4065 eo
409 4002 442 4064 in
457 4023 518 4084 quo
540 4000 695 4083 recipitur,
711 4000 802 4078 calor,
819 4009 854 4064 ut
874 4001 968 4064 estin
991 4001 1144 4080 calefacto,
1160 4012 1205 4066 est
1223 4002 1407 4088 principium

309 4110 436 4176 formale
447 4110 582 4176 ealefaoti
592 4110 728 4174 attalia:
752 4111 892 4195 sedqnia
901 4121 991 4175 aetus
1001 4113 1054 4196 qui
1068 4134 1131 4176 non
1141 4112 1287 4197 recipitur
1301 4114 1333 4176 in
1348 4113 1408 4177 elio

310 4245 372 4286 non
387 4221 479 4286 habet
494 4221 641 4284 rationem
657 4220 798 4304 principii
813 4221 947 4285 formalis
963 4222 1037 4302 eius,
1055 4223 1167 4307 species
1186 4245 1247 4286 non
1264 4234 1310 4288 ett
1324 4226 1408 4308 prin-

306 4333 423 4417 cipium
435 4332 560 4395 formale
570 4331 692 4396 visionis
708 4332 740 4394 in
753 4331 911 4396 intellectu
923 4333 1029 4412 activo,
1042 4334 1113 4418 quia
1128 4357 1193 4397 esse
1204 4336 1336 4400 activum
1344 4358 1408 4399 »non
