3200 4975
286 334 329 395 90
600 351 642 395 or
660 352 861 397 scurranum
877 352 1076 397 sernrrusm.
1232 332 1316 419 [car.
1335 354 1390 397 ιιι.
1577 109 1586 372 l

284 514 371 579 iuxte
393 514 476 580 illem
502 516 685 581 sententiam
709 518 811 601 angeli
836 520 938 581 stetim
963 518 996 583 in
1020 517 1090 597 illic,
1112 540 1175 601 qua
1184 520 1283 601 primo
1304 529 1391 584 reatu

283 626 387 691 raliter
411 638 597 712 comm,
623 630 782 713 inspectent
808 631 905 693 nmio
929 652 1113 713 meumque
1138 632 1170 695 in
1191 634 1234 695 eir
1256 635 1392 715 cognosci

278 747 413 821 ροισιαιε,
429 760 550 803 necesse
563 748 611 805 est
625 738 815 817 concludere,
830 739 956 823 angelos
971 748 1042 805 actu
1056 739 1160 805 omnis
1174 742 1392 825 cognoscibilia

285 849 465 934 simpliciter
487 872 677 934 cognoscere.
722 848 829 927 Quum
844 851 927 915 enim
946 851 1121 917 intellectus
1145 851 1299 937 intelliget
1320 855 1390 919 uni-

284 962 407 1041 versale,
422 970 453 1025 et
468 961 526 1027 sub
541 961 704 1027 universali
719 962 934 1028 contineantur
947 962 1052 1028 omnia
1066 963 1261 1047 particularia
1275 965 1389 1031 intelli-

284 1073 400 1159 gibilis,
416 1094 484 1158 quae
499 1083 573 1139 sunt
586 1073 717 1152 infinita,
737 1074 866 1158 angelus
886 1074 919 1139 iu
942 1076 1033 1139 unice
1058 1076 1190 1141 naturali
1214 1076 1390 1159 cognitione

284 1186 365 1250 entis
379 1185 503 1249 intuens
517 1207 573 1249 ens
587 1184 620 1249 in
634 1184 797 1250 universali
812 1195 976 1269 cognoscet
990 1187 1093 1253 omnia
1102 1210 1304 1273 quecumque
1318 1211 1389 1272 par-

284 1297 414 1380 ticipant
428 1296 468 1361 de
486 1296 604 1361 ratione
629 1296 720 1375 entis,
742 1297 942 1381 inquantum
958 1298 996 1362 de
1011 1321 1045 1363 ea
1060 1298 1254 1383 participant.
1300 1299 1389 1363 Nibil

284 1417 388 1475 cutem
404 1430 436 1472 se
450 1408 604 1473 subtrahit
618 1431 638 1471 a
650 1409 766 1473 ratione
780 1408 872 1473 entis.
916 1408 1000 1493 Ergo
1015 1409 1118 1475 omnis
1132 1409 1258 1474 omnino
1274 1410 1387 1475 intelli-

285 1520 390 1604 gibilis
415 1520 519 1584 stetim
544 1519 730 1603 intelligeret
754 1519 891 1603 angelus.
938 1518 1072 1595 Quodsi
1091 1542 1154 1585 non
1176 1520 1279 1585 omnis
1298 1521 1388 1585 intel-

284 1632 365 1716 ligit,
381 1631 543 1695 dicendum
558 1641 616 1709 est,
633 1630 931 1715 repraesentstionem
958 1612 1038 1693 entis
1059 1631 1092 1694 in
1106 1631 1280 1709 universali,
1295 1654 1389 1716 quam

283 1742 388 1823 babet,
399 1764 462 1807 non
476 1764 542 1805 esse
556 1741 731 1806 huiusmodi
744 1749 779 1805 ut
787 1740 963 1805 immediate
977 1740 1118 1805 ostendet
1133 1743 1237 1807 omnia
1251 1754 1319 1827 quse
1330 1742 1388 1807 sub

284 1854 402 1919 ratione
416 1854 468 1917 illa
482 1853 625 1938 cognosci
644 1863 784 1937 possunt,
800 1851 855 1917 sed
868 1851 1055 1931 huiusmodi,
1071 1862 1107 1918 ut
1121 1852 1258 1937 indigeat
1273 1854 1388 1938 specia-

285 1964 356 2029 liter
370 1964 523 2050 applicari,
538 1973 570 2029 et
591 1964 633 2027 sic
655 1964 829 2029 intellectus
855 1986 909 2046 per
934 1985 1001 2027 eum
1027 1974 1058 2027 et
1073 1987 1128 2048 per
1141 1964 1201 2029 elia
1215 1965 1388 2031 discurrens

286 2078 325 2141 ud
341 2075 533 2161 particularia
547 2075 696 2140 deveniat.

329 2187 471 2253 Secundo
485 2184 671 2269 impossibile
684 2195 731 2249 est
746 2170 857 2267 inipso
877 2187 1039 2268 cognitione
1054 2188 1197 2270 principii
1217 2189 1282 2251 noti
1296 2189 1388 2270 inspi-

284 2323 348 2365 cere
365 2300 450 2382 quasi
470 2306 556 2361 notos
579 2318 676 2359 omnes
699 2296 894 2359 conclusiones
919 2306 1131 2381 consequenter.
1179 2298 1258 2365 Nam
1274 2321 1310 2365 ex
1324 2321 1387 2363 uno

283 2410 433 2497 principio
447 2408 533 2472 nulls
546 2406 700 2471 conclusio
724 2405 871 2490 sequitur,
892 2429 988 2491 quum
1006 2406 1106 2473 omnis
1121 2408 1275 2473 conclusio
1289 2410 1386 2473 eonti-

283 2531 393 2586 nentur
415 2520 448 2584 in
471 2518 592 2583 duabus
620 2517 792 2602 praemissis,
823 2528 859 2581 ut
888 2526 980 2602 patet.
1026 2518 1068 2582 Et
1094 2541 1176 2598 sene,
1204 2521 1229 2584 si
1258 2521 1386 2606 angelus

283 2641 445 2718 cognoscat
474 2630 674 2716 principium:
699 2652 763 2713 qsrae
790 2638 860 2693 sont
885 2631 984 2694 cadem
1008 2633 1060 2694 oni
1084 2634 1171 2697 tertio
1194 2641 1263 2696 sunt
1288 2634 1387 2696 eodem

282 2749 359 2811 inter
372 2767 413 2824 se,
428 2765 520 2828 quem
540 2740 767 2806 conclusionem
793 2740 966 2805 intuebitur
980 2741 1012 2805 in
1027 2741 1085 2806 hoc
1099 2742 1274 2827 principio?
1304 2743 1385 2807 Nul-

282 2859 344 2922 lam
358 2877 492 2940 prorsus,
513 2853 573 2917 nisi
595 2851 674 2916 illud
699 2851 831 2936 applicet
846 2852 878 2915 in
897 2851 1071 2936 particulari
1093 2852 1184 2918 alicui
1202 2853 1248 2917 rei
1262 2852 1320 2919 sibi
1335 2875 1384 2919 co·

282 2970 386 3054 gnitae.
432 2967 501 3030 Hoc
513 2975 615 3029 autern
626 2972 673 3026 est
684 2963 853 3027 discurrere
861 2987 871 3041 ;
894 2963 1052 3027 nonenim
1068 2962 1182 3028 videbit
1197 2986 1384 3050 consequen·

281 3080 356 3144 tiam
370 3079 403 3142 iu
419 3077 483 3142 solo
502 3075 556 3139 illo
576 3074 736 3159 principio,
761 3073 815 3138 sed
840 3073 872 3136 in
896 3074 1121 3158 comparatione
1147 3074 1290 3158 principii
1312 3097 1383 3140 cum

281 3214 359 3254 nova
382 3188 516 3253 veritate.
561 3187 664 3271 Atque
689 3185 747 3251 hoc
770 3184 852 3248 idem
876 3193 923 3248 est
946 3206 980 3248 ac
1006 3185 1114 3264 dicere,
1141 3185 1225 3269 quod
1254 3184 1383 3268 angelus

282 3302 363 3366 videt
377 3297 603 3364 conclusionem
618 3297 651 3359 in
667 3294 847 3379 praemissis:
870 3295 904 3358 in
919 3317 980 3379 quo
996 3294 1135 3360 consistit
1151 3295 1316 3361 discursus.

324 3412 436 3489 Tertio,
450 3417 487 3472 ut
501 3409 533 3472 in
549 3407 722 3492 cognitione
735 3405 956 3490 principiorum
971 3405 1130 3470 videantur
1150 3408 1383 3491 consequentiae,

280 3544 401 3594 neeesse
415 3529 462 3584 est
476 3518 577 3583 videre
592 3518 624 3580 in
639 3515 797 3601 principiis
812 3538 847 3580 ec
862 3517 974 3596 omnia,
990 3516 1103 3600 quibus
1120 3517 1272 3601 principie
1285 3517 1382 3602 appli-

280 3634 342 3699 cari
363 3639 511 3717 possunt3
534 3652 630 3714 quum
653 3627 738 3691 enim
761 3627 861 3690 omnis
887 3648 965 3692 novo
988 3627 1204 3711 consequentia
1229 3627 1383 3692 contineat

279 3767 392 3809 novum
406 3742 584 3819 terminum,
599 3741 625 3804 si
639 3739 689 3822 bic
708 3739 859 3802 terminus
882 3760 945 3802 non
961 3738 1080 3804 videtur
1093 3738 1127 3802 in
1141 3738 1292 3823 principio
1312 3738 1382 3803 uni·

278 3855 396 3934 vernali,
420 3876 482 3918 non
505 3851 617 3936 poterit
640 3851 674 3914 in
699 3849 763 3914 solo
788 3849 939 3934 principio
958 3848 1131 3927 ,universali
1157 3850 1251 3914 videri
1278 3872 1382 3917 conse·

278 3968 413 4054 quentia.
456 3965 539 4048 Ergo
554 3962 593 4027 ad
613 3960 783 4025 intuendas.
802 3958 1011 4026 conclusiones
1033 3959 1066 4024 in
1088 3959 1238 4044 principio
1260 3983 1382 4024 necesse

277 4090 324 4146 est
338 4082 564 4162 cognoscereet
578 4073 691 4137 intueri
706 4073 739 4136 in
754 4071 904 4156 principio
919 4093 966 4136 res
983 4093 1089 4137 omncs
1104 4071 1216 4155 quibus
1235 4071 1381 4156 applicari

277 4198 387 4278 potest,
403 4197 434 4252 et
449 4186 572 4272 quidem
588 4184 688 4269 quoad
703 4193 792 4246 notas
813 4205 916 4247 esrum
937 4181 1149 4246 individuales.
1195 4183 1255 4260 Ita,
1271 4183 1297 4246 si
1312 4184 1381 4267 quis

277 4305 309 4368 in
325 4303 382 4366 boc
398 4299 461 4363 solo
476 4297 642 4383 principio:
667 4305 759 4361 totum
778 4304 822 4359 est
848 4297 943 4358 mulus
956 4304 1046 4377 parte
1061 4293 1175 4358 videret
1190 4293 1300 4378 pedem
1315 4315 1381 4360 esse
