3200 4975
267 304 333 365 350
666 324 708 367 ns
725 323 977 367 socrnsnrmus.
1218 302 1302 385 [car.
1320 322 1377 363 111.

270 486 439 551 formaliter
455 495 587 573 sumpta,
601 497 636 553 ut
650 509 743 573 supra
757 488 874 553 dietum
889 497 944 552 est.
989 488 1030 552 Et
1046 488 1088 552 sic
1098 488 1240 553 videntur
1254 487 1375 551 differre

270 597 369 683 specie
383 620 446 662 non
461 598 559 663 solum
575 598 735 663 carnalitas
750 608 781 663 et
804 598 1015 683 dependentia,
1030 599 1197 684 paternitas
1211 608 1242 664 et
1257 598 1374 675 filiatio,

269 710 430 775 minoritas
451 718 481 774 et
503 710 667 787 maioritas,
682 710 838 794 equalitas
860 720 891 776 et
910 711 1099 796 inaequalitas
1114 719 1182 791 etc,
1206 710 1239 773 in
1261 710 1375 795 quibus

270 822 506 886 fundamentum
532 822 731 886 materialiter
758 832 790 887 et
815 822 953 907 absolute
982 822 1064 886 idem
1090 832 1146 901 est,
1173 821 1227 886 sed
1255 822 1375 886 diverso

269 934 361 997 modo
376 932 510 996 fundans
518 960 528 1012 3
553 933 605 996 sed
621 934 713 997 etiam
727 933 855 997 fortasse
870 934 935 997 aliae
944 933 1049 997 multae
1064 932 1235 1012 relationes,
1243 956 1375 1017 quarum

269 1044 516 1123 fundamentum,
538 1045 610 1129 quia
635 1054 682 1110 est
705 1045 738 1109 in
763 1045 878 1110 diversa
898 1045 997 1129 specie
1020 1044 1166 1125 absolute,
1188 1067 1250 1109 non
1273 1053 1376 1131 potest

270 1156 381 1222 habere
404 1156 543 1221 eamdem
565 1157 716 1221 rationem
738 1157 899 1235 fundandi,
913 1156 985 1221 licet
1010 1156 1116 1220 relatio
1137 1178 1250 1220 nomen
1274 1179 1375 1220 unum

270 1268 418 1333 retineat:
441 1267 484 1332 sic
499 1268 669 1332 similitudo
687 1270 783 1354 patris
797 1268 837 1333 ad
857 1268 966 1347 filium,
981 1276 1012 1333 et
1028 1277 1137 1333 statuae
1152 1268 1190 1333 ad
1208 1269 1376 1347 hominem,

272 1380 415 1444 videntur
438 1402 503 1445 esse
524 1380 739 1445 similitudines
759 1381 983 1465 quodammodo
1006 1381 1131 1445 diversae
1151 1381 1279 1465 speciei:
1301 1382 1378 1445 item

272 1492 428 1577 aequalitas
451 1493 483 1556 in
507 1500 633 1570 statura,
656 1492 813 1577 aequalitas
835 1491 867 1555 in
886 1500 984 1570 aetate,
1000 1492 1156 1577 aequalitas
1177 1493 1211 1557 in
1232 1494 1357 1558 seientia
1367 1519 1377 1570 余

271 1605 342 1671 licet
369 1606 496 1669 fortasse
522 1604 630 1669 melius
655 1604 714 1668 dici
737 1604 834 1689 possit
860 1604 942 1687 quod
967 1626 1030 1667 non
1054 1604 1200 1667 differunt
1221 1604 1255 1668 in
1278 1606 1379 1689 specie

272 1718 438 1796 relationis,
454 1718 507 1781 sed
529 1725 652 1781 tantum
674 1715 707 1779 in
722 1716 938 1779 connotatione
960 1714 1102 1792 materiae,
1119 1714 1197 1779 sicut
1219 1714 1378 1779 differrent

274 1852 301 1893 v.
318 1852 364 1913 gr.
382 1829 499 1913 sphaera
513 1850 549 1893 ex
563 1827 675 1913 lapide,
691 1826 810 1912 sphaera
824 1850 860 1890 ex
882 1849 966 1906 auro,
982 1827 1100 1911 sphaera
1115 1849 1151 1891 ex
1168 1826 1276 1891 ebore:
1299 1828 1378 1890 ratio

273 1942 355 2003 enim
371 1941 497 2023 sphaerae
511 1939 667 2024 aequaliter
681 1948 818 2003 servatur
833 1939 892 2003 snb
907 1938 991 2003 omni
1006 1938 1141 2003 materia.

317 2052 417 2114 Dices.
442 2050 561 2115 Relatio
577 2051 777 2115 essentialiter
798 2063 845 2116 est
863 2059 1018 2135 respectus
1040 2060 1156 2115 ortusa
1176 2052 1379 2125 fundamento

274 2163 314 2226 ad
328 2162 515 2242 terminum余
539 2185 613 2245 ergo
626 2162 665 2227 ab
681 2171 811 2248 utroque
824 2163 956 2227 desumit
972 2164 1121 2248 speciem余
1145 2187 1163 2227 a
1177 2164 1378 2228 fundamento

274 2283 309 2339 ut
324 2298 342 2338 a
357 2296 457 2354 causa,
472 2297 491 2338 a
505 2274 637 2338 termino
651 2283 687 2337 ut
702 2274 740 2338 ab
751 2275 879 2360 eoquod
891 2284 1083 2340 connotatur.
1130 2276 1179 2339 Ita
1195 2276 1377 2339 Goudinius.

318 2386 500 2471 Respondeo
525 2408 603 2449 conc.
626 2394 688 2450 nat.
707 2388 776 2451 dist.
797 2409 875 2451 cons.
897 2387 1029 2451 desumit
1052 2388 1220 2471 speciema
1246 2387 1377 2452 termino

276 2498 471 2564 materialiter
497 2508 620 2583 sumpto
638 2521 669 2561 n.
689 2521 814 2577 cons.,a
836 2499 967 2564 termino
990 2499 1158 2564 formaliter
1183 2509 1315 2584 sumpto,
1342 2510 1378 2564 ut

275 2621 459 2678 connotatur
484 2611 515 2674 in
539 2611 740 2675 fundamento
765 2634 845 2675 conc.
861 2634 938 2675 cona.
983 2611 1074 2675 Ratio
1095 2611 1300 2676 distinctionis
1319 2619 1375 2690 est,

275 2725 348 2809 quia
377 2723 410 2787 id
438 2746 500 2808 quo
529 2722 678 2787 terminus
708 2721 907 2786 constituitur
935 2721 1077 2805 relativus
1102 2744 1166 2786 non
1195 2732 1242 2787 est
1268 2722 1378 2786 entitas

276 2835 420 2899 distincta
434 2834 555 2898 realiter
574 2834 612 2898 ab
628 2833 755 2898 entitate
776 2833 970 2898 fundamenti
987 2834 1155 2898 formaliter
1174 2835 1322 2918 spectati余
1344 2835 1377 2897 in

276 2947 476 3011 fundamento
498 2946 594 3030 igitur
617 2947 660 3010 sic
690 2955 825 3030 spectato
852 2945 1021 3010 includitur
1045 2954 1111 3011 tota
1136 2947 1214 3010 ratio
1244 2946 1376 3024 relativa,

276 3059 445 3123 secundnm
468 3081 560 3143 quarn
583 3058 746 3140 attingitur
769 3057 928 3121 terminus.
985 3056 1035 3121 Sic
1059 3058 1156 3122 dicere
1179 3058 1309 3122 formam
1332 3067 1379 3122 est

276 3179 440 3234 connotare
459 3171 627 3248 materiam,
654 3169 753 3233 dicere
772 3168 944 3253 passionem
970 3177 1017 3232 est
1040 3179 1204 3234 connotare
1227 3169 1377 3234 actionem

277 3290 334 3345 etc.
380 3282 534 3366 Sequitur,
552 3281 730 3346 relationem
753 3280 865 3344 habere
883 3280 1012 3364 speciem
1036 3281 1129 3345 etiam
1151 3305 1169 3346 a
1192 3283 1322 3346 termino
1345 3292 1379 3345 nt

277 3402 451 3456 conectatur
479 3396 510 3455 in
536 3394 749 3477 fundamento:
783 3377 876 3477 quare
910 3392 1038 3456 dicendo
1075 3393 1310 3458 fundamentum
1343 3401 1379 3456 ut

277 3503 523 3583 fundamentum,
536 3505 665 3569 dicimus
679 3514 780 3569 totum
792 3503 876 3588 quod
889 3504 1055 3588 requiritur
1070 3505 1109 3570 ad
1124 3527 1189 3569 esse
1203 3515 1234 3570 et
1249 3505 1379 3590 speciem

277 3614 441 3680 relationis.

322 3731 381 3791 54:
399 3725 555 3802 Quaritur
576 3735 670 3807 sexto,
682 3727 757 3790 aad
778 3727 945 3790 desternatur
966 3728 1116 3790 distinctio
1137 3729 1284 3790 nemeaea
1304 3727 1380 3791 relo-

280 3842 400 3904 tionum.

324 3950 515 4035 Respondeo,
527 3949 646 4013 desumi
659 3972 697 4014 ex
712 3949 907 4014 distinctione
922 3949 1078 4016 numerica
1092 3950 1361 4015 fundamentorum
1372 3976 1381 4028 3

280 4085 351 4125 nam
366 4064 477 4127 entitas
492 4063 647 4126 relationis
662 4072 708 4126 est
717 4063 830 4127 entitas
845 4066 894 4126 sui
908 4063 1119 4140 fundamenti3
1142 4063 1169 4127 si
1184 4087 1257 4148 ergo
1272 4064 1382 4128 funda-

279 4182 382 4237 menta
398 4197 526 4263 numero
549 4175 791 4257 distinguuntur,
808 4174 969 4239 relationes
988 4197 1115 4238 numero
1137 4174 1382 4259 distinguuntur.

279 4284 494 4348 Fundamenta
508 4307 577 4349 vero
592 4308 720 4350 numero
734 4286 978 4369 distinguuntur,
989 4286 1113 4371 quando
1128 4309 1192 4350 esse
1207 4286 1382 4352 absolutum
