3200 4975
272 372 313 435 18
579 389 622 433 nn
639 390 838 436 suasurus-ra
859 393 1059 438 sararruam.
1250 377 1337 460 [car.
1355 397 1378 440 1.

269 557 300 621 in
318 578 373 621 suo
389 555 518 620 termino
539 564 569 618 et
590 553 714 618 termini
736 554 769 617 in
794 577 849 620 suo
873 564 956 635 actu,
971 556 1127 622 vocabitur
1149 559 1323 624 terminatio
1345 560 1376 624 in

269 676 340 734 actu
370 667 514 733 secundo.
559 666 763 731 Advertemus
794 668 939 747 secundo,
969 669 1053 753 qnod
1080 669 1189 755 positis
1217 670 1251 735 in
1276 694 1379 737 rernm

269 760 379 846 natura
393 778 539 857 subiecto,
561 778 691 843 termino
706 786 737 843 ct
752 778 955 844 fundamento
970 781 1136 864 relationis,
1145 783 1331 862 immediate,
1347 792 1378 849 ct

271 892 336 957 sina
370 890 434 955 ullo
469 910 620 955 concursu
654 890 780 955 alterius
815 890 1037 978 cuiuscumque
1071 894 1217 975 cantatis,
1252 896 1379 960 resultat

269 1003 392 1068 relatio:
416 1012 447 1067 et
462 1002 505 1067 sic
519 1002 620 1087 posito
640 1002 673 1065 in
694 1026 796 1067 rerum
821 1013 931 1068 natura
953 1012 1024 1069 actn
1045 1015 1076 1070 ct
1098 1006 1229 1071 termino
1250 1029 1321 1071 cum
1343 1029 1379 1071 ea

271 1114 424 1199 exigentia
453 1112 672 1179 coinexistendi
701 1120 820 1193 mutua,
851 1116 978 1200 ponitur
999 1116 1032 1180 in
1054 1139 1156 1182 rerum
1180 1126 1292 1183 natura
1312 1119 1379 1203 ipsa

208 1304 214 1318 ·
270 1248 374 1292 eorum
405 1224 645 1302 coinexistentia‚
669 1204 770 1289 idest
793 1225 1066 1309 pradictarelatio
1095 1230 1378 1309 transcendentalis‚

269 1362 337 1425 quae
351 1349 398 1403 est
412 1338 515 1403 unitas
529 1336 610 1402 entis
629 1338 662 1401 in
684 1359 741 1401 suo
759 1360 825 1403 csse
846 1339 990 1424 completi
998 1366 1008 1419 3
1032 1363 1129 1426 quum
1148 1342 1231 1405 enim
1245 1352 1332 1407 actus
1346 1350 1377 1407 et

268 1452 418 1517 terminus
433 1450 607 1536 conspirent
622 1449 655 1515 in
670 1450 822 1515 unitatem
840 1450 1028 1533 substantiae,
1039 1452 1072 1518 id
1086 1454 1168 1538 qnod
1182 1476 1218 1518 ex
1233 1454 1288 1519 tali
1303 1477 1375 1519 con·

269 1564 434 1650 spiratione
449 1562 576 1627 resultat
592 1570 638 1627 cst
653 1562 756 1627 unitas
773 1562 962 1628 snbstantiae.
1007 1564 1100 1630 Unde
1113 1566 1206 1648 talam
1221 1567 1376 1651 conspira-

268 1677 385 1742 tionem
401 1674 578 1740 vocabimus
599 1675 859 1769 individnationcm
881 1677 913 1738 in
934 1684 1002 1740 acto
1017 1679 1134 1761 primo:
1157 1686 1188 1741 et
1210 1678 1375 1743 terminum

269 1790 470 1855 resultantem
485 1809 521 1852 cx
536 1786 761 1870 conspiratione
777 1788 1036 1851 individnationem
1050 1790 1082 1852 s'a
1096 1798 1164 1854 octo
1178 1792 1312 1868 secundo,
1324 1813 1379 1854 sen

267 1900 562 1967 individualitatcmr
586 1898 789 1963 substantiam
808 1921 878 1963 vero
900 1899 957 1965 hac
979 1900 1221 1966 individualitate
1244 1903 1376 1987 comple-

267 2014 332 2079 tam
354 2012 552 2089 individuam
575 2032 647 2074 nam
671 2009 844 2075 substantia
865 2010 899 2075 in
921 2034 953 2075 sc
974 2011 1104 2077 indivisa
1126 2022 1157 2078 ct
1177 2013 1215 2078 ab
1232 2013 1376 2079 omnibns

268 2126 336 2191 aliis
350 2125 447 2189 divisa
466 2132 512 2188 est
535 2122 739 2188 individuum.
785 2122 869 2187 Hinc
891 2122 990 2188 forma
1011 2125 1174 2190 materialis
1196 2126 1374 2210 conspirans

268 2258 339 2302 cnm
355 2235 481 2299 materia
495 2234 527 2298 in
548 2234 699 2298 unitatem
723 2232 901 2299 substantiae
923 2233 1016 2300 habet
1036 2259 1069 2300 se
1087 2249 1243 2323 tamquam
1260 2240 1375 2321 princi·

263 2352 348 2432 pium
364 2346 492 2431 formale
507 2347 594 2429 qaod,
614 2368 669 2410 seu
691 2353 856 2425 remotum,
877 2346 1146 2413 individnationis:
1168 2349 1234 2433 ipsa
1255 2350 1377 2435 conspi-

155 2525 158 2532 ,
269 2460 348 2524 ratio
362 2456 455 2522 habet
471 2479 503 2522 se
522 2464 680 2544 tamquam
696 2460 879 2543 prinupiom
892 2461 1023 2544 sonnolc
1042 2482 1108 2545 quo,
1124 2482 1178 2526 seu
1193 2462 1377 2547 proximum,

268 2584 299 2638 et
321 2570 587 2636 determinativum
617 2570 813 2636 individualis
842 2571 989 2637 unitatis:
1019 2574 1121 2637 unitas
1141 2596 1210 2638 vero
1238 2575 1272 2638 in
1302 2575 1375 2640 sub-

267 2683 380 2749 stantia
394 2681 546 2747 resultans
562 2690 609 2747 est
623 2683 690 2767 ipsa
703 2683 915 2749 individnatio.
962 2684 1061 2748 Simili
1076 2685 1167 2749 modo
1178 2695 1264 2750 actus
1282 2686 1375 2751 intel-

266 2797 394 2863 lectivus
423 2795 600 2879 conspirans
630 2817 700 2858 cnm
730 2816 786 2859 suo
815 2795 949 2859 termino
977 2795 1133 2859 intellecto
1161 2796 1194 2860 in
1220 2798 1371 2862 unitatem

266 2910 402 2995 spiritus,
417 2905 509 2972 habet
525 2930 557 2972 sc
577 2915 735 2993 tamquam
751 2909 935 2990 principium
950 2907 1080 2991 formale
1099 2909 1185 2991 quod,
1205 2931 1259 2974 seu
1273 2931 1372 2974 remo·

158 3023 160 3027 ’
265 3029 332 3087 tum
356 3018 623 3084 individnationis:
647 3019 833 3103 conspiratio
855 3019 922 3104 ipsa
943 3019 1102 3105 utriusque
1125 3018 1218 3084 habet
1241 3043 1273 3084 se
1293 3030 1372 3086 tam-

265 3155 357 3219 quam
367 3133 549 3217 prinopium
557 3131 687 3215 formale
702 3143 768 3214 quo,
785 3152 840 3194 sen
854 3130 1028 3215 proximum
1042 3137 1073 3195 et
1088 3131 1371 3199 determinativum:

262 3245 397 3310 unicitas
412 3251 488 3308 ver'o'
498 3242 609 3306 amoris
623 3241 806 3306 resultantis
820 3241 937 3306 habens
956 3243 1105 3307 rationem
1122 3242 1223 3305 ultimi
1238 3233 1371 3327 comple-

264 3357 363 3421 menti
392 3354 611 3430 substantialis,
634 3361 680 3417 est
702 3353 768 3436 ipsa
790 3351 1003 3419 individnatio.
1050 3355 1149 3439 Atque
1178 3353 1242 3417 hacc
1265 3358 1371 3421 omnia

264 3466 437 3534 confirmari
452 3473 576 3550 possent
592 3485 627 3528 ex
642 3485 678 3528 eo
693 3463 892 3549 quodenset
910 3487 1007 3530 unum
1027 3473 1264 3530 convertuntur:
1286 3469 1371 3533 unde

263 3580 355 3645 etiam
377 3577 489 3643 entitas
511 3586 542 3641 et
565 3576 667 3640 unitas
696 3585 925 3641 convertuntur.
970 3577 1053 3662 Ergo
1082 3599 1143 3662 qno
1171 3579 1371 3646 constituitur

263 3692 386 3768 entitas,
410 3670 445 3755 co
467 3687 673 3752 constituitur·
695 3687 798 3751 unitas
821 3689 910 3752 entis.
957 3687 1018 3752 Sed
1038 3690 1151 3753 entitas
1172 3693 1371 3757 constituitur
1391 3747 1394 3750 .

262 3827 317 3890 per
336 3803 591 3887 conspirationem
613 3798 700 3865 attus
709 3821 789 3865 'cum
809 3801 941 3864 termino
956 3800 995 3865 ad
1010 3801 1269 3868 coinexistendum
1283 3813 1315 3868 ‘et
1330 3804 1370 3869 ad

262 3939 294 3981 se
308 3925 417 3980 mutuo
436 3912 642 3998 complendos.
660 3933 664 3949 ²
685 3911 772 3996 drgo
788 3919 820 3975 et
835 3912 938 3976 unitas
958 3912 1038 3976 entis
1060 3935 1114 3998 per
1136 3915 1274 3979 eamdem
1296 3939 1369 3981 con·

262 4029 459 4114 spirationem
475 4026 633 4090 &dicitius

307 4144 358 4205 19.
381 4139 428 4202 Ex
440 4135 496 4200 his·
505 4120 653 4221 sequitur,
669 4134 869 4219 quaestionem
885 4133 922 4198 de
937 4134 1177 4201 individnatione
1192 4137 1371 4205 snbstantias

261 4252 322 4315 sive
334 4247 508 4325 materialis,
521 4230 584 4310 site
594 4231 775 4331 spiritualis,
787 4244 875 4309 focile
889 4244 950 4309 iam
965 4244 1074 4309 resolvi
1090 4268 1187 4330 posse,
1200 4250 1367 4333 etquidem

259 4360 365 4424 eadem
381 4356 531 4421 solutione
546 4378 601 4440 pro
622 4364 751 4439 utraque
772 4352 953 4418 substantia.
999 4354 1080 4418 Nam
1094 4378 1150 4440 per
1165 4356 1241 4422 illnd
1256 4359 1368 4425 indivi-
