3200 4975
204 403 277 448 car.
294 383 350 468 ru]
652 403 695 448 ns
713 403 859 450 nonnus.
1249 387 1313 457 227

204 568 271 633 eius
287 566 462 632 libertatem
483 563 642 649 formalem
664 565 749 649 (licet
768 565 936 652 aliquando
955 567 996 632 sit
1013 567 1108 634 libera
1122 569 1154 634 in
1170 591 1269 653 causa,
1286 576 1312 639 si

203 697 315 764 nempe
328 678 422 744 homo
437 679 571 744 advertet
591 676 686 743 talem
704 695 828 743 caumm
848 677 1023 744 habituram
1042 677 1136 747 talem
1158 683 1309 765 effectum,

203 797 235 855 et
248 790 449 856 nihilominus
464 808 587 855 causam
601 811 665 855 non
679 788 778 870 tollat,
793 809 892 878 quum
907 791 1029 876 possit),
1044 801 1076 858 et
1090 801 1167 860 tunc
1187 803 1309 861 tantum

203 903 319 968 censeri
343 901 511 968 formaliter
532 909 564 967 et
590 901 711 987 proprie
735 901 873 983 liberam,
897 903 1023 989 quando
1045 905 1187 972 voluntas
1207 911 1309 992 posite

204 1016 383 1079 adverteutia
398 1013 437 1078 ad
450 1013 544 1078 talem
559 1013 822 1099 complacentiam,
838 1023 940 1079 manet
954 1013 987 1079 in
1002 1038 1047 1096 ea,
1064 1015 1138 1082 dum
1153 1026 1254 1103 potest
1269 1019 1308 1083 ab

203 1134 435 1191 cascavertere.
473 1120 704 1204 Concludimus,
715 1124 863 1190 iudicium
876 1125 1043 1210 practicam
1055 1148 1118 1192 uon
1129 1150 1195 1194 csse
1206 1129 1307 1214 ipsum

204 1246 307 1303 actum
332 1236 486 1303 volitionis
510 1235 679 1300 formaliter
704 1235 816 1316 libers,
842 1245 874 1301 et
900 1236 1000 1322 posito
1025 1237 1138 1304 iudicio
1163 1241 1307 1326 practico,

204 1348 324 1414 etiamsi
334 1347 367 1412 in
378 1371 414 1413 eo
424 1346 600 1413 includatur
609 1346 831 1433 complacentia
840 1347 940 1432 prima
956 1342 994 1412 de
1007 1348 1126 1415 obiecto
1140 1352 1307 1438 proposito,

204 1460 344 1539 nondum
357 1459 463 1525 haberi
476 1459 537 1523 nisi
550 1457 706 1523 materiale
720 1458 875 1525 volitionis
889 1457 1001 1524 liberte.

247 1575 302 1637 68.
323 1572 433 1658 Itaque
453 1580 539 1637 actus
558 1571 690 1637 directus
710 1571 937 1666 complacentia
957 1571 1104 1637 naturalis
1119 1589 1307 1660 consequens

203 1682 351 1748 iudicium
374 1683 542 1768 practicum
568 1681 740 1768 completur
764 1683 798 1746 in
823 1704 889 1747 esse
908 1690 994 1747 actus
1014 1677 1131 1748 volitivi
1149 1683 1237 1750 liberi
1254 1706 1308 1771 per

204 1793 546 1859 liberamadhaesionem
558 1793 736 1858 voluntatis.
775 1793 851 1858 Haec
866 1800 969 1858 tamen
978 1791 1309 1862 sdhaesiotaoclacdetur

204 1909 364 1971 Messenio
380 1928 438 1991 per
453 1929 558 1970 nomm
577 1913 674 1969 uotum
687 1905 848 1990 positivum
857 1929 867 1984 3
890 1905 1001 1970 sufficit
1021 1905 1104 1970 enim
1122 1906 1162 1971 ad
1180 1907 1307 1974 liberam

205 2018 419 2098 adhaesionem,
429 2025 465 2083 ut
475 2016 659 2082 voluntasin
670 2025 742 2081 actu
752 2024 923 2102 spontaneo
937 2017 998 2080 iam
1014 2017 1115 2102 posito
1130 2018 1310 2104 simpliciter

205 2131 410 2216 conquiescat,
424 2129 500 2194 dum
515 2128 608 2193 talem
621 2136 725 2193 actum
741 2127 880 2208 advertit,
896 2135 928 2192 et
942 2127 1017 2192 dum
1032 2127 1124 2194 habet
1138 2131 1307 2215 potentiam

205 2242 377 2327 expeditam
402 2241 441 2306 ad
464 2241 649 2326 oppositum.
693 2239 736 2304 llt
759 2240 803 2304 sic
826 2260 890 2304 non
914 2247 960 2303 est
984 2240 1182 2325 quaerendum
1208 2265 1227 2307 a
1251 2264 1308 2328 pao

205 2362 354 2419 assecutae·
367 2355 502 2418 coluntur
515 2353 656 2416 adlidere
677 2352 898 2430 eddoermdumr
924 2350 982 2417 hoc
1003 2353 1087 2418 enirn
1109 2361 1185 2418 tunc
1207 2354 1308 2418 solum

205 2467 300 2554 quaeri
313 2474 426 2553 posset,
438 2464 464 2530 si
479 2463 611 2529 adhoeslo
625 2462 721 2528 libera
732 2472 815 2528 esset
829 2464 949 2549 quidam
959 2472 1071 2545 motas,
1093 2483 1190 2552 quum
1205 2475 1309 2532 autem

206 2580 246 2644 ait
261 2580 390 2664 praedm
405 2576 662 2663 qaicsvoluutatis
676 2574 709 2638 in
723 2596 780 2639 suo
795 2583 877 2655 actu,
889 2584 1025 2661 apparet,
1036 2598 1099 2641 uon
1114 2595 1203 2663 posse
1214 2580 1309 2664 quaeri

206 2710 226 2757 o
247 2710 304 2777 qao
325 2698 475 2755 moueatur
493 2688 629 2753 uolumus
649 2688 690 2752 ad
709 2688 927 2772 quiescendum,
951 2687 1025 2773 quia
1045 2688 1141 2753 motio
1158 2710 1221 2754 non
1239 2710 1310 2775 pro·

208 2802 294 2867 ducit
307 2802 452 2887 quietem.

251 2914 388 2979 Assertio
403 2920 489 2999 patet
502 2930 539 2977 ex
553 2910 644 2976 dictis
658 2932 689 2975 n.
706 2928 807 2995 prun,
821 2920 854 2974 et
869 2908 1040 2974 confirmari
1058 2918 1167 2995 potest,
1177 2932 1214 2976 ss
1227 2932 1310 2977 cona-

208 3026 296 3091 muni
323 3046 385 3091 usu
408 3024 565 3111 loquendi,
588 3042 649 3110 quo
669 3021 802 3087 dicimus
824 3020 1013 3087 voluntatem
1035 3020 1129 3087 libere
1150 3027 1312 3089 comaclim

209 3138 273 3204 suis
294 3138 423 3203 actibus.
468 3137 551 3202 Nam
572 3134 745 3201 consentire
766 3133 936 3199 formaliter
964 3142 1132 3219 acceptum,
1162 3132 1215 3200 seu
1245 3158 1311 3201 esse

137 3298 139 3303 ,
208 3251 460 3331 consentientem,
474 3270 538 3314 nou
553 3248 704 3333 significat
719 3246 758 3311 do
771 3263 851 3311 novo
866 3266 965 3330 agere,
981 3245 1037 3311 sed
1050 3266 1116 3311 esse
1134 3248 1217 3312 actui
1238 3270 1311 3313 cou-
1363 3290 1371 3303 ·

208 3360 384 3429 cordanteur
393 3387 403 3442 3
426 3360 579 3447 significat
599 3359 683 3424 enim
704 3357 841 3444 quietem
863 3356 1027 3445 quamdam
1046 3358 1079 3422 in
1094 3379 1130 3424 so
1145 3356 1228 3445 quod
1242 3382 1311 3424 sen-

208 3477 287 3541 titur
311 3475 345 3539 in
370 3474 502 3553 affectu,
532 3472 615 3537 unde
636 3471 731 3536 homo
754 3491 818 3535 uon
842 3469 961 3535 dicitur
977 3474 1140 3537 comentes
1164 3472 1311 3556 effaetum,

208 3587 292 3673 quod
316 3570 494 3651 cannones
516 3592 619 3649 utum
643 3582 677 3647 in
704 3591 796 3662 recto,
816 3582 871 3647 sed
896 3584 1056 3647 emutire
1079 3583 1208 3667 affectet,
1227 3586 1312 3670 qaod

209 3705 355 3763 connotat
366 3705 469 3762 actum
477 3696 511 3760 iu
519 3693 645 3781 obliquo
654 3702 789 3775 tantum,
799 3694 889 3780 quasi
898 3693 1036 3760 dicaturt
1050 3696 1194 3761 mittente
1203 3698 1319 3781 effectu,

210 3813 242 3875 ἐπ
260 3818 337 3889 cetu,
352 3812 436 3873 domo
455 3808 501 3872 itta·
519 3809 601 3872 actui
618 3808 762 3871 eorumtit
783 3808 815 3869 a'rt
834 3826 867 3870 eo
887 3806 1024 3871 cistmdo.
1070 3802 1217 3871 Similiter
1241 3826 1312 3873 con·

210 3940 318 3988 sensus
331 3919 535 3986 communiter
548 3933 612 3983 nou
626 3914 739 3982 dicitur
748 3918 883 4003 modurn,
899 3916 953 3981 aed
966 3918 1033 3981 ἄση·
1047 3934 1101 3981 scu
1116 3918 1258 3984 concedi:
1280 3929 1312 3984 et

210 4033 281 4099 licet
297 4030 473 4118 philosophi
489 4029 656 4115 aliquando
677 4028 781 4093 dicant
795 4030 899 4094 elicere
913 4046 1090 4107 ammaum,
1105 4028 1184 4093 nihil
1198 4029 1312 4112 refert5

210 4166 283 4210 narn
296 4150 329 4209 et
342 4141 518 4229 philosophi
532 4141 565 4205 in
578 4139 670 4206 rebus
684 4140 859 4205 difficilibus
874 4136 1004 4203 nimium
1018 4134 1195 4205 recedentes
1214 4140 1313 4206 anile

211 4258 278 4344 gari
291 4256 383 4322 modo
396 4254 543 4341 loquendi
555 4254 622 4340 (qui
637 4240 763 4319 sensum
777 4270 973 4318 communem
988 4252 1196 4339 consequitur)
1209 4252 1314 4319 minus

210 4376 292 4435 recte
308 4368 479 4454 loquuntur
497 4364 676 4445 identidem,
700 4384 793 4450 quam
814 4361 944 4447 vulgus:
971 4370 1002 4426 et
1020 4370 1164 4447 premes
1181 4364 1247 4450 ipsa
1264 4385 1316 4430 era

1087 4479 1143 4547 αἳ
