3200 4975
279 370 346 435 266
724 394 767 437 ua
784 394 931 439 nonina.
1222 374 1309 460 [cur.
1329 396 1385 440 111.

325 560 398 623 105.
423 556 579 636 Quantus
601 558 839 646 decimoquarto,
863 564 1004 647 qaonwda
1027 564 1163 647 acquirat
1185 564 1268 627 bom
1291 563 1386 627 ideam

279 672 355 735 entia
369 670 595 738 indeterminati.

322 782 514 868 Respondes,
529 806 584 868 per
605 783 841 850 abstractionem
862 785 1059 871 praecisiram,
1076 808 1130 851 seu
1152 808 1208 871 per
1222 784 1384 870 positivam

278 890 482 959 exclusionem
494 894 622 960 aliarum
633 896 788 962 rationum
800 897 1070 963 determinantium
1083 919 1138 962 ans
1148 898 1187 962 de
1197 919 1259 983 qno
1270 897 1385 982 agitur.

279 1005 362 1069 Nam
385 1006 510 1091 quando
534 1006 632 1074 babeo
657 1008 757 1074 ideam
783 1010 865 1075 entis
889 1008 1092 1091 determinati,
1120 1033 1148 1075 v.
1176 1032 1223 1095 gr.
1249 1009 1385 1074 hominis

278 1117 377 1195 iatius,
391 1126 422 1183 et
444 1118 578 1203 percipio
598 1119 632 1184 in
653 1143 691 1186 eo
712 1121 862 1187 rationem
886 1121 1028 1187 animalis
1049 1122 1216 1201 rationalis,
1233 1121 1332 1207 qualis
1349 1120 1384 1184 in

278 1228 345 1313 ipso
367 1237 415 1293 est
438 1230 482 1313 (n.
507 1231 637 1316 104),si
657 1231 718 1296 iam
741 1232 832 1300 unice
853 1231 933 1297 hanc
953 1232 1103 1297 rationem
1118 1232 1286 1312 attendam,
1302 1231 1382 1296 sieut

278 1338 356 1403 bene
369 1360 495 1425 possum
513 1342 596 1424 (nam
616 1340 885 1408 determinationes
907 1343 975 1409 aliae
996 1342 1208 1422 individualcs,
1224 1364 1295 1407 cum
1312 1342 1382 1427 qni-

278 1449 338 1515 bus
358 1472 426 1515 eam
448 1452 652 1537 apprehendo,
673 1475 736 1517 non
760 1464 835 1518 sunt
857 1454 1091 1519 constitutivum
1115 1454 1329 1534 humanitatis,
1350 1464 1383 1517 et

278 1561 366 1627 video
380 1562 603 1629 humanitatem
619 1587 689 1630 eum
705 1565 831 1631 disemis
849 1566 1158 1633 determinationibus
1177 1565 1328 1632 eiusmodi
1348 1566 1383 1629 in

278 1674 406 1741 diversis
419 1676 620 1759 hominibus),
635 1686 666 1742 et
681 1687 815 1763 spectem
830 1702 897 1744 eam
913 1701 975 1743 non
991 1688 1027 1743 ut
1046 1688 1093 1743 est
1112 1680 1145 1743 in
1166 1678 1225 1743 hoo
1247 1679 1382 1757 homine,

279 1784 333 1851 sed
357 1796 394 1852 ut
419 1787 621 1873 intelligibilis
645 1798 692 1855 est
717 1790 836 1855 ratione
859 1791 906 1855 sui
927 1790 1030 1871 solius,
1047 1790 1178 1855 exclusis
1198 1790 1265 1854 aliis
1284 1790 1383 1854 deter-

278 1898 498 1964 minationibus
512 1900 764 1985 qnibuacnmque,
777 1900 942 1980 obiectum,
957 1902 1039 1987 quod
1056 1910 1159 1967 mente
1173 1901 1308 1979 versabo,
1324 1900 1383 1964 erit

277 2009 559 2092 indeterminatum,
574 2019 615 2091 et,
632 2021 667 2078 ut
689 2012 741 2092 sie,
757 2014 816 2078 erit
838 2014 1015 2079 humanitas
1036 2036 1100 2078 non
1122 2014 1216 2078 huius
1238 2012 1381 2091 bominis,

278 2120 332 2186 sed
346 2120 522 2187 humanitas
537 2122 724 2208 simpliciter.

236 2254 243 2263 ·
323 2232 398 2298 Haec
418 2232 486 2299 idea
504 2234 737 2300 indeterminata
756 2236 869 2301 dicitur
883 2238 1065 2317 animantia,
1078 2234 1151 2321 quia
1165 2258 1201 2301 eo
1216 2236 1283 2320 ipso
1297 2234 1382 2320 quod

278 2352 474 2429 repraesentat
499 2346 662 2426 obiectum,
682 2356 719 2411 ut
745 2357 918 2432 separatum
943 2370 962 2413 a
985 2346 1301 2425 determinationibus,
1325 2344 1383 2409 sub

278 2456 391 2542 quibus
404 2456 464 2522 fuit
479 2457 579 2543 primo
594 2458 829 2543 apprehensum,
841 2469 1039 2547 repraesentat
1050 2460 1131 2525 ‘illud
1146 2469 1182 2525 nt
1196 2459 1229 2524 in
1244 2458 1382 2545 potentia

277 2569 317 2634 ad
331 2571 444 2635 multas
459 2571 743 2637 determinationes:
766 2594 845 2658 quae,
861 2595 958 2658 quum
973 2572 1187 2657 concipiantur
1202 2571 1328 2637 dirersae
1349 2569 1383 2633 in

279 2681 405 2747 diversis
426 2681 601 2763 individuis,
617 2683 669 2748 illa
690 2683 760 2748 idea
780 2683 1011 2768 repraesentabit
1032 2707 1122 2748 naam
1144 2682 1272 2769 aliquid,
1286 2705 1314 2747 v.
1334 2704 1382 2767 gr.

278 2794 511 2876 humanitatem,
528 2796 609 2859 utin
625 2795 762 2880 potentia
781 2796 823 2859 ad
839 2796 968 2860 diversae
989 2797 1254 2860 determinationes.
1299 2793 1383 2877 Ergo

278 2913 360 2970 reate
388 2917 513 2991 propter
541 2906 755 2971 habitudinem
784 2907 864 2972 hanc
893 2909 979 2972 anina
1008 2907 1049 2972 od
1076 2909 1189 2971 diversa
1218 2914 1383 2990 conceptus

278 3016 490 3098 humanitatis,
505 3026 542 3082 ut
564 3019 617 3097 sic,
633 3018 745 3084 dieitur
766 3020 963 3084 nni-amanlis.
1008 3019 1112 3104 Atque
1133 3017 1217 3083 idem
1241 3017 1323 3082 dicas
1345 3017 1384 3080 de

278 3129 346 3194 aliis
367 3129 453 3210 ideis,
469 3130 591 3214 quando
613 3141 778 3217 conceptus
799 3131 836 3194 fit
857 3129 1035 3195 universalis
1056 3153 1111 3215 per
1133 3129 1340 3215 praecisionem
1364 3150 1382 3191 a

279 3241 450 3307 differentia
471 3243 610 3328 specifica
623 3242 670 3307 vel
692 3265 710 3306 a
731 3265 843 3327 genem
857 3242 1005 3327 proximo,
1021 3243 1117 3307 donee
1132 3241 1327 3326 perveniatur
1343 3238 1383 3304 ad

278 3354 377 3419 ideam
400 3355 579 3421 substantiae
599 3355 632 3418 in
654 3353 911 3439 maerentque
933 3363 980 3419 est
1001 3353 1141 3418 omnium
1160 3351 1298 3418 idearum
1313 3351 1383 3416 uni·

279 3465 490 3546 versaliasirna,
502 3476 537 3531 ut
551 3489 589 3531 eu
599 3464 798 3551 sequentibus
812 3465 939 3551 patebit.

324 3577 397 3640 106.
419 3576 523 3662 Atque
547 3577 598 3641 bie
620 3577 709 3662 plura
734 3576 871 3640 notanda
897 3584 981 3640 sunt.
1026 3575 1139 3654 Primo,
1167 3573 1251 3660 quod
1279 3573 1383 3659 plures

279 3686 453 3774 philosophi
473 3687 622 3754 rationem
644 3688 890 3774 cognoscibilem,
906 3696 1036 3773 quaeest
1051 3686 1205 3752 obiectum
1221 3685 1296 3750 ideoe
1310 3685 1383 3749 sim-

277 3799 350 3886 plici
369 3799 572 3865 abstractione
591 3800 735 3880 obtentae,
749 3807 932 3865 vocaverunt
946 3799 1109 3864 uniuersale
1123 3800 1274 3877 diaetam,
1289 3797 1383 3860 ratio·

278 3934 350 3976 nem
364 3933 436 3978 vero
449 3911 586 3978 eamdem
601 3919 637 3975 ut
651 3919 697 3976 est
712 3911 866 3977 obiectum
880 3911 956 3976 ideae
973 3933 1028 3997 per
1049 3909 1283 3976 abstractionem
1304 3931 1381 3993 prae-

278 4022 401 4088 eisivam
415 4024 549 4089 obtentae
562 4032 744 4090 vocavenmt
758 4024 920 4089 naiaasnle
933 4024 1083 4107 rqteaam,
1098 4023 1169 4089 licet
1185 4045 1248 4088 uon
1271 4044 1381 4086 omnes

278 4135 311 4198 in
334 4135 424 4200 modo
446 4135 592 4221 loquendi
614 4135 797 4201 concordent
820 4136 859 4200 ob
882 4135 1014 4201 diversas
1037 4135 1215 4221 opiniones:
1238 4134 1291 4200 alii
1312 4154 1383 4199 vero

278 4245 364 4310 nulla
379 4247 572 4312 distinctione
586 4256 727 4312 utuntur.
751 4247 917 4312 Distinetio
933 4247 984 4312 illa
999 4256 1045 4311 est
1059 4247 1260 4312 nihilominus
1276 4267 1379 4311 neces·

279 4358 366 4437 saria,
377 4368 413 4422 nt
427 4381 464 4422 cx
478 4358 630 4443 praedictis
645 4367 784 4424 constat:
806 4367 846 4439 et,
858 4359 1024 4424 dummodo
1036 4360 1225 4444 explicentur
1240 4356 1383 4424 eonveni-
