3200 4975
218 381 293 425 car.
310 360 383 445 111.]
678 384 721 426 nn
738 383 885 427 nostrus.
1259 363 1321 427 281

261 547 414 612 Caeterum
429 548 521 613 etiam
537 546 720 612 desiderium
736 571 857 634 semper
871 548 993 613 vivendi
1006 558 1052 613 est
1067 548 1215 613 indicium
1231 558 1321 613 natu·

217 660 279 723 rale
298 659 538 725 immortalitatis
557 660 676 740 animae,
691 682 759 746 quae
778 683 876 746 quum
897 661 997 726 videat
1016 684 1126 745 corpus
1146 684 1237 725 suum
1258 680 1324 725 esse

217 770 423 855 corruptibile,
446 769 508 833 nisi
537 792 568 834 se
597 780 735 835 nosceret
764 772 957 858 sempiternae
981 772 1148 837 existentiae
1170 794 1322 856 capacem,

217 902 280 944 non
302 890 405 965 posset
428 880 483 945 tali
505 880 654 945 desiderio
674 881 782 960 teneri,
805 889 836 945 et
854 904 917 945 non
939 882 1038 967 magis
1058 890 1181 967 cuperet
1204 904 1324 967 semper

217 995 325 1073 vivere,
341 1016 434 1079 qnam
449 993 512 1058 frui
526 993 663 1079 quolibet
677 993 870 1079 impossibili.

261 1106 360 1168 Dices.
389 1103 492 1181 Quare
509 1126 583 1189 ergo
602 1104 748 1169 timemus
769 1105 928 1169 mortem?
974 1105 1009 1169 Si
1029 1105 1112 1169 enim
1128 1105 1230 1170 anima
1244 1114 1324 1169 esset

217 1215 409 1295 immortalis,
425 1215 502 1280 solvi
516 1224 641 1300 cuperet
654 1237 673 1279 a
687 1238 823 1301 corpore,
838 1224 874 1280 ut
889 1215 1022 1281 nobilius
1037 1216 1160 1281 viveret.

262 1327 454 1412 Respondeo,
470 1350 526 1392 nos
541 1335 671 1393 mortem
689 1328 798 1392 timere
821 1331 854 1391 1⁰
874 1327 1004 1412 quiade
1024 1328 1128 1392 futura
1149 1336 1229 1393 sorte
1249 1327 1324 1391 certi

218 1462 280 1502 non
304 1461 430 1503 sumus:
453 1441 490 1502 2⁰
511 1438 584 1524 quia
602 1438 691 1502 bonis
708 1438 909 1523 praesentibus
924 1439 1022 1523 magis
1038 1461 1132 1524 qnam
1147 1438 1324 1504 absentibus

219 1573 385 1615 movemur.
432 1549 492 1614 Sed
515 1550 571 1635 qni
597 1549 673 1614 bene
699 1572 731 1613 se
753 1549 897 1614 ordinant
921 1550 959 1614 ad
983 1551 1086 1630 finem,
1107 1563 1238 1615 mortem
1259 1573 1323 1615 non

211 1662 339 1740 timent,
364 1662 419 1725 sed
444 1664 565 1748 eupiunt
588 1663 715 1742 dissolvi,
739 1670 776 1726 ut
802 1661 900 1727 aiebat
925 1662 963 1727 de
989 1686 1022 1727 se
1048 1665 1080 1729 S.
1107 1663 1240 1729 Paulus:
1271 1664 1324 1750 qui

219 1785 322 1839 autem
351 1776 496 1840 virtutem
527 1783 740 1855 contemnunt,
770 1799 832 1861 qua
861 1777 924 1841 sola
954 1777 1046 1842 homo
1075 1778 1115 1842 ad
1148 1777 1323 1843 felicitatem

220 1887 350 1968 ducitur,
365 1887 444 1951 nihil
458 1888 557 1973 magis
571 1911 664 1973 quam
679 1897 809 1953 mortem
823 1889 960 1967 horrent,
977 1890 1091 1975 quippe
1112 1912 1206 1974 quam
1226 1890 1324 1955 sciant

219 2009 250 2063 et
265 2000 345 2063 bona
358 1999 520 2085 praesentia
533 1999 714 2080 ablaturum,
729 2001 815 2067 etad
830 2001 910 2065 mala
925 2009 1072 2087 perpetua
1087 2002 1297 2067 deducturum.

265 2113 336 2175 115.
364 2112 490 2176 Obiieies
504 2113 548 2177 2⁰.
572 2112 694 2191 Anima,
712 2111 783 2177 licet
810 2112 947 2197 simplex,
969 2113 1067 2198 perire
1084 2122 1195 2199 potest.
1242 2113 1324 2178 Nam

220 2222 291 2286 licet
312 2246 375 2286 non
394 2223 504 2287 habeat
524 2231 627 2308 partes
640 2224 820 2304 extensivas,
836 2225 929 2290 habet
943 2234 1047 2290 tamen
1063 2224 1177 2310 gradus
1191 2224 1324 2304 virtutis,

220 2336 273 2419 qui
297 2335 414 2400 faciunt
441 2336 646 2421 quantitatem
668 2336 861 2401 intensivam.
909 2336 970 2402 Sed
997 2336 1030 2401 hi
1055 2336 1169 2420 gradus
1194 2344 1325 2421 possunt

220 2471 338 2534 semper
352 2449 460 2514 minui.
506 2448 590 2533 Ergo
604 2448 707 2513 anima
719 2470 775 2535 per
789 2447 906 2514 lentam
920 2449 1044 2515 virtutis
1058 2448 1269 2514 remissionem
1285 2447 1325 2512 ad

220 2561 352 2627 nihilum
366 2561 499 2640 virtutis,
515 2583 568 2625 seu
584 2561 730 2625 realitatis
745 2561 886 2642 devenire
902 2569 1015 2646 potest.
1061 2560 1112 2625 Ita
1127 2562 1189 2624 fere
1205 2561 1303 2625 Kant.

265 2673 447 2758 Respondeo
466 2697 530 2758 nep.
546 2681 608 2738 ant.
629 2673 669 2737 ad
691 2672 811 2758 probat.
827 2675 896 2738 dist.
912 2675 961 2738 M.
982 2673 1036 2758 qui
1059 2673 1176 2738 faciunt
1202 2672 1325 2757 quanti-

221 2793 316 2848 tatem
336 2785 520 2848 intensivum
540 2784 720 2849 substantiae
734 2809 760 2849 c.
775 2787 836 2863 M,
852 2785 907 2871 qui
927 2786 1045 2850 faciunt
1060 2784 1263 2869 quantitatem
1278 2783 1325 2846 in-

221 2896 371 2960 tensivum
384 2894 611 2974 accidentalem,
620 2918 650 2960 v.
666 2918 713 2980 gr.
729 2905 765 2960 ut
779 2896 894 2980 gradus
908 2896 1084 2976 velocitatis,
1100 2918 1130 2960 ιι.
1146 2897 1196 2988 Μ,
1213 2904 1243 2958 et
1259 2918 1326 2959 con-

222 3009 408 3072 tradr'stinctc
426 3009 496 3071 min.
515 3029 545 3071 ιι.
567 3029 645 3072 cons.
692 3006 856 3083 Quantitas
876 3008 1027 3072 intensiva
1041 3029 1110 3093 quae
1124 3015 1171 3071 est
1187 3005 1326 3071 accidens

221 3119 358 3198 alicuius,
384 3143 413 3183 v.
432 3141 479 3203 gr.
498 3118 640 3191 velocitas
665 3127 778 3198 motus,
803 3119 908 3204 augeri
934 3127 1035 3204 potest
1061 3128 1092 3183 et
1118 3118 1227 3196 minui,
1254 3118 1327 3203 quia

220 3231 313 3295 babet
336 3231 507 3295 subiectum
530 3227 649 3315 in‘quo
675 3230 831 3315 recipitur,
854 3239 885 3294 et
911 3233 1097 3294 contrarium
1122 3253 1141 3293 a
1166 3251 1227 3314 quo
1253 3229 1326 3293 elidi

219 3351 331 3427 potest.
378 3343 439 3406 Sed
461 3341 616 3427 quantitas
638 3341 790 3406 intensiva
811 3364 879 3426 quae
901 3364 964 3406 non
987 3342 1087 3406 estin
1111 3340 1257 3421 subiecto,
1273 3342 1327 3407 sed

220 3464 267 3518 est
281 3455 348 3539 ipsa
362 3455 482 3519 realitas
498 3453 688 3532 substantiae,
703 3453 875 3518 nonhabet
890 3453 1076 3518 contrarium
1100 3477 1117 3518 a
1142 3476 1204 3539 quo
1230 3453 1327 3538 possit

219 3567 379 3652 paullatim
402 3566 540 3630 consumi
549 3593 558 3645 3
581 3588 655 3629 nam
678 3565 850 3630 substantia
865 3565 1068 3629 substantiam
1084 3588 1145 3630 non
1161 3565 1279 3649 recipit,
1296 3574 1327 3628 et

220 3678 306 3742 nulla
329 3679 500 3744 substantia
524 3685 624 3742 creata
646 3678 788 3763 producit
814 3687 916 3742 actum
944 3677 1186 3742 substantialem.
1233 3677 1327 3741 Unde

221 3791 344 3856 evidens
361 3799 408 3854 est
427 3812 491 3854 uon
511 3812 600 3875 posse
618 3790 749 3874 gradum
765 3789 910 3853 realitatis
926 3787 1147 3866 substantialis,
1163 3788 1217 3872 qui
1233 3787 1326 3851 estin

221 3903 332 3983 anima,
348 3903 385 3966 ab
402 3903 464 3966 ulla
478 3911 615 3966 ereatura
630 3901 762 3984 attingi,
784 3900 871 3964 Deus
886 3910 999 3978 antem,
1016 3900 1069 3985 qui
1084 3899 1167 3964 solus
1184 3898 1325 3963 substan·
1383 3977 1386 3986 Α

221 4016 297 4079 tiam
322 4015 485 4079 intrinsece
507 4013 657 4096 attingere
680 4020 792 4096 potest,
812 4013 946 4076 animam
961 4012 1027 4076 vult
1052 4033 1171 4095 semper
1194 4032 1326 4089 manere,

222 4137 257 4191 ut
280 4137 436 4191 ostensum
461 4133 517 4189 est.
562 4125 646 4208 Ergo
671 4146 831 4208 nunquam
858 4125 1015 4188 minuetur
1044 4122 1158 4208 gradm
1189 4122 1326 4188 entitatis

221 4238 340 4318 animae,
356 4260 451 4322 quum
467 4235 553 4301 nulla
567 4235 608 4299 sit
622 4257 714 4309 causa
727 4234 860 4300 efficiens
875 4236 944 4301 talis
960 4235 1182 4300 diminutionis.

267 4350 338 4412 116.
367 4350 493 4412 Obiieies
514 4350 558 4412 3⁰.
586 4346 698 4410 Anima
720 4354 766 4410 est
789 4346 1031 4411 substantialiter
1053 4347 1191 4414 ordinata
1214 4347 1253 4412 ad
1276 4349 1323 4411 in-
