3200 4975
223 380 295 424 oar.
313 360 383 445 nn]
627 384 670 426 nn
685 383 937 427 sccrnsurruus.
1262 353 1327 416 389

222 545 307 609 illam
319 555 454 626 aetuans,
470 547 588 632 quaeob
600 547 674 611 ahos
692 548 825 613 rationes
834 547 901 611 tolli
920 546 1037 631 nequit.
1082 540 1254 607 Dicendum
1275 543 1322 599 est

223 657 319 741 igitur
335 658 470 742 primum
489 658 660 723 subiectum
680 682 746 723 esse
766 658 924 723 materiam
944 664 1106 733 uetustam,
1123 663 1154 718 et
1173 673 1235 714 non
1255 645 1323 712 tolli

224 790 299 847 rem,
314 769 368 833 scd
387 768 456 833 tolli
475 768 514 833 ab
531 793 566 834 ea
586 771 733 834 rationem
753 770 846 855 primi
866 768 1003 848 subiecti,
1019 764 1156 831 faciendo
1174 783 1240 825 eam
1256 779 1323 822 sus·

224 879 335 943 tentari
356 880 625 966 supernaturaliter
646 881 685 946 ah
700 882 768 945 alio.
816 882 909 946 Secus
924 880 1006 944 enim
1022 879 1135 941 frustra
1149 891 1321 959 quaeremus

222 1013 323 1054 rurum
351 1001 382 1055 et
406 994 531 1072 meum,
554 1001 586 1057 et
611 993 816 1078 quantitatem
838 992 1007 1078 physicam,
1030 998 1061 1053 ct
1081 987 1140 1052 alia
1162 979 1320 1057 eiusmodi,

223 1124 292 1185 quae
314 1103 379 1166 siue
402 1104 524 1188 punctis
549 1104 755 1169 materialibus
777 1115 851 1168 sunt
874 1103 999 1169 omnino
1021 1095 1230 1185 impossibilia.
1276 1091 1320 1153 6⁰.

224 1213 339 1278 Omnes
350 1214 495 1295 fatentur,
505 1238 616 1300 corpus
626 1214 743 1280 Christi
750 1238 816 1279 esse
826 1223 926 1279 totum
936 1214 969 1277 in
980 1220 1046 1277 tota
1054 1209 1163 1286 hostia,
1174 1215 1205 1270 et
1221 1212 1320 1269 totum

220 1325 254 1388 in
269 1325 398 1409 singulis
413 1328 477 1391 eius
491 1323 648 1412 partibus:
671 1335 703 1391 et
716 1328 750 1391 in
765 1326 885 1391 duabus
914 1325 1022 1390 hostiis
1044 1344 1108 1386 non
1135 1315 1239 1383 haberi
1258 1313 1320 1378 duo

220 1458 346 1521 corpora
357 1436 547 1518 Christiani
562 1461 679 1518 unum,
703 1447 734 1501 ct
748 1437 985 1524 aliaplurahinc
994 1430 1217 1518 consequentia
1250 1426 1319 1490 Hoc

221 1556 324 1611 autem
340 1548 484 1628 ostendit,
496 1570 607 1633 corpus
618 1547 734 1613 Christi
745 1571 811 1613 esse
825 1549 859 1612 in
873 1548 931 1612 hoe
940 1553 1128 1612 sacramento
1143 1562 1206 1605 non
1221 1538 1321 1603 solum

215 1681 273 1742 per
293 1660 410 1722 modum
430 1661 609 1739 susbstantia,
632 1669 667 1724 ut
690 1659 777 1724 docet
801 1659 832 1723 S.
848 1658 981 1722 Thomas
1006 1659 1049 1742 (p.
1064 1658 1095 1720 3.
1112 1677 1142 1740 q.
1159 1654 1211 1717 ⁷6.
1231 1672 1259 1715 a.
1277 1648 1320 1731 1),

222 1791 291 1853 quae
312 1771 511 1853 indifferenter
533 1773 697 1835 continetur
718 1773 750 1834 in
766 1794 863 1854 paron
877 1771 924 1834 vel
936 1790 1041 1853 mopnn
1056 1768 1230 1850 quantitate,
1245 1763 1321 1825 sicin

222 1889 285 1944 toto
302 1889 411 1945 namra
424 1885 503 1946 u'e'ria
523 1883 556 1945 in
569 1904 674 1966 muqno
689 1882 737 1945 vel
747 1903 845 1965 puros
863 1886 939 1959 u'e're,
955 1888 984 1943 ct
999 1887 1061 1944 totu
1075 1886 1183 1940 nutura
1197 1870 1322 1937 loannis

222 1994 254 2054 in
267 2014 371 2075 moeno
385 1993 433 2055 vel
435 2015 531 2075 paroc
546 1994 676 2055 nomine:
699 1992 859 2056 sedetiam
875 1994 918 2056 ita
933 2000 967 2055 ut
989 1990 1094 2055 eadem
1109 2008 1226 2051 nomem
1249 1983 1321 2047 sub-

222 2102 336 2165 stantia
355 2102 395 2165 sit
415 2103 447 2166 in
468 2103 525 2167 hac
540 2102 585 2166 vel
605 2103 656 2166 illa
674 2103 783 2181 hostia,
799 2103 879 2167 siout
896 2103 1000 2166 eadem
1015 2121 1143 2165 numero
1159 2097 1261 2161 anima
1275 2101 1322 2157 cst

221 2213 255 2276 in
277 2213 334 2277 hac
355 2213 402 2277 vel
424 2214 477 2277 illa
498 2214 631 2298 corporis
652 2224 747 2298 parte.
793 2214 924 2278 Videtur
945 2236 1018 2298 ergo
1041 2210 1215 2286 dicendum,
1238 2204 1321 2292 quod

221 2324 299 2388 sicut
314 2348 411 2389 uuum
426 2333 458 2389 et
472 2325 552 2389 idem
568 2334 614 2389 est
629 2325 711 2410 quod
726 2348 781 2409 per
795 2325 1050 2390 consecrationem
1067 2322 1191 2407 ponitur
1205 2319 1238 2382 in
1254 2325 1321 2381 toto

220 2446 251 2500 et
273 2436 305 2501 in
328 2437 458 2522 singulis
480 2436 619 2522 partibus
641 2437 758 2518 hostiae,
773 2438 819 2501 itu
840 2459 937 2501 uuum
959 2419 990 2501 et
1008 2436 1089 2501 idem
1105 2434 1194 2499 debet
1209 2453 1273 2497 csse
1288 2429 1320 2493 in

220 2558 284 2613 toto
306 2560 338 2613 et
360 2551 392 2612 in
415 2550 546 2634 singulis
568 2550 705 2633 partibus
727 2550 759 2613 id
781 2548 865 2634 quod
887 2549 1025 2615 tollitur:
1056 2547 1141 2632 atqui
1163 2546 1221 2610 hoe
1242 2542 1321 2608 nihil

219 2660 302 2723 aliud
318 2683 382 2724 esse
397 2668 499 2744 potest
513 2660 572 2722 nisi
587 2663 664 2724 ratio
680 2661 791 2724 essendi
805 2663 837 2722 in
851 2682 881 2724 sc
891 2663 1000 2744 primu,
1016 2681 1085 2743 quae
1100 2666 1130 2720 et
1145 2667 1191 2720 est
1206 2663 1271 2719 tota
1286 2655 1318 2716 in

220 2779 286 2834 toto
301 2780 331 2835 et
346 2780 412 2835 tota
426 2772 459 2833 in
473 2771 624 2854 partibus,
639 2793 701 2834 non
717 2780 819 2835 autem
835 2772 1005 2836 materiales
1020 2778 1138 2834 naturae
1159 2790 1227 2852 quoe
1247 2773 1320 2830 sunt

219 2882 404 2967 inpartibus
419 2883 581 2961 distincte,
597 2905 677 2967 ergo
692 2905 746 2966 per
760 2883 1014 2948 consecrationem
1031 2881 1150 2964 tollitur
1164 2880 1227 2944 sola
1241 2879 1319 2942 ratio

220 2994 340 3058 essendi
354 2994 386 3058 in
403 3018 444 3073 se,
460 3003 602 3058 manente
619 3005 727 3058 natura
742 2995 781 3059 ad
796 2994 921 3059 modum
936 2994 1110 3058 accidentis.
1139 2996 1180 3058 7⁰.
1205 2992 1246 3055 Et
1260 2991 1318 3056 hoc

219 3107 320 3190 ipsum
339 3107 536 3170 confirmatur
552 3128 587 3169 er
604 3107 634 3169 S.
652 3106 769 3170 Thomu
793 3107 836 3190 (p.
852 3110 883 3170 3.
906 3129 937 3191 q.
955 3107 1006 3172 76.
1028 3129 1054 3169 a.
1071 3108 1122 3186 3):
1145 3105 1318 3169 Accidentiu

218 3219 346 3300 corporis
369 3218 490 3294 Christi,
510 3217 620 3300 inquit,
648 3225 717 3281 eunt
742 3220 774 3280 in
797 3219 851 3280 hoc
875 3226 1055 3282 sacramento
1079 3218 1222 3280 mediante
1248 3218 1316 3280 sub-

217 3331 351 3393 stantia:
374 3327 551 3405 itascilicet,
568 3329 647 3411 quod
663 3330 823 3392 occidentia
846 3330 976 3412 corporis
994 3331 1106 3392 Christi
1127 3330 1318 3392 nonhabennt

216 3441 411 3504 immediatum
425 3441 621 3504 habitudinem
635 3463 726 3524 neque
740 3442 782 3504 ud
793 3443 848 3504 hoc
861 3448 1084 3519 sacromentum,
1096 3463 1188 3524 neque
1202 3441 1242 3503 ad
1254 3463 1316 3504 cor·

211 3574 298 3635 pora,
314 3574 377 3635 qno
391 3553 588 3615 circumstant.
633 3550 680 3614 Ex
694 3572 755 3635 quo
775 3551 923 3636 sequitur,
939 3573 1048 3636 corpus
1064 3549 1180 3614 Christi
1200 3572 1265 3614 csse
1284 3550 1317 3613 in

219 3671 405 3726 sacramento
424 3685 488 3726 non
510 3670 546 3726 ut
565 3671 612 3726 est
635 3663 695 3726 tale
711 3664 757 3727 vel
779 3663 849 3742 tale,
865 3662 919 3726 sed
938 3671 974 3726 ut
995 3671 1041 3726 est
1060 3662 1229 3726 substantia
1245 3661 1318 3725 sim·

217 3774 345 3857 pliciter,
361 3783 392 3837 et
406 3774 464 3836 sub
479 3774 536 3837 hac
550 3773 670 3837 formali
685 3773 811 3837 ratione.
858 3773 949 3836 Ratio
969 3780 1072 3836 autem
1089 3772 1225 3835 formalis
1245 3771 1316 3835 sub-

219 3884 339 3948 stantiae
353 3893 400 3948 est
415 3907 480 3947 esse
495 3885 629 3968 primum
654 3892 830 3948 sustentans
856 3884 974 3948 anullo
995 3894 1200 3948 sustentatum
1213 3910 1222 3962 3
1245 3906 1318 3968 ergo

217 4019 327 4080 corpus
343 3995 459 4059 Christi
474 4003 519 4058 est
534 3995 567 4058 in
587 4004 774 4059 sacramento
794 4004 831 4059 ut
853 3996 988 4080 primum
1009 4004 1194 4071 sustentans,
1210 4006 1240 4058 et
1263 4017 1317 4079 per

217 4109 273 4172 hoc
298 4106 408 4170 tollens
432 4129 450 4169 a
474 4127 553 4188 pane
578 4106 791 4171 formalitatcm
819 4107 1006 4184 substantiae,
1032 4129 1124 4191 quam
1151 4114 1222 4169 ante
1245 4127 1315 4170 oon-

218 4218 414 4282 secrationem
430 4215 549 4280 habuit.

262 4330 336 4393 Hace
361 4341 392 4394 et
418 4328 528 4393 similia
551 4328 650 4393 afferri
677 4338 805 4413 possunt
829 4330 868 4393 ad
893 4328 1125 4407 ostendendum,
1152 4328 1235 4413 quod
1260 4329 1318 4393 etsi
