3200 4975
225 374 298 417 ⁴cau
315 354 357 439 1.]
628 376 671 418 oa
687 376 941 421 accronurraus.
1269 356 1333 419 297

226 554 262 610 ut
277 554 402 630 apparet
416 567 453 607 ex
467 566 566 628 nuper
578 543 669 608 dictis
687 544 731 628 (n.
742 533 822 629 7)‘et
838 545 905 609 fuse
919 550 1077 613 ostensum
1089 554 1138 608 'est
1152 526 1185 608 in
1200 552 1331 608 tractatu

228 656 265 720 de
283 655 454 720 substantia
469 677 610 741 corporea
626 678 653 720 c.
670 657 714 720 ΙΙ.
761 656 820 719 Per
840 657 919 721 hanc
934 656 1030 740 igitur
1049 656 1332 721 determinationem

227 768 358 851 singulas
373 767 516 846 unitates,
532 790 601 853 quae
616 778 689 832 sunt
704 768 737 831 in
752 759 960 847 multitudine,
973 766 1103 851 singulis
1118 767 1184 832 aliis
1200 767 1331 832 devinci-

229 888 325 943 untur
336 901 390 963 per
404 886 528 943 mutuas
539 879 673 943 actiones
687 887 720 942 et
729 878 885 963 passiones
894 878 1031 943 eamdem
1046 878 1146 963 legem
1161 894 1332 965 sequentes,

228 1004 260 1054 et
275 991 318 1055 sic
332 990 516 1055 considerari
530 1000 661 1075 possunt
676 999 833 1076 tamqnam
853 990 1021 1054 multitudo
1035 1000 1106 1054 actu
1122 990 1278 1054 unitorum
1294 991 1334 1055 ad

208 1102 474 1167 ‘constituendam
489 1126 578 1167 anam
591 1112 728 1167 naturam
748 1104 969 1167 substantialem
983 1105 1178 1187 compositam.
1223 1102 1335 1168 Deter-

229 1216 367 1295 minatio,
397 1238 459 1302 qua
487 1224 590 1299 partes
619 1223 844 1280 connectuntur
873 1215 904 1278 in
935 1201 1032 1281 unum
1063 1222 1163 1278 totum
1194 1214 1273 1279 reale
1298 1238 1333 1279 ac

228 1328 402 1415 physicum,
424 1328 538 1413 pendet
563 1350 745 1407 a‘uumero,
764 1328 873 1412 specie,
891 1328 1090 1412 proportione
1113 1326 1334 1391 elementorum

229 1449 339 1504 mutuo
368 1440 537 1525 agentium,
560 1438 654 1505 immo
677 1439 767 1504 etiam
795 1462 813 1504 a
840 1438 956 1503 diversa
984 1438 1106 1502 illorum
1137 1438 1333 1503 collocatione

230 1550 365 1630 relativa,
382 1560 419 1632 ut
437 1550 511 1615 alibi
530 1550 745 1637 exposuimus:
767 1550 850 1615 unde
870 1550 988 1614 diversa
1009 1550 1067 1615 erit
1080 1558 1189 1615 natura
1211 1573 1335 1637 compo·

226 1662 282 1726 siti
296 1685 352 1748 pro
367 1662 593 1730 diversitatibus
608 1662 687 1727 circa
701 1660 880 1728 haecomnia
894 1660 1132 1726 occurrentibus.
1155 1662 1202 1725 Ex
1218 1662 1335 1727 diversa

230 1784 334 1840 autem
350 1785 459 1839 natura
473 1774 702 1860 compositionis
718 1783 889 1860 sequuntur
905 1774 1029 1839 diversae
1039 1775 1237 1860 proprietates
1252 1797 1334 1839 com-

231 1887 334 1972 positi,
350 1908 418 1972 quae
432 1887 524 1951 etiam
540 1887 687 1952 dicuntur
701 1888 877 1971 qrwlitatesr
900 1910 1029 1972 quarum
1045 1886 1154 1971 aliquae
1168 1887 1336 1971 pendente

232 1998 325 2062 modo
347 1998 574 2084 compositionis
597 1998 731 2084 partium
749 1997 912 2063 cuiuslibet
934 1998 1099 2079 moleculae,
1115 1997 1181 2063 aliae
1200 2000 1336 2084 pendent

233 2109 366 2173 amodo
388 2109 616 2196 compositionis
638 2101 731 2174 unius
753 2110 910 2175 maleculae
939 2132 1010 2174 curn
1038 2110 1104 2174 suis
1130 2109 1245 2190 vicinis,
1270 2112 1336 2176 aliae

233 2221 368 2307 pendent
383 2221 421 2285 ab
436 2230 566 2307 utroque
580 2221 682 2299 simul,
697 2231 733 2285 ut
747 2236 784 2290 ex
797 2222 877 2286 infra
891 2221 1028 2286 dicendis
1043 2222 1227 2306 apparebit.'
1328 2257 1331 2265 ·

276 2334 397 2399 Natura
421 2333 586 2399 materialis
608 2333 776 2417 composita
796 2343 926 2418 occupat
947 2333 1037 2417 plura
1059 2335 1110 2398 abi
1131 2334 1285 2413 distincta,
1304 2345 1335 2399 et

233 2445 286 2510 dat
307 2444 409 2510 locum
431 2444 573 2531 pluribus
588 2440 793 2514 ‘relationibus
816 2444 976 2511 ubicativis
1000 2445 1033 2510 in
1055 2468 1178 2511 omnem
1203 2469 1336 2527 sensum,

233 2580 363 2643 quarum
378 2557 554 2642 complexus
567 2557 599 2621 in
616 2557 744 2622 confuso
768 2557 978 2643 apprehensus
998 2567 1155 2644 tamquam
1171 2559 1232 2622 sub
1248 2561 1339 2624 unica

233 2671 349 2734 ratione
365 2669 509 2749 sensibili,
526 2669 638 2734 dicitur
657 2670 791 2755 spatium
806 2679 987 2756 occupatum
1011 2695 1028 2736 a
1043 2693 1176 2756 corpore,
1192 2671 1239 2736 vel
1253 2671 1338 2736 locus

234 2781 378 2866 corporis.
424 2780 508 2844 Hinc
527 2790 663 2865 apparet,
679 2781 832 2866 quomodo
854 2804 890 2846 ex
904 2781 1103 2846 relationibus
1123 2780 1337 2848 distantiarum

234 2893 288 2956 fiat
310 2891 458 2955 transitus
475 2890 513 2955 ad
535 2892 834 2976 repraesentationem
849 2892 1013 2957 voluminis
1035 2897 1147 2958 calensi
1169 2895 1337 2970 secundum

235 3003 373 3087 longum,
385 3003 483 3066 latum
499 3012 530 3067 ct
540 3003 739 3089 profundum.
784 3005 920 3069 Termini
935 2995 1088 3086 ubicativi,
1101 3006 1212 3091 quibus
1226 3007 1339 3072 limita-

232 3125 289 3178 -t-ur
309 3115 513 3199 compositum
535 3116 699 3195 materiale,
716 3116 920 3181 determinant
942 3131 1096 3182 externam
1105 3119 1236 3203 flparam
1257 3142 1339 3184 com-

236 3225 348 3312 positi:
371 3226 477 3290 relatio
502 3236 604 3291 autern
629 3226 780 3292 ubicativa
803 3228 909 3312 figurae
934 3228 973 3292 ad
999 3229 1121 3313 aliquod
1148 3233 1208 3310 abi,
1229 3231 1275 3295 vel
1302 3232 1340 3296 ad

234 3337 370 3422 aliquem
384 3337 487 3401 locum
501 3337 660 3402 arbitrario
676 3337 881 3423 designatum,
899 3339 1010 3404 dicitur
1023 3343 1106 3405 sitas.

282 3449 357 3513 Haec
371 3457 418 3512 est
433 3447 553 3533 genesis
568 3448 770 3513 accidentium
787 3450 820 3512 in
835 3449 1006 3515 substantia
1021 3451 1178 3516 materiali.

543 3746 545 3749 ,
598 3698 782 3744 mulcatus
797 3698 977 3744 SECUNDUS.

404 3849 452 3910 De
466 3848 579 3930 eripias
592 3846 782 3910 madentium
797 3847 829 3908 ia
842 3846 1006 3909 substantia
1020 3828 1177 3928 spirituali.

239 4055 243 4059 ,
286 4001 336 4061 ll.
359 3996 408 4060 De
416 3994 625 4060 accidentibus
634 3993 813 4059 substantiae
823 3994 988 4079 spiritualis
999 3994 1130 4058 secundo
1139 3994 1206 4058 loco
1214 3995 1343 4080 loquen-

240 4109 325 4187 dum,
334 4109 405 4173 licet
420 4106 578 4192 spitituale
592 4105 751 4170 nobilitate
766 4114 890 4190 praestet
901 4104 1071 4192 materiali3
1095 4128 1166 4170 nam
1182 4129 1218 4170 ex
1233 4117 1341 4173 natura

241 4220 377 4285 sensibili
406 4227 530 4304 accepta
556 4226 628 4282 sunt
658 4217 783 4284 nomina
809 4215 920 4302 quibus
947 4216 1147 4302 designantur
1166 4217 1343 4284 .'accidentia

233 4332 402 4418 pleraque:
426 4341 457 4396 et
472 4331 547 4415 ideo
569 4328 654 4415 prius
674 4337 704 4394 et
727 4350 797 4395 cum
818 4328 931 4394 maiore
953 4327 1137 4413 proprietate
1159 4331 1343 4396 conveniunt
