3200 4975
275 326 340 387 352
671 346 713 389 nu
729 346 983 390 acernaurraos.
1222 325 1306 409 [car.
1326 345 1385 387 111.

275 511 451 576 babendum
469 521 541 577 actu
562 512 799 578 fundamentum
822 522 859 578 ut
881 512 1027 593 fundans,
1044 513 1154 577 sufficit
1176 512 1287 577 habere
1309 521 1384 577 actu

276 624 436 689 entitatem
461 624 626 710 quamdam
656 625 840 707 absolutam,
867 649 936 713 quae
965 626 1004 692 ob
1034 625 1201 711 quamlibet
1230 625 1381 690 rationem

276 736 398 801 realiter
410 745 554 802 connotat
573 736 750 801 terminum.
796 738 894 824 Atqui
908 738 1013 802 habite
1030 737 1123 802 semel
1139 736 1294 815 relatione,
1309 736 1383 799 licet

275 848 427 913 terminus
448 857 615 927 evanescat,
630 857 734 913 manet
758 857 828 913 actu
847 848 959 913 entitas
981 849 1129 927 absoluta,
1145 870 1213 933 quae
1235 856 1382 912 connotat

276 960 397 1025 realiter
417 960 506 1023 illurn
526 960 714 1039 terminum
737 985 810 1026 uam
828 962 955 1026 cessatio
972 960 1140 1025 existentiae
1159 960 1283 1024 termini
1302 958 1382 1022 nibil

276 1071 357 1135 tollit
385 1094 403 1134 a
432 1071 633 1136 fundamento
662 1072 836 1138 relationis:
860 1095 922 1138 nou
952 1073 1017 1137 eius
1046 1095 1112 1137 esse
1136 1070 1320 1157 absolutum,
1345 1079 1382 1133 ut

275 1190 378 1268 patet:
401 1204 458 1247 nec
481 1183 572 1247 etiarn
599 1184 665 1249 eius
691 1184 938 1250 connotationem
964 1184 1084 1263 realem,
1111 1206 1190 1268 quae,
1217 1205 1312 1267 quum
1340 1182 1380 1246 sit

276 1294 415 1379 quaedam
437 1297 592 1359 conversio
614 1296 654 1359 ad
673 1298 850 1374 terminum,
866 1318 902 1360 co
927 1297 994 1380 ipso
1016 1302 1187 1381 perseverat
1211 1293 1293 1379 quod
1315 1315 1378 1356 nou

276 1407 330 1470 fiat
355 1406 511 1471 conversio
532 1407 565 1470 in
590 1407 785 1473 contrarium.
833 1406 998 1471 Conversio
1024 1415 1126 1470 autem
1149 1405 1181 1469 in
1205 1405 1379 1489 oppositum

276 1516 403 1601 requirit
423 1539 545 1581 causam
568 1518 738 1601 positivam,
755 1517 854 1602 qualis
876 1525 1003 1581 nonest
1025 1516 1151 1601 simplex
1174 1515 1381 1580 evanescentia

275 1627 409 1693 termini.
454 1633 499 1694 2⁰.
522 1628 611 1694 Idem
626 1629 794 1714 explicatur
815 1652 869 1713 per
884 1629 1056 1713 exemplum
1072 1628 1159 1692 valde
1179 1627 1380 1711 intelligibile.

276 1740 347 1804 Sint
369 1740 431 1805 duo
454 1749 569 1826 puncta
592 1740 726 1805 materiae
750 1741 780 1803 A
800 1749 831 1804 et
858 1740 884 1803 B
905 1741 937 1804 in
961 1740 1135 1825 respectivis
1158 1740 1382 1804 ubicationibus

277 1876 295 1915 a
317 1862 348 1917 et
366 1855 404 1917 b:
427 1853 506 1918 actio
523 1853 617 1917 unius
636 1852 670 1915 in
691 1852 774 1917 aliud
795 1853 943 1938 producet
966 1861 1083 1916 motum
1103 1874 1157 1937 per
1178 1851 1290 1916 lineam
1313 1876 1331 1915 o
1354 1854 1381 1915 b.

278 1964 338 2030 Sed
361 1964 396 2041 si,
419 1965 567 2050 impresso
588 1966 648 2029 iam
669 1974 766 2043 motu,
789 1965 977 2029 annihiletur
995 1966 1144 2029 terminus
1167 1966 1330 2029 materialis
1344 1965 1381 2041 B,

276 2098 339 2138 non
355 2075 423 2139 ideo
444 2077 571 2141 actualis
586 2077 712 2141 directio
730 2077 873 2142 elementi
889 2078 917 2140 A
933 2077 1099 2141 secundum
1123 2077 1234 2140 lineam
1250 2100 1268 2140 a
1283 2076 1382 2160 seipso

277 2196 308 2249 et
337 2186 508 2251 ubicatione
533 2189 550 2251 b
575 2188 808 2252 determinatam
839 2188 967 2252 cessabit
978 2214 987 2266 ς
1018 2196 1122 2251 manet
1151 2210 1223 2272 ergo
1254 2187 1382 2253 actualis

277 2299 403 2362 directio
425 2308 527 2362 motus
549 2299 644 2384 ipsius
659 2300 698 2379 A,
713 2300 805 2364 etiarn
828 2310 976 2386 pereunte
995 2299 1126 2364 termino
1150 2300 1297 2363 materiali
1313 2300 1349 2377 B,
1365 2322 1383 2363 a

277 2410 365 2476 cuius
382 2410 541 2475 existentia
562 2421 594 2475 et
609 2412 726 2476 actione
744 2412 804 2477 fuit
827 2412 1001 2499 dependens
1023 2420 1126 2475 motus
1141 2412 1174 2475 in
1197 2411 1381 2498 incipiendo·

278 2524 370 2588 Ratio
395 2535 451 2604 est,
474 2525 555 2608 quia,
577 2525 648 2590 licet
670 2525 793 2590 termini
819 2525 996 2608 materiales·
1011 2525 1073 2588 sint
1095 2527 1123 2588 A
1146 2534 1177 2589 et
1201 2525 1236 2602 B,
1260 2525 1383 2588 termini

276 2646 380 2700 tamen
395 2637 537 2701 formales
553 2638 707 2702 relationis
722 2646 795 2702 aunt
810 2646 868 2702 oet
880 2640 917 2703 b:
941 2647 972 2702 et
985 2636 1057 2701 licet
1072 2637 1111 2700 ad
1125 2635 1382 2700 introducendum

280 2758 399 2813 motum
422 2773 491 2814 cum
520 2773 575 2814 sua
598 2749 762 2814 directione
788 2749 861 2814 reali
884 2749 1051 2814 secundum
1076 2751 1123 2813 ab
1144 2770 1267 2812 necesse
1293 2747 1385 2811 fuerit

278 2860 389 2924 habere
411 2855 512 2947 ipsum
528 2862 555 2924 B
571 2885 665 2946 agens
681 2885 716 2926 ex
738 2884 795 2926 sua
809 2862 930 2926 formali
953 2861 1126 2926 ubicatione
1141 2863 1169 2939 b,
1185 2869 1216 2924 et
1237 2861 1339 2944 ipsum
1355 2861 1383 2923 A

278 2962 427 3058 recipiens
442 2973 674 3058 actionemque
687 2982 860 3038 mutaretur
875 2975 939 3036 eius
954 2972 1087 3038 ubicatio
1102 2997 1130 3051 o,
1141 2982 1245 3036 tamen
1259 2979 1383 3055 accepto

282 3094 367 3149 motu
389 3076 558 3149 secundum
573 3089 625 3165 ab,
641 3085 802 3150 existentia
816 3085 940 3149 termini
960 3085 1123 3149 materialis
1137 3085 1165 3148 B
1181 3086 1215 3148 fit
1231 3084 1386 3148 evidenter

279 3197 408 3276 inutilis,
418 3207 448 3260 et
464 3197 575 3260 sufficit
590 3208 626 3260 ut
637 3206 758 3262 maneat
774 3197 945 3262 subiectum
957 3199 983 3260 A
995 3219 1064 3260 cum
1081 3196 1239 3260 velocitate
1251 3204 1382 3280 accepta,

280 3332 348 3394 quae
356 3331 392 3372 eo
407 3308 474 3392 ipso
484 3309 569 3392 quod
580 3309 671 3372 habet
680 3309 772 3372 talem
785 3308 982 3373 directionem
995 3307 1154 3386 actualem,
1166 3307 1259 3371 habet
1272 3307 1381 3370 realem

279 3428 451 3504 respectum
466 3420 505 3483 ad
520 3422 547 3483 b.
591 3420 632 3483 Et
648 3420 746 3484 simile
761 3420 870 3484 accidit
892 3419 1023 3484 inomni
1039 3419 1195 3499 relatione,
1211 3441 1309 3504 quum
1324 3440 1385 3482 esse

280 3533 321 3595 ad
333 3532 447 3614 aliquid
459 3531 499 3594 sit
514 3531 738 3616 quodammodo
754 3532 846 3616 dirigi
861 3531 899 3595 ad
921 3531 1008 3594 illud.
1052 3531 1136 3616 Ergo
1151 3530 1257 3594 relatio
1276 3530 1384 3593 durare

281 3654 351 3707 actu
366 3643 578 3728 potestatium
595 3643 715 3706 sublato
725 3642 868 3707 termino.
905 3645 950 3705 3⁰.
974 3642 1060 3706 Idem
1076 3664 1111 3705 er
1122 3641 1278 3706 communi
1294 3664 1385 3705 sensu

281 3758 487 3820 confirmatur.
533 3755 614 3819 Nam
631 3754 736 3840 siquis
750 3755 975 3838 interrogetur:
1002 3755 1092 3818 Cuius
1100 3753 1187 3840 filius
1201 3753 1298 3817 eata?
1321 3775 1384 3816 non

281 3867 393 3951 poterit
415 3865 607 3952 respondere,
634 3875 756 3930 mortuo
777 3865 848 3929 licet
870 3876 973 3949 patre:
998 3866 1128 3929 Nullius.
1173 3865 1256 3948 Ergo
1279 3864 1386 3928 relatio

281 3979 437 4043 filiationis
463 3978 552 4042 durat
578 3975 698 4042 sublato
728 3977 869 4041 termino.
915 3977 995 4040 Item
1025 3977 1050 4040 si
1079 3976 1149 4062 quis
1178 3975 1286 4040 habuit
1309 3976 1389 4039 duos

280 4089 375 4154 libros
392 4089 515 4165 similes,
531 4110 661 4176 quorum
685 4111 766 4152 unus
779 4088 852 4172 igne
874 4089 973 4173 periit,
990 4088 1089 4152 adhuc
1104 4088 1202 4152 dicet:
1225 4089 1316 4151 Liber
1338 4089 1386 4150 liic

282 4210 326 4266 cat
347 4205 451 4266 similia
465 4204 526 4265 eiua
541 4203 592 4284 qui
614 4204 776 4268 combustus
789 4211 851 4266 eat:
875 4187 965 4265 nemo
981 4211 1082 4265 auteur
1106 4201 1204 4265 dicet:
1228 4200 1318 4264 lriber
1329 4202 1384 4263 iate

273 4315 340 4399 sirit
368 4314 481 4393 similia,
504 4315 635 4376 sednon
664 4323 707 4377 eat
731 4313 856 4396 amplius
881 4314 992 4376 eruitis.
1046 4313 1129 4396 Ergo
1160 4311 1248 4374 etiarn
1281 4311 1386 4374 relatio
