3200 4975
236 380 309 425 css.
327 361 366 445 1.]
685 384 728 426 us
744 383 891 427 nonrun.
1278 365 1340 429 123

234 558 439 640 impressimus
453 557 632 621 deorumn
647 560 804 637 rotiomm,
824 579 955 642 quarum
970 579 1032 621 una
1047 579 1110 621 non
1125 558 1271 643 importet
1285 579 1340 621 ne-

235 670 364 734 cessario
372 669 473 749 aliem,
488 679 524 734 ut
534 692 590 755 per
606 672 664 734 hoc
676 670 758 734 idem
772 670 926 734 obiectum
934 670 988 734 fiet
1000 692 1133 756 praesens
1146 670 1203 735 sub
1216 670 1341 735 diversis

233 781 433 867 respectibus,
452 803 582 865 quorum
604 804 687 846 unus
708 782 805 866 possit
828 781 1012 846 considerari
1034 790 1171 869 separate
1192 782 1231 847 ab
1253 782 1338 861 aliis3

235 893 279 957 sic
300 894 382 957 enim
405 903 530 979 paratur
551 895 676 958 meteria
698 914 872 978 congruens
895 893 1077 978 supradictis
1100 893 1339 979 operationibus,

233 1013 326 1088 prout
349 1006 479 1069 exerceri
502 1004 614 1069 debent
639 1014 819 1089 peractum
844 1005 1015 1089 compositi.
1061 1003 1145 1069 Hinc
1164 1026 1285 1089 eorpus,
1301 1005 1340 1070 de

234 1138 297 1201 quo
326 1112 437 1202 egitur,
464 1115 555 1181 debet
583 1115 694 1181 habere
723 1117 841 1202 aliquos
869 1117 1022 1202 potentias
1051 1117 1185 1201 passivas
1216 1115 1340 1182 diversae

234 1227 373 1306 rationis,
388 1248 518 1312 quarum
533 1227 634 1313 aliqua
649 1228 797 1291 afficiatur
811 1250 829 1291 a
844 1227 1021 1313 corporibus
1036 1250 1064 1293 v.
1075 1249 1121 1312 gr.
1137 1235 1174 1293 ut
1189 1227 1338 1307 coloratis,

234 1338 337 1424 aliqua
358 1337 397 1403 ab
419 1339 526 1404 iisdem
549 1353 585 1404 ut
607 1339 752 1424 gravibus
775 1339 822 1403 vel
844 1339 971 1418 levibus,
987 1338 1089 1423 ulique
1110 1339 1148 1404 eb
1171 1339 1287 1403 iisdem·
1302 1347 1338 1404 ut

235 1451 448 1515 resistentibus
470 1460 523 1515 aut
546 1450 736 1526 cedentibus,
751 1460 805 1517 aut
828 1450 902 1515 alias
923 1451 1124 1537 proprietates
1141 1451 1337 1516 habentibus.

236 1560 430 1647 Quapropter
455 1563 487 1626 in
512 1583 636 1648 corpore
661 1564 695 1626 in
723 1561 863 1648 potentia
886 1562 980 1626 vitam
1008 1562 1141 1627 habente
1171 1562 1338 1627 necessario

233 1674 360 1739 existere
375 1673 488 1739 debent
502 1683 605 1760 partes
619 1674 779 1760 specialem
795 1674 1007 1759 organismum
1021 1674 1178 1753 hebentes,
1194 1696 1250 1759 pro
1268 1696 1336 1759 spe-

234 1786 360 1850 cialibus
379 1785 560 1865 rationibus,
580 1808 711 1870 quarum
731 1784 845 1849 debent
864 1807 930 1849 csse
950 1785 1212 1870 repraesentativoe,
1228 1795 1264 1850 ut
1282 1808 1337 1851 suo

234 1897 325 1961 modo
336 1885 519 1962 concurrant
533 1897 573 1961 nd
588 1897 779 1982 operationes
793 1896 900 1961 vitales
915 1896 1041 1981 spiritus
1056 1896 1134 1961 illud
1147 1896 1336 1963 vivificantis.

237 2010 319 2074 Hinc
337 2010 403 2073 iure
423 2032 533 2095 corpus
553 2008 740 2073 destinatum
760 2008 799 2073 ad
814 2008 909 2095 yitam
929 2008 1041 2074 dicitur
1056 2012 1224 2094 oryooiusm
1233 2035 1244 2089 3
1265 2009 1336 2075 licet

233 2143 295 2185 non
317 2130 441 2207 propter
462 2121 521 2185 hoc
543 2121 653 2199 solum,
675 2120 843 2185 sedetiam
873 2128 998 2204 propter
1020 2120 1113 2185 vitem
1136 2120 1336 2204 vegetativam

232 2232 366 2316 requirat
380 2254 504 2316 organa,
520 2240 556 2296 ut
570 2230 686 2316 patebit
701 2252 758 2295 suo
772 2230 848 2294 loco.

275 2342 387 2422 l'ertio,
401 2342 504 2427 quoad
522 2350 625 2405 actum
642 2341 814 2406 naturalem
828 2341 1003 2426 appetendi,
1018 2342 1051 2405 in
1066 2364 1145 2427 puro
1160 2342 1271 2427 spiritu
1285 2366 1336 2407 ex-

232 2454 343 2518 citatur
365 2454 520 2540 appetitus
543 2476 598 2539 per
620 2454 825 2540 receptionem
849 2461 952 2518 motus
980 2454 1072 2541 primi
1101 2455 1134 2518 in
1160 2456 1335 2541 passivitate

232 2567 397 2631 voluntatis
413 2568 554 2653 impressi
568 2566 606 2632 ab
621 2567 740 2631 obiecto
754 2589 810 2652 per
825 2567 955 2651 speciem
972 2568 1104 2650 cognito,
1120 2568 1204 2652 quod
1223 2568 1334 2633 hebeat

229 2678 378 2742 rationem
391 2678 484 2744 boni:
507 2678 557 2742 cui
572 2678 669 2742 motui
683 2677 835 2755 voluntas,
846 2686 882 2740 ut
895 2678 992 2741 activa
1003 2685 1060 2756 est,
1070 2699 1189 2762 semper
1200 2678 1333 2744 adhaeret

231 2798 398 2875 spontanee
411 2789 471 2854 leri
485 2789 615 2875 quadam
631 2797 662 2854 et
671 2788 871 2853 indeliberata
884 2788 1055 2852 adhaesione
1064 2797 1228 2874 antequam
1239 2788 1333 2854 libere

229 2901 409 2980 consentiet,
433 2900 479 2965 vel
501 2900 670 2979 dissentiat,
692 2909 728 2963 ut
750 2899 830 2964 infra
852 2897 1060 2984 explicabitur.
1106 2900 1227 2984 Corpus
1248 2923 1330 2986 ergo,

228 3012 352 3097 quando
371 3012 412 3076 ad
431 3013 605 3076 societatem
620 3013 689 3076 vitae
707 3033 778 3077 cum
802 3011 912 3096 spiritu
926 3020 1060 3090 vocatur,
1076 3010 1166 3075 debet
1181 3034 1270 3097 posse
1284 3036 1331 3077 re-

228 3124 336 3208 cipere,
352 3124 454 3188 stetim
471 3147 506 3189 ac
521 3124 697 3202 vivificatur,
712 3124 943 3208 impressionem
960 3107 1092 3208 siliquam
1109 3123 1146 3188 ab
1162 3123 1280 3188 obiecto
1294 3134 1331 3190 ut

225 3234 419 3319 apprehenso
448 3233 631 3300 sensibiliter
659 3234 717 3299 sub
747 3236 864 3299 ratione
894 3235 1101 3299 convenientis
1132 3237 1330 3319 (conveniunt

228 3354 331 3410 autem
343 3346 521 3431 composito,
533 3355 569 3410 ut
580 3344 706 3409 habenti
717 3366 837 3430 corpus,
849 3347 952 3410 omnia
964 3348 1179 3431 quae-corporis
1193 3349 1329 3432 organis·

228 3478 313 3520 mum
330 3457 494 3542 perficiunt
509 3466 539 3521 et
554 3465 662 3542 aptum
678 3456 812 3521 reddunt
827 3456 1080 3543 adoperandum,
1097 3458 1329 3524 disconveniunt

226 3589 297 3632 vero
318 3590 387 3652 quae
406 3567 581 3652 organismo
602 3566 887 3652 quomodocumque
913 3570 1056 3652 nocent):
1087 3590 1180 3652 quam
1201 3571 1328 3655 impres-

227 3679 343 3742 sionem
368 3678 547 3743 naturaliter
573 3679 660 3763 sequi
683 3677 773 3742 debet
799 3690 901 3742 motus
927 3677 1036 3763 uliquis
1061 3681 1188 3764 primus,
1204 3703 1259 3745 seu
1281 3682 1328 3746 iu-

227 3789 388 3855 stinctivus
399 3788 606 3875 appetitionis,
619 3811 715 3874 quum
730 3788 874 3874 quelibet
889 3811 937 3853 res
951 3811 970 3853 a
984 3789 1065 3854 bono
1080 3813 1136 3855 suo
1151 3793 1330 3858 naturaliter

227 3903 417 3965 moventur*.

260 4100 276 4131 ⁸
295 4097 365 4163 Quae
384 4097 501 4153 dicimus
518 4098 548 4152 in
567 4098 660 4153 ordina
679 4099 714 4154 sd
732 4099 912 4172 compositum
930 4119 964 4154 ex
976 4102 1090 4156 materia
1101 4106 1129 4156 et
1140 4103 1238 4175 spiritu
1249 4104 1328 4158 effor-

224 4184 361 4253 mnndum,
370 4202 501 4256 magnum
509 4185 602 4238 lumen
612 4185 705 4238 afferre
714 4192 827 4257 possunt
836 4187 1031 4258 quaestionibus
1041 4189 1150 4260 agitatis
1160 4189 1231 4245 circa
1241 4191 1328 4256 bruta,

224 4287 286 4341 quae
299 4275 498 4343 componuntur
510 4289 545 4324 ex
560 4271 674 4326 materia
690 4277 720 4325 et
737 4272 869 4345 principio
887 4275 1005 4345 quodam
1017 4276 1095 4330 vituli
1114 4295 1168 4330 non
1186 4277 1327 4349 spirituali.

224 4357 315 4411 Homo
333 4357 407 4412 enirn
425 4364 453 4412 et
470 4357 550 4412 bruta
568 4358 735 4413 conveniunt
753 4359 866 4414 univoce
885 4361 913 4415 in
932 4380 1028 4433 genere
1047 4365 1183 4431 ammiates,
1215 4371 1243 4418 et
1263 4383 1328 4418 con·
