3200 4975
298 326 341 389 78
595 349 638 391 nr
655 348 859 393 suessanum
877 346 1077 391 srrsrrusar.
1259 326 1346 409 [cas.
1363 344 1408 387 rr.

296 508 358 573 tale
371 530 492 595 corpus,
508 518 539 575 et
559 512 675 597 aptatio
697 511 848 596 quedam,
875 534 929 575 seu
955 510 1114 595 explicatio
1141 530 1266 572 suerum
1292 508 1408 571 virium

296 621 526 704 proportionata
540 643 595 686 suo
610 622 817 686 instrumento
837 643 997 707 corporeo:
1022 644 1057 685 ex
1072 642 1134 705 quo
1148 620 1246 684 oritur
1267 618 1407 704 specialis

296 730 437 815 aptitudo
456 732 604 797 naturalis
618 733 658 797 ad
672 755 783 817 corpus
803 742 874 797 ectu
899 732 1108 797 informatum.
1155 730 1247 795 Unde
1266 732 1299 794 in
1315 729 1407 814 signo

296 842 495 907 antecedente
520 842 767 908 informationem
785 843 886 909 omnis
901 843 1003 907 anima
1017 842 1137 926 concipi
1151 849 1252 926 potest
1267 850 1303 904 ut
1318 862 1406 925 aeque

297 961 369 1037 apta
383 952 422 1017 ad
437 953 667 1018 informandum
686 953 845 1039 quodlibet
871 975 999 1039 corpus:
1022 954 1055 1017 in
1076 953 1165 1037 signo
1181 962 1282 1016 autem
1299 972 1405 1015 conse·

296 1072 410 1149 queute
424 1064 682 1145 informationem,
701 1087 893 1150 unaquaeque
908 1066 1010 1130 anima
1025 1063 1196 1149 concipitur
1210 1063 1320 1127 hebere
1335 1085 1406 1147 spe-

296 1175 402 1241 cialem
417 1176 620 1261 aptitudinem
636 1176 675 1241 sd
690 1176 848 1261 proprium
869 1198 997 1261 corpus:
1022 1198 1089 1260 quae
1105 1174 1243 1259 specialis
1263 1174 1404 1259 aptitudo

297 1308 360 1351 non
382 1296 429 1351 est
451 1287 670 1366 substantialis,
697 1287 751 1352 sed
776 1288 935 1366 naturalis,
961 1296 1068 1372 utpote
1095 1286 1270 1370 dependens
1291 1285 1404 1349 efecto

298 1398 440 1475 naturali,
456 1400 540 1483 quod
554 1400 594 1463 sit
609 1401 643 1463 in
658 1399 713 1463 teli
727 1421 861 1484 corpore.

341 1513 395 1575 59.
417 1511 501 1592 Dixi,
527 1534 632 1575 omnes
659 1510 775 1576 animas
800 1510 952 1575 humanas
973 1532 1037 1574 esse
1055 1508 1191 1573 eiusdem
1207 1508 1317 1593 speciei
1332 1528 1401 1570 cum

295 1622 363 1685 aliis
392 1623 572 1688 substantiis
602 1622 811 1708 spiritualibus
841 1622 1005 1705 separatis:
1033 1620 1115 1684 unde
1145 1619 1292 1704 sequitur,
1322 1618 1401 1681 inter

296 1756 403 1798 omnes
430 1734 618 1799 substantias
637 1734 836 1798 intellectivas
851 1741 965 1797 creatas
980 1753 1042 1796 non
1058 1731 1123 1796 deri
1144 1730 1234 1794 eliam
1261 1730 1400 1793 differen-

296 1846 372 1909 tiam
387 1844 629 1924 substantialem,
644 1846 704 1909 nisi
718 1845 797 1909 circa
815 1844 945 1929 gradium
968 1843 1154 1907 intensivum
1169 1842 1311 1905 virtutisr
1335 1863 1401 1924 quae

297 1955 468 2019 differentia
482 1966 529 2019 est
548 1956 753 2034 individualis,
774 1978 839 2020 non
861 1955 1008 2040 specifice,
1035 1963 1071 2017 ut
1097 1956 1237 2037 superius
1264 1951 1400 2036 disputa·

297 2064 407 2129 vimus.
452 2066 561 2149 Neque
583 2066 666 2129 enim
691 2065 784 2129 habet
809 2065 911 2129 anime
936 2064 1072 2128 humana
1097 2063 1215 2128 ratione
1241 2084 1304 2125 snae
1329 2060 1400 2125 sub-

298 2176 418 2241 stantiae
442 2177 576 2261 aliquem
600 2178 744 2241 virtutem
770 2199 839 2261 quae
864 2199 926 2240 non
953 2175 993 2240 sit
1014 2176 1046 2240 in
1066 2174 1186 2258 angelo,
1203 2196 1259 2237 nec
1274 2173 1401 2257 angelus

298 2287 430 2371 aliquam
456 2289 611 2366 virtutem,
638 2310 706 2372 quoe
731 2310 794 2352 non
819 2288 914 2351 sitin
939 2287 1050 2351 anima.
1097 2286 1189 2363 Quod
1209 2286 1235 2349 si
1253 2286 1286 2347 in
1302 2284 1401 2347 anima

298 2398 443 2477 humana,
459 2406 490 2463 et
505 2421 567 2462 non
586 2399 619 2463 in
639 2399 759 2483 angelo,
786 2398 916 2463 dicimus
941 2420 1006 2463 esse
1032 2397 1264 2461 sensibilitatem
1285 2404 1316 2459 et
1335 2416 1402 2479 quae

297 2509 376 2572 hanc
400 2519 640 2595 consequuntur,
665 2510 788 2575 evidens
817 2520 873 2591 est,
903 2509 961 2574 hoc
990 2531 1053 2573 non
1082 2509 1236 2573 infirmare
1265 2507 1401 2592 proposi-

298 2621 411 2685 tionem
422 2647 432 2699 ς
455 2622 527 2706 quie
541 2622 642 2686 anime
663 2622 798 2686 humana
824 2622 994 2686 secuudum
1018 2643 1109 2684 suum
1134 2643 1200 2684 esse
1225 2619 1402 2682 substentiae

298 2731 465 2815 spiritualis
479 2754 542 2797 nou
557 2732 650 2797 hebet
667 2733 825 2798 formalem
844 2734 906 2796 vim
933 2733 1117 2810 sensitivam,
1134 2731 1188 2795 sed
1202 2741 1324 2794 tentum
1339 2730 1400 2794 vim

298 2842 389 2906 aliam
403 2842 645 2923 eminentiorem,
661 2866 729 2928 quae
743 2844 779 2906 fit
798 2843 966 2907 formaliter
989 2842 1183 2920 sensibilitas,
1204 2841 1279 2906 dum
1297 2840 1402 2904 termi-

298 2963 390 3018 natur
401 2955 440 3018 ed
450 2955 691 3020 instrumentum
707 2954 926 3020 sensibilitatis.
973 2954 1063 3017 Hanc
1075 2961 1179 3018 eutem
1191 2953 1252 3016 vim
1265 2952 1401 3016 eminen-

297 3065 406 3129 tiorem
431 3065 524 3130 habet
543 3066 635 3130 etiam
656 3065 783 3150 angelus
792 3091 802 3144 ;
826 3065 889 3149 qui,
906 3065 932 3128 si
950 3064 1105 3128 iuberetur
1119 3086 1138 3127 a
1152 3063 1219 3127 Deo
1239 3063 1403 3127 informare

298 3197 407 3259 corpus
422 3176 454 3239 in
470 3177 608 3261 potentia
618 3175 658 3241 ad
668 3176 774 3256 vitam,
786 3175 1034 3242 denominaretur
1047 3184 1078 3238 et
1094 3175 1159 3259 ipse
1173 3173 1291 3240 habens
1307 3173 1403 3236 sensi·

298 3287 457 3365 bilitatem,
493 3287 640 3371 quamdiu
670 3297 749 3355 esset
781 3287 950 3352 informans
979 3287 1039 3352 tale
1068 3309 1197 3372 corpus:
1227 3286 1299 3350 licet
1328 3295 1403 3349 tuuc

300 3399 489 3482 angelus,ut
509 3398 762 3483 supradiximus,
792 3421 856 3463 nou
886 3397 1053 3463 secuudum
1083 3406 1236 3474 naturam,
1267 3396 1320 3460 sed
1350 3416 1403 3478 per

299 3509 474 3573 violentiam
488 3533 506 3573 e
520 3518 604 3575 statu
623 3511 746 3576 meliore
769 3510 809 3574 ed
832 3509 964 3594 peiorem
988 3518 1099 3574 rueret.
1157 3507 1259 3584 Quare
1285 3507 1403 3591 opinor,

300 3619 383 3705 quod
398 3619 424 3683 si
439 3620 610 3686 substantia
627 3623 737 3689 animae
756 3622 895 3686 Platonis
920 3621 1027 3686 fuisset
1053 3628 1153 3684 creata
1178 3627 1262 3682 extre
1282 3641 1404 3702 corpuS,

300 3731 378 3794 nihil
408 3732 542 3801 differret
572 3732 709 3817 specifice
738 3733 776 3799 ab
802 3732 929 3816 angelo:
952 3740 983 3795 et
1010 3731 1035 3796 si
1062 3730 1235 3794 substantie
1265 3729 1404 3814 quaedem

301 3842 437 3926 angelica
451 3844 559 3908 fuisset
573 3853 674 3909 create
693 3844 726 3907 in
752 3865 877 3928 corpore
902 3841 1048 3920 humano,
1075 3863 1165 3906 verus
1190 3839 1283 3903 homo
1309 3839 1405 3904 resul-

300 3963 394 4020 tasset
408 3955 544 4020 eiusdem
561 3956 670 4040 speciei
685 3978 754 4019 cum
769 3955 885 4020 caeteris
899 3953 1086 4017 hominibus.

344 4067 376 4131 S.
392 4067 524 4132 Thomas
549 4064 735 4132 contrarium
762 4075 846 4130 tenet
869 4067 912 4150 (p.
936 4068 965 4130 1.
981 4087 1012 4148 q.
1029 4067 1080 4131 75.
1096 4085 1124 4128 e.
1142 4064 1173 4145 7)
1196 4062 1235 4127 ob
1261 4062 1403 4138 rationes,

300 4201 375 4263 ques
398 4179 538 4264 superius
560 4178 769 4256 refutavimus,
797 4178 835 4241 de
860 4175 1010 4260 principio
1035 4173 1295 4238 individuationis.
1343 4171 1404 4236 Sed

300 4290 383 4374 quod
398 4289 436 4354 ed
451 4291 568 4355 enimes
585 4289 735 4354 humanas
759 4289 878 4368 attinet,
906 4287 972 4352 eius
997 4285 1100 4370 opinio
1126 4284 1218 4348 habet
1245 4282 1404 4368 specialem
