<?xml version="1.0" encoding="UTF-8"?>
<!DOCTYPE html PUBLIC "-//W3C//DTD XHTML 1.0 Transitional//EN"
    "http://www.w3.org/TR/xhtml1/DTD/xhtml1-transitional.dtd">
<html xmlns="http://www.w3.org/1999/xhtml" xml:lang="en" lang="en">
 <head>
  <title>
</title>
<meta http-equiv="Content-Type" content="text/html;charset=utf-8" />
  <meta name='ocr-system' content='tesseract 3.04.00' />
  <meta name='ocr-capabilities' content='ocr_page ocr_carea ocr_par ocr_line ocrx_word'/>
</head>
<body>
  <div class='ocr_page' id='page_1' title='image "./realisphilosoph02baymgoog_0151.png"; bbox 0 0 3200 4975; ppageno 0'>
   <div class='ocr_carea' id='block_1_1' title="bbox 225 360 1330 443">
    <p class='ocr_par' dir='ltr' id='par_1_1' title="bbox 225 360 1330 443">
     <span class='ocr_line' id='line_1_1' title="bbox 225 360 1330 443; baseline 0.009 -22"><span class='ocrx_word' id='word_1_1' title='bbox 225 379 296 423; x_wconf 78' lang='lat' dir='ltr'><strong><em>car.</em></strong></span> <span class='ocrx_word' id='word_1_2' title='bbox 313 360 354 443; x_wconf 80' lang='lat' dir='ltr'><strong><em>n]</em></strong></span> <span class='ocrx_word' id='word_1_3' title='bbox 679 382 722 425; x_wconf 85' lang='lat' dir='ltr'><strong><em>nr</em></strong></span> <span class='ocrx_word' id='word_1_4' title='bbox 738 383 886 427; x_wconf 83' lang='lat' dir='ltr'><strong><em>uournn.</em></strong></span> <span class='ocrx_word' id='word_1_5' title='bbox 1267 368 1330 432; x_wconf 80' lang='lat'><strong><em>13⁷</em></strong></span> 
     </span>
    </p>
   </div>
   <div class='ocr_carea' id='block_1_2' title="bbox 221 546 1415 3441">
    <p class='ocr_par' dir='ltr' id='par_1_2' title="bbox 221 546 1415 3441">
     <span class='ocr_line' id='line_1_2' title="bbox 223 546 1331 636; baseline 0.007 -29"><span class='ocrx_word' id='word_1_6' title='bbox 223 552 349 628; x_wconf 68' lang='lat' dir='ltr'><strong><em>reperite,</em></strong></span> <span class='ocrx_word' id='word_1_7' title='bbox 372 553 402 608; x_wconf 90' lang='lat' dir='ltr'><strong><em>et</em></strong></span> <span class='ocrx_word' id='word_1_8' title='bbox 417 546 543 628; x_wconf 82' lang='lat' dir='ltr'><strong><em>seipsum</em></strong></span> <span class='ocrx_word' id='word_1_9' title='bbox 561 546 733 610; x_wconf 66' lang='lat' dir='ltr'><strong><em>invisibilem</em></strong></span> <span class='ocrx_word' id='word_1_10' title='bbox 752 550 907 612; x_wconf 83' lang='lat' dir='ltr'><strong><em>visibiliter</em></strong></span> <span class='ocrx_word' id='word_1_11' title='bbox 927 551 958 611; x_wconf 86' lang='lat' dir='ltr'><strong><em>in</em></strong></span> <span class='ocrx_word' id='word_1_12' title='bbox 971 551 1033 614; x_wconf 88' lang='lat' dir='ltr'><strong><em>suis</em></strong></span> <span class='ocrx_word' id='word_1_13' title='bbox 1051 553 1195 615; x_wconf 76' lang='lat' dir='ltr'><strong><em>creaturis</em></strong></span> <span class='ocrx_word' id='word_1_14' title='bbox 1209 554 1331 636; x_wconf 75' lang='lat' dir='ltr'><strong><em>manife-</em></strong></span> 
     </span>
     <span class='ocr_line' id='line_1_3' title="bbox 223 655 1331 743; baseline 0.007 -25"><span class='ocrx_word' id='word_1_15' title='bbox 223 665 338 734; x_wconf 81' lang='lat' dir='ltr'><strong><em>stante;</em></strong></span> <span class='ocrx_word' id='word_1_16' title='bbox 362 678 434 719; x_wconf 91' lang='lat' dir='ltr'><strong><em>nam</em></strong></span> <span class='ocrx_word' id='word_1_17' title='bbox 445 655 537 720; x_wconf 88' lang='lat' dir='ltr'><strong><em>etiam</em></strong></span> <span class='ocrx_word' id='word_1_18' title='bbox 548 656 651 721; x_wconf 88' lang='lat' dir='ltr'><strong><em>anima</em></strong></span> <span class='ocrx_word' id='word_1_19' title='bbox 665 658 827 722; x_wconf 88' lang='lat' dir='ltr'><strong><em>invisibilis</em></strong></span> <span class='ocrx_word' id='word_1_20' title='bbox 836 668 867 723; x_wconf 89' lang='lat' dir='ltr'><strong><em>et</em></strong></span> <span class='ocrx_word' id='word_1_21' title='bbox 876 660 1042 743; x_wconf 88' lang='lat' dir='ltr'><strong><em>imaginem</em></strong></span> <span class='ocrx_word' id='word_1_22' title='bbox 1053 682 1088 725; x_wconf 89' lang='lat' dir='ltr'><strong><em>ac</em></strong></span> <span class='ocrx_word' id='word_1_23' title='bbox 1098 661 1331 727; x_wconf 86' lang='lat' dir='ltr'><strong><em>similitudinem</em></strong></span> 
     </span>
     <span class='ocr_line' id='line_1_4' title="bbox 224 769 1330 860; baseline 0.008 -29"><span class='ocrx_word' id='word_1_24' title='bbox 224 769 285 832; x_wconf 91' lang='lat' dir='ltr'><strong><em>Dei</em></strong></span> <span class='ocrx_word' id='word_1_25' title='bbox 298 769 332 831; x_wconf 92' lang='lat' dir='ltr'><strong><em>in</em></strong></span> <span class='ocrx_word' id='word_1_26' title='bbox 347 792 379 832; x_wconf 88' lang='lat' dir='ltr'><strong><em>se</em></strong></span> <span class='ocrx_word' id='word_1_27' title='bbox 398 769 571 853; x_wconf 85' lang='lat' dir='ltr'><strong><em>praeferens,</em></strong></span> <span class='ocrx_word' id='word_1_28' title='bbox 594 793 790 855; x_wconf 88' lang='lat' dir='ltr'><strong><em>percorpus,</em></strong></span> <span class='ocrx_word' id='word_1_29' title='bbox 814 772 863 835; x_wconf 92' lang='lat' dir='ltr'><strong><em>cui</em></strong></span> <span class='ocrx_word' id='word_1_30' title='bbox 886 771 939 837; x_wconf 90' lang='lat' dir='ltr'><strong><em>dat</em></strong></span> <span class='ocrx_word' id='word_1_31' title='bbox 961 773 1086 858; x_wconf 85' lang='lat' dir='ltr'><strong>aliquod</strong></span> <span class='ocrx_word' id='word_1_32' title='bbox 1108 797 1184 855; x_wconf 84' lang='lat' dir='ltr'><strong><em>esse,</em></strong></span> <span class='ocrx_word' id='word_1_33' title='bbox 1200 775 1330 860; x_wconf 88' lang='lat' dir='ltr'><strong><em>seipsam</em></strong></span> 
     </span>
     <span class='ocr_line' id='line_1_5' title="bbox 225 880 1331 971; baseline 0.007 -28"><span class='ocrx_word' id='word_1_34' title='bbox 225 880 399 944; x_wconf 85' lang='lat' dir='ltr'><strong><em>manifestat</em></strong></span> <span class='ocrx_word' id='word_1_35' title='bbox 421 880 613 960; x_wconf 80' lang='lat' dir='ltr'><strong><em>sensibiliter,</em></strong></span> <span class='ocrx_word' id='word_1_36' title='bbox 634 889 665 945; x_wconf 91' lang='lat' dir='ltr'><strong><em>et</em></strong></span> <span class='ocrx_word' id='word_1_37' title='bbox 686 880 764 945; x_wconf 91' lang='lat' dir='ltr'><strong><em>illud</em></strong></span> <span class='ocrx_word' id='word_1_38' title='bbox 786 882 913 962; x_wconf 90' lang='lat' dir='ltr'><strong><em>animat,</em></strong></span> <span class='ocrx_word' id='word_1_39' title='bbox 938 882 1046 948; x_wconf 92' lang='lat' dir='ltr'><strong><em>intime</em></strong></span> <span class='ocrx_word' id='word_1_40' title='bbox 1066 894 1166 950; x_wconf 91' lang='lat' dir='ltr'><strong><em>movet</em></strong></span> <span class='ocrx_word' id='word_1_41' title='bbox 1188 894 1219 950; x_wconf 91' lang='lat' dir='ltr'><strong><em>et</em></strong></span> <span class='ocrx_word' id='word_1_42' title='bbox 1241 888 1331 971; x_wconf 88' lang='lat' dir='ltr'><strong><em>regit,</em></strong></span> 
     </span>
     <span class='ocr_line' id='line_1_6' title="bbox 224 990 1331 1075; baseline 0.004 -20"><span class='ocrx_word' id='word_1_43' title='bbox 224 1013 365 1055; x_wconf 85' lang='lat' dir='ltr'><strong><em>exercens</em></strong></span> <span class='ocrx_word' id='word_1_44' title='bbox 379 990 411 1053; x_wconf 93' lang='lat' dir='ltr'><strong><em>in</em></strong></span> <span class='ocrx_word' id='word_1_45' title='bbox 427 1014 484 1055; x_wconf 89' lang='lat' dir='ltr'><strong><em>sno</em></strong></span> <span class='ocrx_word' id='word_1_46' title='bbox 498 1014 622 1075; x_wconf 85' lang='lat' dir='ltr'><strong><em>corpore</em></strong></span> <span class='ocrx_word' id='word_1_47' title='bbox 637 1014 728 1055; x_wconf 92' lang='lat' dir='ltr'><strong><em>sunm</em></strong></span> <span class='ocrx_word' id='word_1_48' title='bbox 744 991 915 1057; x_wconf 89' lang='lat' dir='ltr'><strong><em>dominium</em></strong></span> <span class='ocrx_word' id='word_1_49' title='bbox 931 993 970 1057; x_wconf 91' lang='lat' dir='ltr'><strong><em>ad</em></strong></span> <span class='ocrx_word' id='word_1_50' title='bbox 985 993 1187 1059; x_wconf 88' lang='lat' dir='ltr'><strong><em>imitationem</em></strong></span> <span class='ocrx_word' id='word_1_51' title='bbox 1204 996 1331 1061; x_wconf 91' lang='lat' dir='ltr'><strong><em>dominii</em></strong></span> 
     </span>
     <span class='ocr_line' id='line_1_7' title="bbox 223 1101 1332 1192; baseline 0.005 -26"><span class='ocrx_word' id='word_1_52' title='bbox 223 1124 285 1186; x_wconf 92' lang='lat' dir='ltr'><strong><em>quo</em></strong></span> <span class='ocrx_word' id='word_1_53' title='bbox 299 1103 386 1167; x_wconf 90' lang='lat' dir='ltr'><strong><em>Deus</em></strong></span> <span class='ocrx_word' id='word_1_54' title='bbox 401 1103 467 1189; x_wconf 89' lang='lat' dir='ltr'><strong><em>ipse</em></strong></span> <span class='ocrx_word' id='word_1_55' title='bbox 481 1102 598 1167; x_wconf 91' lang='lat' dir='ltr'><strong><em>mundo</em></strong></span> <span class='ocrx_word' id='word_1_56' title='bbox 613 1103 753 1167; x_wconf 87' lang='lat' dir='ltr'><strong><em>universo</em></strong></span> <span class='ocrx_word' id='word_1_57' title='bbox 769 1101 962 1168; x_wconf 81' lang='lat' dir='ltr'><strong><em>dominatur:</em></strong></span> <span class='ocrx_word' id='word_1_58' title='bbox 987 1104 1024 1169; x_wconf 91' lang='lat' dir='ltr'><strong><em>de</em></strong></span> <span class='ocrx_word' id='word_1_59' title='bbox 1040 1127 1100 1190; x_wconf 90' lang='lat' dir='ltr'><strong><em>qua</em></strong></span> <span class='ocrx_word' id='word_1_60' title='bbox 1114 1129 1147 1170; x_wconf 91' lang='lat' dir='ltr'><strong><em>re</em></strong></span> <span class='ocrx_word' id='word_1_61' title='bbox 1158 1129 1221 1171; x_wconf 92' lang='lat' dir='ltr'><strong><em>non</em></strong></span> <span class='ocrx_word' id='word_1_62' title='bbox 1235 1130 1332 1192; x_wconf 88' lang='lat' dir='ltr'><strong><em>pauca</em></strong></span> 
     </span>
     <span class='ocr_line' id='line_1_8' title="bbox 223 1214 1330 1299; baseline 0.006 -22"><span class='ocrx_word' id='word_1_63' title='bbox 223 1214 295 1278; x_wconf 87' lang='lat' dir='ltr'><strong><em>addi</em></strong></span> <span class='ocrx_word' id='word_1_64' title='bbox 305 1224 441 1299; x_wconf 77' lang='lat' dir='ltr'>possent,</span> <span class='ocrx_word' id='word_1_65' title='bbox 453 1215 479 1278; x_wconf 91' lang='lat' dir='ltr'><strong><em>si</em></strong></span> <span class='ocrx_word' id='word_1_66' title='bbox 488 1224 635 1279; x_wconf 89' lang='lat' dir='ltr'><strong><em>tractatus</em></strong></span> <span class='ocrx_word' id='word_1_67' title='bbox 645 1214 696 1279; x_wconf 91' lang='lat' dir='ltr'><strong><em>hic</em></strong></span> <span class='ocrx_word' id='word_1_68' title='bbox 705 1214 841 1298; x_wconf 84' lang='lat' dir='ltr'><strong><em>proxime</em></strong></span> <span class='ocrx_word' id='word_1_69' title='bbox 853 1215 892 1278; x_wconf 90' lang='lat' dir='ltr'><strong><em>ad</em></strong></span> <span class='ocrx_word' id='word_1_70' title='bbox 902 1216 1061 1280; x_wconf 83' lang='lat' dir='ltr'><strong><em>asceticam</em></strong></span> <span class='ocrx_word' id='word_1_71' title='bbox 1073 1226 1153 1282; x_wconf 90' lang='lat' dir='ltr'><strong><em>esset</em></strong></span> <span class='ocrx_word' id='word_1_72' title='bbox 1162 1218 1330 1285; x_wconf 89' lang='lat' dir='ltr'><strong><em>ordinatus.</em></strong></span> 
     </span>
     <span class='ocr_line' id='line_1_9' title="bbox 267 1326 1331 1409; baseline 0.006 -19"><span class='ocrx_word' id='word_1_73' title='bbox 267 1326 493 1391; x_wconf 90' lang='lat' dir='ltr'><strong><em>Adnotabimns</em></strong></span> <span class='ocrx_word' id='word_1_74' title='bbox 515 1335 649 1409; x_wconf 89' lang='lat' dir='ltr'><strong><em>tantum,</em></strong></span> <span class='ocrx_word' id='word_1_75' title='bbox 674 1334 827 1391; x_wconf 73' lang='lat' dir='ltr'><strong><em>crmturas</em></strong></span> <span class='ocrx_word' id='word_1_76' title='bbox 848 1350 914 1391; x_wconf 88' lang='lat' dir='ltr'><strong><em>esse</em></strong></span> <span class='ocrx_word' id='word_1_77' title='bbox 937 1328 1177 1395; x_wconf 78' lang='lat' dir='ltr'><strong><em>manifestativas</em></strong></span> <span class='ocrx_word' id='word_1_78' title='bbox 1200 1332 1331 1397; x_wconf 87' lang='lat' dir='ltr'><strong><em>attribu·</em></strong></span> 
     </span>
     <span class='ocr_line' id='line_1_10' title="bbox 224 1438 1331 1528; baseline 0.005 -27"><span class='ocrx_word' id='word_1_79' title='bbox 224 1448 327 1502; x_wconf 91' lang='lat' dir='ltr'><strong><em>torum</em></strong></span> <span class='ocrx_word' id='word_1_80' title='bbox 341 1438 401 1503; x_wconf 91' lang='lat' dir='ltr'><strong><em>Dei</em></strong></span> <span class='ocrx_word' id='word_1_81' title='bbox 416 1438 574 1503; x_wconf 80' lang='lat' dir='ltr'><strong><em>existentis</em></strong></span> <span class='ocrx_word' id='word_1_82' title='bbox 589 1440 622 1502; x_wconf 91' lang='lat' dir='ltr'><strong><em>in</em></strong></span> <span class='ocrx_word' id='word_1_83' title='bbox 637 1439 674 1504; x_wconf 90' lang='lat' dir='ltr'><strong><em>iis</em></strong></span> <span class='ocrx_word' id='word_1_84' title='bbox 688 1461 743 1523; x_wconf 91' lang='lat' dir='ltr'><strong><em>per</em></strong></span> <span class='ocrx_word' id='word_1_85' title='bbox 758 1439 932 1519; x_wconf 84' lang='lat' dir='ltr'><strong><em>essentiam,</em></strong></span> <span class='ocrx_word' id='word_1_86' title='bbox 947 1461 1003 1524; x_wconf 91' lang='lat' dir='ltr'><strong><em>per</em></strong></span> <span class='ocrx_word' id='word_1_87' title='bbox 1023 1442 1216 1525; x_wconf 85' lang='lat' dir='ltr'><strong><em>praesentiam</em></strong></span> <span class='ocrx_word' id='word_1_88' title='bbox 1232 1450 1262 1507; x_wconf 90' lang='lat' dir='ltr'><strong><em>et</em></strong></span> <span class='ocrx_word' id='word_1_89' title='bbox 1276 1465 1331 1528; x_wconf 90' lang='lat' dir='ltr'><strong><em>per</em></strong></span> 
     </span>
     <span class='ocr_line' id='line_1_11' title="bbox 223 1550 1331 1641; baseline 0.004 -26"><span class='ocrx_word' id='word_1_90' title='bbox 223 1552 401 1635; x_wconf 87' lang='lat' dir='ltr'><strong><em>potentiam,</em></strong></span> <span class='ocrx_word' id='word_1_91' title='bbox 417 1559 454 1615; x_wconf 91' lang='lat' dir='ltr'><strong><em>ut</em></strong></span> <span class='ocrx_word' id='word_1_92' title='bbox 468 1550 604 1635; x_wconf 82' lang='lat' dir='ltr'><strong><em>theologi</em></strong></span> <span class='ocrx_word' id='word_1_93' title='bbox 617 1550 805 1637; x_wconf 73' lang='lat' dir='ltr'><strong><em>loquuntur,</em></strong></span> <span class='ocrx_word' id='word_1_94' title='bbox 825 1552 912 1635; x_wconf 82' lang='lat' dir='ltr'><strong><em>‘quod</em></strong></span> <span class='ocrx_word' id='word_1_95' title='bbox 927 1574 991 1617; x_wconf 89' lang='lat' dir='ltr'><strong><em>non</em></strong></span> <span class='ocrx_word' id='word_1_96' title='bbox 1011 1552 1149 1637; x_wconf 88' lang='lat' dir='ltr'><strong><em>impedit,</em></strong></span> <span class='ocrx_word' id='word_1_97' title='bbox 1165 1554 1331 1641; x_wconf 88' lang='lat' dir='ltr'><strong><em>quominus</em></strong></span> 
     </span>
     <span class='ocr_line' id='line_1_12' title="bbox 222 1661 1330 1747; baseline 0.005 -23"><span class='ocrx_word' id='word_1_98' title='bbox 222 1661 296 1746; x_wconf 88' lang='lat' dir='ltr'><strong><em>ipsae</em></strong></span> <span class='ocrx_word' id='word_1_99' title='bbox 317 1671 463 1727; x_wconf 81' lang='lat' dir='ltr'><strong><em>creaturae</em></strong></span> <span class='ocrx_word' id='word_1_100' title='bbox 484 1662 617 1728; x_wconf 89' lang='lat' dir='ltr'><strong><em>habeant</em></strong></span> <span class='ocrx_word' id='word_1_101' title='bbox 639 1662 795 1747; x_wconf 88' lang='lat' dir='ltr'><strong><em>proprium</em></strong></span> <span class='ocrx_word' id='word_1_102' title='bbox 819 1672 922 1726; x_wconf 90' lang='lat' dir='ltr'><strong><em>actum</em></strong></span> <span class='ocrx_word' id='word_1_103' title='bbox 945 1663 1064 1727; x_wconf 87' lang='lat' dir='ltr'><strong><em>essendi</em></strong></span> <span class='ocrx_word' id='word_1_104' title='bbox 1087 1664 1330 1746; x_wconf 87' lang='lat' dir='ltr'><strong><em>substantialem,</em></strong></span> 
     </span>
     <span class='ocr_line' id='line_1_13' title="bbox 223 1776 1330 1861; baseline 0.004 -22"><span class='ocrx_word' id='word_1_105' title='bbox 223 1785 308 1840; x_wconf 86' lang='lat' dir='ltr'><strong><em>extra</em></strong></span> <span class='ocrx_word' id='word_1_106' title='bbox 322 1776 527 1840; x_wconf 87' lang='lat' dir='ltr'><strong><em>substantiam</em></strong></span> <span class='ocrx_word' id='word_1_107' title='bbox 548 1776 618 1840; x_wconf 90' lang='lat' dir='ltr'><strong><em>Dei.</em></strong></span> <span class='ocrx_word' id='word_1_108' title='bbox 665 1776 812 1840; x_wconf 86' lang='lat' dir='ltr'><strong><em>Similiter</em></strong></span> <span class='ocrx_word' id='word_1_109' title='bbox 835 1798 946 1861; x_wconf 84' lang='lat' dir='ltr'><strong><em>corpus</em></strong></span> <span class='ocrx_word' id='word_1_110' title='bbox 973 1776 1144 1841; x_wconf 90' lang='lat' dir='ltr'><strong><em>animatum</em></strong></span> <span class='ocrx_word' id='word_1_111' title='bbox 1164 1789 1211 1843; x_wconf 89' lang='lat' dir='ltr'><strong><em>est</em></strong></span> <span class='ocrx_word' id='word_1_112' title='bbox 1233 1782 1330 1843; x_wconf 90' lang='lat' dir='ltr'><strong><em>mani·</em></strong></span> 
     </span>
     <span class='ocr_line' id='line_1_14' title="bbox 223 1888 1331 1973; baseline 0.005 -22"><span class='ocrx_word' id='word_1_113' title='bbox 223 1888 399 1953; x_wconf 85' lang='lat' dir='ltr'><strong><em>festativum</em></strong></span> <span class='ocrx_word' id='word_1_114' title='bbox 413 1888 633 1953; x_wconf 87' lang='lat' dir='ltr'><strong><em>attributorum</em></strong></span> <span class='ocrx_word' id='word_1_115' title='bbox 648 1888 758 1953; x_wconf 88' lang='lat' dir='ltr'><strong><em>animae</em></strong></span> <span class='ocrx_word' id='word_1_116' title='bbox 769 1888 929 1952; x_wconf 82' lang='lat' dir='ltr'><strong><em>existentis</em></strong></span> <span class='ocrx_word' id='word_1_117' title='bbox 938 1888 971 1952; x_wconf 95' lang='lat' dir='ltr'><strong><em>in</em></strong></span> <span class='ocrx_word' id='word_1_118' title='bbox 983 1910 1019 1953; x_wconf 92' lang='lat' dir='ltr'><strong><em>eo</em></strong></span> <span class='ocrx_word' id='word_1_119' title='bbox 1035 1912 1089 1973; x_wconf 89' lang='lat' dir='ltr'><strong><em>per</em></strong></span> <span class='ocrx_word' id='word_1_120' title='bbox 1103 1890 1265 1955; x_wconf 88' lang='lat' dir='ltr'><strong><em>essentiam</em></strong></span> <span class='ocrx_word' id='word_1_121' title='bbox 1276 1915 1331 1957; x_wconf 86' lang='lat' dir='ltr'><strong><em>seu</em></strong></span> 
     </span>
     <span class='ocr_line' id='line_1_15' title="bbox 224 2000 1329 2087; baseline 0.004 -23"><span class='ocrx_word' id='word_1_122' title='bbox 224 2000 426 2072; x_wconf 87' lang='lat' dir='ltr'><strong><em>substantiam</em></strong></span> <span class='ocrx_word' id='word_1_123' title='bbox 442 2024 538 2080; x_wconf 84' lang='lat' dir='ltr'><strong><em>suam,</em></strong></span> <span class='ocrx_word' id='word_1_124' title='bbox 554 2023 609 2085; x_wconf 91' lang='lat' dir='ltr'><strong><em>per</em></strong></span> <span class='ocrx_word' id='word_1_125' title='bbox 622 2000 815 2085; x_wconf 88' lang='lat' dir='ltr'><strong><em>praesentiam</em></strong></span> <span class='ocrx_word' id='word_1_126' title='bbox 831 2010 862 2064; x_wconf 93' lang='lat' dir='ltr'><strong><em>et</em></strong></span> <span class='ocrx_word' id='word_1_127' title='bbox 876 2023 931 2085; x_wconf 88' lang='lat' dir='ltr'><strong><em>per</em></strong></span> <span class='ocrx_word' id='word_1_128' title='bbox 952 2000 1142 2085; x_wconf 68' lang='lat' dir='ltr'><strong><em>potentiam</em></strong></span> <span class='ocrx_word' id='word_1_129' title='bbox 1166 2002 1249 2087; x_wconf 92' lang='lat' dir='ltr'><strong><em>quod</em></strong></span> <span class='ocrx_word' id='word_1_130' title='bbox 1267 2026 1329 2068; x_wconf 90' lang='lat' dir='ltr'><strong><em>non</em></strong></span> 
     </span>
     <span class='ocr_line' id='line_1_16' title="bbox 225 2110 1329 2199; baseline 0.002 -23"><span class='ocrx_word' id='word_1_131' title='bbox 225 2112 315 2176; x_wconf 87' lang='lat' dir='ltr'><strong><em>debet</em></strong></span> <span class='ocrx_word' id='word_1_132' title='bbox 328 2111 485 2197; x_wconf 87' lang='lat' dir='ltr'><strong><em>impedire,</em></strong></span> <span class='ocrx_word' id='word_1_133' title='bbox 502 2111 667 2195; x_wconf 89' lang='lat' dir='ltr'><strong><em>quominus</em></strong></span> <span class='ocrx_word' id='word_1_134' title='bbox 682 2133 792 2196; x_wconf 89' lang='lat' dir='ltr'><strong><em>corpus</em></strong></span> <span class='ocrx_word' id='word_1_135' title='bbox 808 2110 911 2196; x_wconf 91' lang='lat' dir='ltr'><strong><em>ipsum</em></strong></span> <span class='ocrx_word' id='word_1_136' title='bbox 932 2110 1043 2177; x_wconf 87' lang='lat' dir='ltr'><strong><em>habeat</em></strong></span> <span class='ocrx_word' id='word_1_137' title='bbox 1064 2134 1155 2175; x_wconf 93' lang='lat' dir='ltr'><strong><em>suum</em></strong></span> <span class='ocrx_word' id='word_1_138' title='bbox 1172 2114 1329 2199; x_wconf 91' lang='lat' dir='ltr'><strong><em>proprium</em></strong></span> 
     </span>
     <span class='ocr_line' id='line_1_17' title="bbox 224 2222 1331 2290; baseline 0.002 -2"><span class='ocrx_word' id='word_1_139' title='bbox 224 2234 326 2289; x_wconf 89' lang='lat' dir='ltr'><strong><em>actum</em></strong></span> <span class='ocrx_word' id='word_1_140' title='bbox 341 2223 462 2288; x_wconf 85' lang='lat' dir='ltr'><strong><em>essendi</em></strong></span> <span class='ocrx_word' id='word_1_141' title='bbox 477 2223 709 2287; x_wconf 84' lang='lat' dir='ltr'><strong><em>substantialem</em></strong></span> <span class='ocrx_word' id='word_1_142' title='bbox 725 2232 809 2287; x_wconf 82' lang='lat' dir='ltr'><strong><em>extra</em></strong></span> <span class='ocrx_word' id='word_1_143' title='bbox 825 2222 1027 2287; x_wconf 90' lang='lat' dir='ltr'><strong><em>substantiam</em></strong></span> <span class='ocrx_word' id='word_1_144' title='bbox 1043 2223 1162 2287; x_wconf 89' lang='lat' dir='ltr'><strong><em>animae.</em></strong></span> <span class='ocrx_word' id='word_1_145' title='bbox 1199 2224 1331 2290; x_wconf 85' lang='lat' dir='ltr'><strong><em>Videtur</em></strong></span> 
     </span>
     <span class='ocr_line' id='line_1_18' title="bbox 223 2333 1359 2421; baseline 0.002 -22"><span class='ocrx_word' id='word_1_146' title='bbox 223 2338 305 2400; x_wconf 90' lang='lat' dir='ltr'><strong><em>enirn</em></strong></span> <span class='ocrx_word' id='word_1_147' title='bbox 329 2359 383 2421; x_wconf 91' lang='lat' dir='ltr'><strong><em>per</em></strong></span> <span class='ocrx_word' id='word_1_148' title='bbox 408 2335 580 2419; x_wconf 85' lang='lat' dir='ltr'><strong><em>analogiam</em></strong></span> <span class='ocrx_word' id='word_1_149' title='bbox 606 2334 769 2419; x_wconf 88' lang='lat' dir='ltr'><strong><em>quamdam</em></strong></span> <span class='ocrx_word' id='word_1_150' title='bbox 800 2333 915 2413; x_wconf 88' lang='lat' dir='ltr'><strong><em>inferri,</em></strong></span> <span class='ocrx_word' id='word_1_151' title='bbox 946 2333 1032 2419; x_wconf 92' lang='lat' dir='ltr'><strong><em>quod</em></strong></span> <span class='ocrx_word' id='word_1_152' title='bbox 1060 2335 1115 2421; x_wconf 92' lang='lat' dir='ltr'><strong><em>qui</em></strong></span> <span class='ocrx_word' id='word_1_153' title='bbox 1143 2337 1359 2401; x_wconf 76' lang='lat' dir='ltr'><strong><em>contrarium·</em></strong></span> 
     </span>
     <span class='ocr_line' id='line_1_19' title="bbox 223 2444 1329 2534; baseline 0.001 -22"><span class='ocrx_word' id='word_1_154' title='bbox 223 2457 340 2528; x_wconf 87' lang='lat' dir='ltr'><strong><em>tenent,</em></strong></span> <span class='ocrx_word' id='word_1_155' title='bbox 356 2448 449 2512; x_wconf 89' lang='lat' dir='ltr'><strong><em>idest</em></strong></span> <span class='ocrx_word' id='word_1_156' title='bbox 471 2446 525 2532; x_wconf 94' lang='lat' dir='ltr'><strong><em>qui</em></strong></span> <span class='ocrx_word' id='word_1_157' title='bbox 547 2454 669 2534; x_wconf 91' lang='lat' dir='ltr'><strong><em>ponunt</em></strong></span> <span class='ocrx_word' id='word_1_158' title='bbox 689 2453 794 2519; x_wconf 83' lang='lat' dir='ltr'><strong><em>actum</em></strong></span> <span class='ocrx_word' id='word_1_159' title='bbox 817 2444 955 2525; x_wconf 84' lang='lat' dir='ltr'><strong><em>essendi,</em></strong></span> <span class='ocrx_word' id='word_1_160' title='bbox 971 2468 1032 2531; x_wconf 90' lang='lat' dir='ltr'><strong><em>quo</em></strong></span> <span class='ocrx_word' id='word_1_161' title='bbox 1055 2468 1165 2532; x_wconf 90' lang='lat' dir='ltr'><strong><em>corpus</em></strong></span> <span class='ocrx_word' id='word_1_162' title='bbox 1188 2457 1234 2512; x_wconf 90' lang='lat' dir='ltr'><strong><em>est</em></strong></span> <span class='ocrx_word' id='word_1_163' title='bbox 1257 2448 1329 2513; x_wconf 89' lang='lat' dir='ltr'><strong><em>sub·</em></strong></span> 
     </span>
     <span class='ocr_line' id='line_1_20' title="bbox 223 2557 1330 2648; baseline 0 -23"><span class='ocrx_word' id='word_1_164' title='bbox 223 2566 345 2640; x_wconf 88' lang='lat' dir='ltr'><strong><em>stantia,</em></strong></span> <span class='ocrx_word' id='word_1_165' title='bbox 361 2585 427 2625; x_wconf 85' lang='lat' dir='ltr'><strong><em>esse</em></strong></span> <span class='ocrx_word' id='word_1_166' title='bbox 445 2561 547 2644; x_wconf 87' lang='lat' dir='ltr'><strong><em>ipsum</em></strong></span> <span class='ocrx_word' id='word_1_167' title='bbox 568 2582 632 2623; x_wconf 88' lang='lat' dir='ltr'><strong><em>esse</em></strong></span> <span class='ocrx_word' id='word_1_168' title='bbox 651 2559 769 2638; x_wconf 86' lang='lat' dir='ltr'><strong><em>animae,</em></strong></span> <span class='ocrx_word' id='word_1_169' title='bbox 792 2557 880 2622; x_wconf 85' lang='lat' dir='ltr'><strong><em>facile</em></strong></span> <span class='ocrx_word' id='word_1_170' title='bbox 900 2557 992 2622; x_wconf 88' lang='lat' dir='ltr'><strong><em>etiam</em></strong></span> <span class='ocrx_word' id='word_1_171' title='bbox 1015 2559 1126 2623; x_wconf 87' lang='lat' dir='ltr'><strong><em>adduci</em></strong></span> <span class='ocrx_word' id='word_1_172' title='bbox 1146 2568 1270 2648; x_wconf 87' lang='lat' dir='ltr'><strong><em>possent</em></strong></span> <span class='ocrx_word' id='word_1_173' title='bbox 1289 2561 1330 2625; x_wconf 88' lang='lat' dir='ltr'><strong><em>ad</em></strong></span> 
     </span>
     <span class='ocr_line' id='line_1_21' title="bbox 221 2669 1415 2759; baseline -0.004 -18"><span class='ocrx_word' id='word_1_174' title='bbox 221 2673 442 2759; x_wconf 81' lang='lat' dir='ltr'><strong><em>suspicandum</em></strong></span> <span class='ocrx_word' id='word_1_175' title='bbox 466 2695 536 2736; x_wconf 89' lang='lat' dir='ltr'><strong><em>cum</em></strong></span> <span class='ocrx_word' id='word_1_176' title='bbox 560 2671 753 2756; x_wconf 89' lang='lat' dir='ltr'><strong><em>pantheistis,</em></strong></span> <span class='ocrx_word' id='word_1_177' title='bbox 778 2678 882 2734; x_wconf 89' lang='lat' dir='ltr'><strong><em>actum</em></strong></span> <span class='ocrx_word' id='word_1_178' title='bbox 902 2669 1032 2748; x_wconf 89' lang='lat' dir='ltr'><strong><em>essendi,</em></strong></span> <span class='ocrx_word' id='word_1_179' title='bbox 1049 2692 1110 2754; x_wconf 91' lang='lat' dir='ltr'><strong><em>quo</em></strong></span> <span class='ocrx_word' id='word_1_180' title='bbox 1125 2692 1231 2738; x_wconf 87' lang='lat' dir='ltr'><strong><em>omnes</em></strong></span> <span class='ocrx_word' id='word_1_181' title='bbox 1246 2695 1329 2737; x_wconf 87' lang='lat' dir='ltr'><strong><em>crea-</em></strong></span> <span class='ocrx_word' id='word_1_182' title='bbox 1409 2744 1415 2754; x_wconf 34' lang='lat'><strong><em>¹</em></strong></span> 
     </span>
     <span class='ocr_line' id='line_1_22' title="bbox 222 2784 1329 2869; baseline -0.003 -15"><span class='ocrx_word' id='word_1_183' title='bbox 222 2801 299 2854; x_wconf 85' lang='lat' dir='ltr'><strong><em>tnrae</em></strong></span> <span class='ocrx_word' id='word_1_184' title='bbox 314 2798 387 2853; x_wconf 91' lang='lat' dir='ltr'><strong><em>sunt</em></strong></span> <span class='ocrx_word' id='word_1_185' title='bbox 402 2786 591 2863; x_wconf 88' lang='lat' dir='ltr'><strong><em>substantiae,</em></strong></span> <span class='ocrx_word' id='word_1_186' title='bbox 606 2807 671 2849; x_wconf 90' lang='lat' dir='ltr'><strong><em>esse</em></strong></span> <span class='ocrx_word' id='word_1_187' title='bbox 685 2785 788 2869; x_wconf 87' lang='lat' dir='ltr'><strong><em>ipsum</em></strong></span> <span class='ocrx_word' id='word_1_188' title='bbox 798 2792 901 2848; x_wconf 89' lang='lat' dir='ltr'><strong><em>actum</em></strong></span> <span class='ocrx_word' id='word_1_189' title='bbox 913 2784 972 2848; x_wconf 86' lang='lat' dir='ltr'><strong><em>Dei</em></strong></span> <span class='ocrx_word' id='word_1_190' title='bbox 980 2811 990 2863; x_wconf 80' lang='lat'>3</span> <span class='ocrx_word' id='word_1_191' title='bbox 1014 2806 1113 2869; x_wconf 88' lang='lat' dir='ltr'><strong><em>neque</em></strong></span> <span class='ocrx_word' id='word_1_192' title='bbox 1128 2785 1210 2849; x_wconf 90' lang='lat' dir='ltr'><strong><em>enim</em></strong></span> <span class='ocrx_word' id='word_1_193' title='bbox 1226 2786 1329 2851; x_wconf 90' lang='lat' dir='ltr'><strong><em>minus</em></strong></span> 
     </span>
     <span class='ocr_line' id='line_1_23' title="bbox 222 2896 1330 2986; baseline -0.005 -19"><span class='ocrx_word' id='word_1_194' title='bbox 222 2901 330 2966; x_wconf 89' lang='lat' dir='ltr'><strong><em>intime</em></strong></span> <span class='ocrx_word' id='word_1_195' title='bbox 345 2899 481 2986; x_wconf 89' lang='lat' dir='ltr'><strong><em>pervadit</em></strong></span> <span class='ocrx_word' id='word_1_196' title='bbox 496 2899 583 2962; x_wconf 88' lang='lat' dir='ltr'><strong><em>Deus</em></strong></span> <span class='ocrx_word' id='word_1_197' title='bbox 598 2920 663 2961; x_wconf 91' lang='lat' dir='ltr'><strong><em>esse</em></strong></span> <span class='ocrx_word' id='word_1_198' title='bbox 677 2905 895 2976; x_wconf 89' lang='lat' dir='ltr'><strong><em>creaturarum,</em></strong></span> <span class='ocrx_word' id='word_1_199' title='bbox 905 2919 999 2981; x_wconf 88' lang='lat' dir='ltr'><strong><em>quam</em></strong></span> <span class='ocrx_word' id='word_1_200' title='bbox 1008 2896 1110 2960; x_wconf 89' lang='lat' dir='ltr'><strong><em>anima</em></strong></span> <span class='ocrx_word' id='word_1_201' title='bbox 1118 2919 1185 2960; x_wconf 89' lang='lat' dir='ltr'><strong><em>esse</em></strong></span> <span class='ocrx_word' id='word_1_202' title='bbox 1195 2897 1330 2983; x_wconf 89' lang='lat' dir='ltr'><strong><em>corporis</em></strong></span> 
     </span>
     <span class='ocr_line' id='line_1_24' title="bbox 223 3005 1330 3098; baseline -0.005 -20"><span class='ocrx_word' id='word_1_203' title='bbox 223 3014 263 3079; x_wconf 91' lang='lat' dir='ltr'><strong><em>ad</em></strong></span> <span class='ocrx_word' id='word_1_204' title='bbox 280 3013 364 3098; x_wconf 92' lang='lat' dir='ltr'><strong><em>quod</em></strong></span> <span class='ocrx_word' id='word_1_205' title='bbox 377 3011 570 3089; x_wconf 81' lang='lat' dir='ltr'><strong><em>terminatur,</em></strong></span> <span class='ocrx_word' id='word_1_206' title='bbox 587 3009 640 3072; x_wconf 89' lang='lat' dir='ltr'><strong><em>sed</em></strong></span> <span class='ocrx_word' id='word_1_207' title='bbox 662 3008 782 3072; x_wconf 88' lang='lat' dir='ltr'><strong><em>infinite</em></strong></span> <span class='ocrx_word' id='word_1_208' title='bbox 806 3007 913 3092; x_wconf 86' lang='lat' dir='ltr'><strong><em>magis.</em></strong></span> <span class='ocrx_word' id='word_1_209' title='bbox 959 3005 1061 3082; x_wconf 80' lang='lat' dir='ltr'><strong><em>Quare</em></strong></span> <span class='ocrx_word' id='word_1_210' title='bbox 1076 3007 1167 3070; x_wconf 91' lang='lat' dir='ltr'><strong><em>etiam</em></strong></span> <span class='ocrx_word' id='word_1_211' title='bbox 1183 3007 1223 3071; x_wconf 89' lang='lat' dir='ltr'><strong><em>ad</em></strong></span> <span class='ocrx_word' id='word_1_212' title='bbox 1238 3009 1330 3073; x_wconf 90' lang='lat' dir='ltr'><strong><em>decli-</em></strong></span> 
     </span>
     <span class='ocr_line' id='line_1_25' title="bbox 222 3118 1329 3207; baseline -0.005 -17"><span class='ocrx_word' id='word_1_213' title='bbox 222 3127 359 3191; x_wconf 90' lang='lat' dir='ltr'><strong><em>nandum</em></strong></span> <span class='ocrx_word' id='word_1_214' title='bbox 380 3123 479 3207; x_wconf 85' lang='lat' dir='ltr'><strong><em>magis</em></strong></span> <span class='ocrx_word' id='word_1_215' title='bbox 498 3121 658 3206; x_wconf 86' lang='lat' dir='ltr'><strong><em>magisque</em></strong></span> <span class='ocrx_word' id='word_1_216' title='bbox 676 3119 760 3184; x_wconf 86' lang='lat' dir='ltr'><strong><em>hunc</em></strong></span> <span class='ocrx_word' id='word_1_217' title='bbox 785 3119 970 3205; x_wconf 84' lang='lat' dir='ltr'><strong><em>pantheismi</em></strong></span> <span class='ocrx_word' id='word_1_218' title='bbox 989 3118 1149 3202; x_wconf 90' lang='lat' dir='ltr'><strong><em>scopulum</em></strong></span> <span class='ocrx_word' id='word_1_219' title='bbox 1164 3119 1268 3183; x_wconf 88' lang='lat' dir='ltr'><strong><em>utilior</em></strong></span> <span class='ocrx_word' id='word_1_220' title='bbox 1283 3131 1329 3184; x_wconf 89' lang='lat' dir='ltr'><strong><em>est</em></strong></span> 
     </span>
     <span class='ocr_line' id='line_1_26' title="bbox 222 3230 1329 3318; baseline -0.006 -15"><span class='ocrx_word' id='word_1_221' title='bbox 222 3237 373 3303; x_wconf 85' lang='lat' dir='ltr'><strong><em>sententia</em></strong></span> <span class='ocrx_word' id='word_1_222' title='bbox 393 3235 516 3299; x_wconf 89' lang='lat' dir='ltr'><strong><em>anobis</em></strong></span> <span class='ocrx_word' id='word_1_223' title='bbox 535 3234 706 3318; x_wconf 90' lang='lat' dir='ltr'><strong><em>hicsupra,</em></strong></span> <span class='ocrx_word' id='word_1_224' title='bbox 730 3241 761 3295; x_wconf 91' lang='lat' dir='ltr'><strong><em>et</em></strong></span> <span class='ocrx_word' id='word_1_225' title='bbox 783 3231 867 3310; x_wconf 91' lang='lat' dir='ltr'><strong><em>alibi,</em></strong></span> <span class='ocrx_word' id='word_1_226' title='bbox 886 3231 1031 3316; x_wconf 84' lang='lat' dir='ltr'><strong><em>exposita,</em></strong></span> <span class='ocrx_word' id='word_1_227' title='bbox 1053 3230 1190 3294; x_wconf 89' lang='lat' dir='ltr'><strong><em>tribuens</em></strong></span> <span class='ocrx_word' id='word_1_228' title='bbox 1211 3232 1329 3316; x_wconf 86' lang='lat' dir='ltr'><strong><em>corpori</em></strong></span> 
     </span>
     <span class='ocr_line' id='line_1_27' title="bbox 221 3342 1244 3441; baseline -0.007 -26"><span class='ocrx_word' id='word_1_229' title='bbox 221 3351 350 3441; x_wconf 76' lang='lat' dir='ltr'><strong><em>uirentis</em></strong></span> <span class='ocrx_word' id='word_1_230' title='bbox 365 3359 468 3412; x_wconf 89' lang='lat' dir='ltr'><strong><em>actum</em></strong></span> <span class='ocrx_word' id='word_1_231' title='bbox 483 3345 715 3411; x_wconf 87' lang='lat' dir='ltr'><strong><em>substantialem</em></strong></span> <span class='ocrx_word' id='word_1_232' title='bbox 731 3344 910 3408; x_wconf 89' lang='lat' dir='ltr'><strong><em>distinctum</em></strong></span> <span class='ocrx_word' id='word_1_233' title='bbox 925 3342 964 3406; x_wconf 91' lang='lat' dir='ltr'><strong><em>ab</em></strong></span> <span class='ocrx_word' id='word_1_234' title='bbox 980 3350 1051 3407; x_wconf 89' lang='lat' dir='ltr'><strong><em>actu</em></strong></span> <span class='ocrx_word' id='word_1_235' title='bbox 1066 3342 1244 3408; x_wconf 86' lang='lat' dir='ltr'><strong><em>vivificante.</em></strong></span> 
     </span>
    </p>
   </div>
   <div class='ocr_carea' id='block_1_3' title="bbox 601 3595 956 3641">
    <p class='ocr_par' dir='ltr' id='par_1_3' title="bbox 601 3595 956 3641">
     <span class='ocr_line' id='line_1_28' title="bbox 601 3595 956 3641; baseline -0.011 0"><span class='ocrx_word' id='word_1_236' title='bbox 601 3597 788 3641; x_wconf 77' lang='lat' dir='ltr'>AR&#39;HCULUS</span> <span class='ocrx_word' id='word_1_237' title='bbox 806 3595 956 3638; x_wconf 68' lang='lat' dir='ltr'><strong><em>annulus.</em></strong></span> 
     </span>
    </p>
   </div>
   <div class='ocr_carea' id='block_1_4' title="bbox 308 3735 1246 3824">
    <p class='ocr_par' dir='ltr' id='par_1_4' title="bbox 308 3735 1246 3824">
     <span class='ocr_line' id='line_1_29' title="bbox 308 3735 1246 3824; baseline -0.003 -22"><span class='ocrx_word' id='word_1_238' title='bbox 308 3742 357 3804; x_wconf 92' lang='lat' dir='ltr'><strong><em>De</em></strong></span> <span class='ocrx_word' id='word_1_239' title='bbox 362 3740 561 3824; x_wconf 79' lang='lat' dir='ltr'><strong><em>facultatibus</em></strong></span> <span class='ocrx_word' id='word_1_240' title='bbox 575 3739 725 3821; x_wconf 66' lang='lat' dir='ltr'><strong><em>ompositi</em></strong></span> <span class='ocrx_word' id='word_1_241' title='bbox 738 3735 885 3800; x_wconf 83' lang='lat' dir='ltr'><strong><em>naturalis</em></strong></span> <span class='ocrx_word' id='word_1_242' title='bbox 897 3757 934 3798; x_wconf 82' lang='lat' dir='ltr'><strong><em>eu</em></strong></span> <span class='ocrx_word' id='word_1_243' title='bbox 947 3736 1055 3819; x_wconf 77' lang='lat' dir='ltr'><strong><em>spiritu</em></strong></span> <span class='ocrx_word' id='word_1_244' title='bbox 1070 3747 1099 3798; x_wconf 91' lang='lat' dir='ltr'><strong><em>et</em></strong></span> <span class='ocrx_word' id='word_1_245' title='bbox 1113 3737 1246 3799; x_wconf 89' lang='lat' dir='ltr'><strong><em>materia.</em></strong></span> 
     </span>
    </p>
   </div>
   <div class='ocr_carea' id='block_1_5' title="bbox 266 3884 1328 3972">
    <p class='ocr_par' dir='ltr' id='par_1_5' title="bbox 266 3884 1328 3972">
     <span class='ocr_line' id='line_1_30' title="bbox 266 3884 1328 3972; baseline -0.005 -17"><span class='ocrx_word' id='word_1_246' title='bbox 266 3895 316 3957; x_wconf 87' lang='grc'><strong><em>19.</em></strong></span> <span class='ocrx_word' id='word_1_247' title='bbox 340 3889 497 3966; x_wconf 81' lang='lat' dir='ltr'><strong><em>Quaeritur</em></strong></span> <span class='ocrx_word' id='word_1_248' title='bbox 515 3889 565 3952; x_wconf 91' lang='lat' dir='ltr'><strong><em>hic</em></strong></span> <span class='ocrx_word' id='word_1_249' title='bbox 587 3889 697 3972; x_wconf 87' lang='lat' dir='ltr'><strong><em>primo,</em></strong></span> <span class='ocrx_word' id='word_1_250' title='bbox 713 3909 843 3968; x_wconf 75' lang='lat' dir='ltr'><strong><em>quarum</em></strong></span> <span class='ocrx_word' id='word_1_251' title='bbox 864 3887 923 3949; x_wconf 89' lang='lat' dir='ltr'><strong><em>sint</em></strong></span> <span class='ocrx_word' id='word_1_252' title='bbox 939 3885 1080 3968; x_wconf 78' lang='lat' dir='ltr'><strong><em>potentie</em></strong></span> <span class='ocrx_word' id='word_1_253' title='bbox 1101 3907 1151 3948; x_wconf 90' lang='lat' dir='ltr'><strong><em>seu</em></strong></span> <span class='ocrx_word' id='word_1_254' title='bbox 1166 3884 1328 3968; x_wconf 79' lang='lat' dir='ltr'><strong><em>facultates</em></strong></span> 
     </span>
    </p>
   </div>
   <div class='ocr_carea' id='block_1_6' title="bbox 220 4000 1324 4199">
    <p class='ocr_par' dir='ltr' id='par_1_6' title="bbox 220 4000 1324 4199">
     <span class='ocr_line' id='line_1_31' title="bbox 220 4000 888 4086; baseline -0.01 -19"><span class='ocrx_word' id='word_1_255' title='bbox 220 4003 369 4066; x_wconf 82' lang='lat' dir='ltr'><strong><em>naturales</em></strong></span> <span class='ocrx_word' id='word_1_256' title='bbox 379 4003 530 4086; x_wconf 81' lang='lat' dir='ltr'><strong><em>compositi</em></strong></span> <span class='ocrx_word' id='word_1_257' title='bbox 540 4022 578 4063; x_wconf 83' lang='lat' dir='ltr'><strong><em>ec</em></strong></span> <span class='ocrx_word' id='word_1_258' title='bbox 591 4000 698 4083; x_wconf 84' lang='lat' dir='ltr'><strong><em>spiritu</em></strong></span> <span class='ocrx_word' id='word_1_259' title='bbox 712 4006 741 4062; x_wconf 92' lang='lat' dir='ltr'><strong><em>et</em></strong></span> <span class='ocrx_word' id='word_1_260' title='bbox 755 4000 888 4062; x_wconf 75' lang='lat' dir='ltr'><strong><em>materia.</em></strong></span> 
     </span>
     <span class='ocr_line' id='line_1_32' title="bbox 264 4105 1324 4199; baseline -0.005 -23"><span class='ocrx_word' id='word_1_261' title='bbox 264 4113 454 4199; x_wconf 82' lang='lat' dir='ltr'><strong><em>Respondes,</em></strong></span> <span class='ocrx_word' id='word_1_262' title='bbox 475 4108 773 4196; x_wconf 67' lang='lat' dir='ltr'><strong><em>praesupponendum</em></strong></span> <span class='ocrx_word' id='word_1_263' title='bbox 789 4130 865 4187; x_wconf 87' lang='lat' dir='ltr'><strong><em>esse,</em></strong></span> <span class='ocrx_word' id='word_1_264' title='bbox 881 4107 963 4192; x_wconf 91' lang='lat' dir='ltr'><strong><em>quod</em></strong></span> <span class='ocrx_word' id='word_1_265' title='bbox 978 4106 1061 4170; x_wconf 86' lang='lat' dir='ltr'><strong><em>radix</em></strong></span> <span class='ocrx_word' id='word_1_266' title='bbox 1076 4105 1214 4170; x_wconf 88' lang='lat' dir='ltr'><strong><em>omnium</em></strong></span> <span class='ocrx_word' id='word_1_267' title='bbox 1229 4106 1324 4171; x_wconf 88' lang='lat' dir='ltr'><strong><em>facul-</em></strong></span> 
     </span>
    </p>
   </div>
   <div class='ocr_carea' id='block_1_7' title="bbox 221 4217 1326 4309">
    <p class='ocr_par' dir='ltr' id='par_1_7' title="bbox 221 4217 1326 4309">
     <span class='ocr_line' id='line_1_33' title="bbox 221 4217 1326 4309; baseline -0.007 -18"><span class='ocrx_word' id='word_1_268' title='bbox 221 4237 318 4291; x_wconf 89' lang='lat' dir='ltr'><strong><em>tatum</em></strong></span> <span class='ocrx_word' id='word_1_269' title='bbox 340 4248 374 4289; x_wconf 87' lang='lat' dir='ltr'><strong><em>ac</em></strong></span> <span class='ocrx_word' id='word_1_270' title='bbox 396 4224 616 4309; x_wconf 89' lang='lat' dir='ltr'><strong><em>proprietatum</em></strong></span> <span class='ocrx_word' id='word_1_271' title='bbox 642 4221 735 4285; x_wconf 90' lang='lat' dir='ltr'><strong><em>huius</em></strong></span> <span class='ocrx_word' id='word_1_272' title='bbox 760 4219 921 4305; x_wconf 86' lang='lat' dir='ltr'><strong><em>compositi</em></strong></span> <span class='ocrx_word' id='word_1_273' title='bbox 947 4229 993 4283; x_wconf 93' lang='lat' dir='ltr'><strong><em>est</em></strong></span> <span class='ocrx_word' id='word_1_274' title='bbox 1019 4219 1051 4282; x_wconf 93' lang='lat' dir='ltr'><strong><em>in</em></strong></span> <span class='ocrx_word' id='word_1_275' title='bbox 1076 4217 1232 4282; x_wconf 89' lang='lat' dir='ltr'><strong><em>attributis</em></strong></span> <span class='ocrx_word' id='word_1_276' title='bbox 1258 4229 1326 4283; x_wconf 92' lang='lat' dir='ltr'><strong><em>tum</em></strong></span> 
     </span>
    </p>
   </div>
   <div class='ocr_carea' id='block_1_8' title="bbox 221 4330 1326 4424">
    <p class='ocr_par' dir='ltr' id='par_1_8' title="bbox 221 4330 1326 4424">
     <span class='ocr_line' id='line_1_34' title="bbox 221 4330 1326 4424; baseline -0.007 -22"><span class='ocrx_word' id='word_1_277' title='bbox 221 4340 355 4424; x_wconf 89' lang='lat' dir='ltr'><strong><em>spiritus,</em></strong></span> <span class='ocrx_word' id='word_1_278' title='bbox 369 4349 437 4400; x_wconf 92' lang='lat' dir='ltr'><strong><em>tum</em></strong></span> <span class='ocrx_word' id='word_1_279' title='bbox 453 4335 586 4420; x_wconf 87' lang='lat' dir='ltr'><strong><em>corporis</em></strong></span> <span class='ocrx_word' id='word_1_280' title='bbox 601 4334 639 4398; x_wconf 89' lang='lat' dir='ltr'><strong><em>ab</em></strong></span> <span class='ocrx_word' id='word_1_281' title='bbox 655 4356 690 4398; x_wconf 90' lang='lat' dir='ltr'><strong><em>eo</em></strong></span> <span class='ocrx_word' id='word_1_282' title='bbox 705 4333 840 4397; x_wconf 89' lang='lat' dir='ltr'><strong><em>animati.</em></strong></span> <span class='ocrx_word' id='word_1_283' title='bbox 888 4332 926 4395; x_wconf 94' lang='lat' dir='ltr'><strong><em>In</em></strong></span> <span class='ocrx_word' id='word_1_284' title='bbox 943 4331 1053 4415; x_wconf 86' lang='lat' dir='ltr'><strong><em>spiritu</em></strong></span> <span class='ocrx_word' id='word_1_285' title='bbox 1068 4330 1215 4394; x_wconf 89' lang='lat' dir='ltr'><strong><em>habemus</em></strong></span> <span class='ocrx_word' id='word_1_286' title='bbox 1233 4334 1265 4394; x_wconf 83' lang='lat'><strong><em>1⁰</em></strong></span> <span class='ocrx_word' id='word_1_287' title='bbox 1279 4333 1326 4394; x_wconf 92' lang='lat' dir='ltr'><strong><em>in-</em></strong></span> 
     </span>
    </p>
   </div>
   <div class='ocr_carea' id='block_1_9' title="bbox 0 0 1604 4975">
    <p class='ocr_par' dir='ltr' id='par_1_9' title="bbox 0 0 1604 4975">
     <span class='ocr_line' id='line_1_35' title="bbox 0 0 1604 4975; baseline 0 1"><span class='ocrx_word' id='word_1_288' title='bbox 0 0 1604 4975; x_wconf 95' lang='lat' dir='ltr'><strong><em> </em></strong></span> 
     </span>
    </p>
   </div>
  </div>
 </body>
</html>
