3200 4975
238 392 310 435 cir.
327 372 396 456 ιιι]
692 394 734 436 nn
752 393 896 437 nonnas.
1276 376 1342 437 249

237 578 329 641 quam
347 555 534 641 ponentibus
554 556 746 621 conditiones
768 557 896 638 debitas,
912 567 949 622 ut
961 558 1055 622 iuxta
1070 558 1208 624 ordinem
1223 568 1340 625 naturae

236 666 390 732 animetur
406 668 502 733 foetus
524 692 548 732 c.
565 677 637 749 ant,
654 668 680 732 si
702 691 765 734 non
787 676 835 734 θεῖ
855 693 874 734 a
894 669 1072 753 parentibus
1094 678 1251 757 tamquam
1274 694 1341 735 eam

237 779 382 844 dantibus
393 803 423 844 a.
434 790 495 845 out.
540 781 623 845 Nam
633 790 775 866 parentes
786 803 849 845 non
862 780 1008 845 dicuntur
1019 803 1163 865 generare
1174 782 1340 862 hominem,

238 890 310 974 quia
325 889 400 954 dent
415 890 549 955 animam
564 890 645 971 filiis,
661 891 715 955 sed
728 892 802 976 quia
813 882 887 956 sunt
902 913 992 955 causa
1007 914 1062 957 cur
1080 892 1175 957 loetus
1192 893 1341 958 formetur

236 1008 268 1063 et
282 1001 452 1066 adducatur
466 992 506 1066 ad
520 1024 588 1066 eam
601 1002 829 1087 perfectionem,
844 1010 880 1066 ut
894 1002 924 1067 ci
938 1001 1084 1067 debeatur
1098 1004 1209 1067 anima.

280 1116 379 1179 Dices.
405 1113 519 1179 Saltem
540 1115 644 1179 anima-
656 1116 824 1199 vegetativa
841 1114 930 1179 debet
945 1137 1011 1179 esse
1026 1116 1059 1179 in
1074 1116 1198 1180 semine.
1243 1116 1341 1201 Atqui

238 1224 270 1288 in
284 1224 408 1289 homine
423 1226 525 1290 anima
539 1227 709 1311 vegetativa
723 1235 769 1290 est
784 1226 850 1311 ipsa
865 1226 967 1291 anima
981 1225 1207 1291 intellectualis.
1230 1227 1324 1313 Ergo.

282 1336 465 1422 Respondeo
479 1361 510 1401 a.
526 1339 574 1401 M.
588 1364 599 1416 3
624 1339 696 1422 quia
709 1338 901 1423 operationes
916 1339 1092 1423 vegetativos
1107 1326 1227 1404 etiamsi
1242 1340 1340 1405 deter-

238 1448 395 1511 minentur
408 1448 508 1532 primo
522 1470 578 1533 per
593 1448 738 1513 virtutem
752 1450 888 1530 seminis,
904 1472 967 1513 non
982 1458 1085 1515 tamen
1101 1461 1247 1536 superant
1262 1453 1340 1517 vires

237 1559 371 1624 materiae
385 1559 425 1624 ad
439 1561 497 1625 hoo
512 1559 667 1644 dispositae
681 1570 712 1625 et
726 1560 760 1624 in
775 1560 886 1625 debitis
900 1560 1126 1627 conditionibus
1140 1564 1324 1629 constitutae.

280 1672 333 1735 88.
357 1670 513 1748 Quaeritur
533 1673 634 1752 tertio,
656 1682 756 1737 utram
777 1682 837 1737 tres
859 1676 962 1738 aalma
982 1677 1137 1739 successive
1158 1678 1287 1741 cantarat
1309 1679 1340 1740 iu

229 1784 319 1868 saeta,
334 1806 435 1867 nempe
441 1785 531 1868 priua
545 1765 643 1849 auimo
664 1787 836 1869 vegetatior,
853 1793 914 1849 tum
934 1788 1034 1851 anima
1055 1789 1203 1867 saratico,
1219 1790 1341 1873 denique

237 1888 335 1958 aalma
349 1897 536 1961 intedectioo.

282 2007 464 2092 Respondeo
481 2008 630 2093 negative.
675 2008 717 2073 llt
737 2010 846 2094 primo,
864 2009 965 2095 quoad
979 2010 1112 2075 animam
1128 2013 1338 2096 vegetativam,

238 2118 324 2182 nulla
338 2120 502 2184 necessitas
516 2118 663 2205 probatur
682 2142 749 2185 eam
769 2110 962 2201 admittendi,
978 2144 1074 2207 quum
1094 2144 1184 2187 nemo
1203 2146 1338 2210 unquam

236 2229 408 2315 probaverit
422 2232 644 2316 vegetationem
667 2254 732 2296 csse
754 2233 962 2317 operationem
985 2234 1089 2298 stricte
1110 2234 1338 2316 immanentem,

235 2350 267 2405 et
289 2342 440 2427 requirere
462 2343 605 2407 animam.
651 2344 802 2423 Secundo,
819 2343 919 2430 quoad
934 2344 1069 2409 animam
1084 2336 1271 2427 sensitivam,
1287 2347 1340 2411 illa

237 2477 359 2540 quoque
377 2465 424 2520 est
441 2477 567 2541 prorsus
585 2456 704 2521 inutilis
712 2481 723 2535 3
745 2479 818 2520 nam
836 2456 960 2543 quando
981 2478 1090 2542 corpus
1105 2457 1140 2522 fit
1155 2457 1188 2521 in
1203 2457 1340 2544 potentis

237 2559 384 2632 advitam
404 2568 589 2647 sensitivam,
605 2591 642 2633 eo
658 2558 726 2654 ipso
747 2569 849 2634 anima
870 2569 1053 2635 intellectiva
1074 2578 1175 2656 potest
1197 2569 1274 2635 illud
1291 2572 1340 2636 in·

236 2679 366 2744 formare
395 2690 426 2744 et
454 2680 581 2746 reddere
610 2680 789 2745 sensitivum
819 2689 900 2746 actu.
946 2681 1103 2760 Praeterea,
1124 2681 1150 2744 si
1173 2682 1339 2747 successive

235 2790 421 2857 haberentur
435 2793 468 2856 in
482 2793 639 2857 foetuitres
653 2792 713 2856 illae
726 2792 845 2872 animae,
857 2792 942 2856 nulla
956 2792 1034 2856 ratio
1046 2791 1229 2856 convincens
1239 2792 1340 2857 afferri

237 2912 350 2987 posset,
365 2927 419 2968 cur
432 2905 532 2989 prima
545 2912 641 2969 cesset
659 2926 714 2989 per
731 2903 897 2980 adventum
918 2903 1068 2982 secundae,
1083 2912 1114 2968 et
1135 2903 1267 2968 secunda
1285 2927 1340 2989 per

236 3013 401 3079 adventum
413 3016 520 3080 tertiae.
557 3017 640 3081 Nam
652 3015 735 3101 quod
747 3015 866 3095 dicunt,
877 3016 1009 3079 animam
1021 3015 1221 3099 vegetativam
1231 3015 1340 3080 debere

237 3128 414 3213 simpliciter
436 3151 552 3194 cessare
573 3127 606 3193 in
629 3128 763 3193 adventu
785 3127 946 3208 sensitivae‚
961 3127 1035 3213 quia
1057 3127 1201 3193 sensitiva
1218 3136 1254 3193 ut
1271 3152 1339 3214 per-

237 3231 343 3305 fectior
356 3240 493 3305 continet
507 3241 541 3305 in
550 3241 664 3305 virtute
678 3263 733 3304 sua
747 3240 840 3304 etiam
855 3231 1065 3324 vegetativam,
1075 3247 1107 3304 θῖ
1122 3239 1254 3304 animam
1271 3262 1339 3304 sen-

238 3351 356 3416 sitivam
372 3352 481 3416 debere
495 3374 610 3416 cessare
624 3352 658 3415 in
673 3351 808 3416 adventu
822 3351 1023 3430 intellectivae,
1039 3351 1111 3435 quia
1125 3350 1189 3416 haec
1204 3351 1340 3416 continet

237 3463 270 3524 in
293 3484 349 3526 sua
370 3462 482 3527 virtute
505 3461 689 3540 sensitivam,
712 3470 758 3525 eat
784 3483 863 3545 pura
884 3461 1019 3539 assertio,
1042 3469 1073 3525 et
1095 3483 1159 3526 non
1181 3463 1341 3527 constituit

237 3568 463 3658 probationem,
504 3575 587 3638 Nam
601 3582 632 3637 et
648 3573 794 3658 supponit
808 3573 841 3638 id
855 3568 938 3659 quod
953 3582 1000 3638 est
1016 3574 1049 3639 in
1065 3567 1242 3660 quaestione,
1258 3575 1341 3640 vide·

238 3685 309 3749 licet
324 3694 385 3750 tres
396 3687 518 3750 animas
535 3685 702 3751 successive
721 3685 926 3764 advenientes,
942 3696 972 3750 et
990 3708 1054 3749 non
1074 3685 1174 3750 reddit
1191 3687 1340 3751 rationem

239 3797 277 3860 de
297 3797 495 3882 disparitione
509 3789 681 3861 animarum
695 3796 953 3882 praecedentium;
977 3796 1128 3881 siquidem
1145 3801 1178 3861 1⁰
1192 3797 1341 3861 adventus

135 3886 140 3891 ἱ
238 3909 348 3974 animae
370 3909 530 3988 sensitivae,
554 3909 646 3972 etiam
668 3916 703 3972 ut
724 3907 868 3972 habentis
890 3907 923 3971 in
946 3930 1001 3971 sua
1016 3891 1129 3971 virtute
1145 3907 1206 3971 vim
1220 3917 1341 3992 vegeta-

237 4021 341 4099 tivam,
365 4043 427 4084 non
449 4021 595 4106 importat
617 4042 671 4105 per
693 4042 725 4084 se
747 4019 857 4084 animae
872 4018 1048 4103 vegetativae
1068 4017 1267 4102 praecedentis
1290 4017 1341 4084 de-

239 4132 459 4210 structionem3
483 4154 579 4216 quum
601 4130 714 4195 habere
735 4131 768 4194 in
787 4131 899 4194 virtute
917 4131 979 4194 vim
993 4127 1193 4214 vegetativam
1215 4151 1279 4193 non
1301 4129 1341 4194 sit

238 4242 320 4307 idem
342 4266 378 4308 ac
399 4243 511 4308 habere
533 4243 595 4308 vim
617 4241 745 4307 tollendi
767 4240 857 4305 aliam
880 4241 1013 4306 animam
1037 4241 1236 4326 vegetativam
1265 4264 1341 4326 prae-

238 4354 438 4419 existentem:
462 4358 497 4419 20
512 4354 662 4440 quidquid
677 4353 880 4418 necessarium
896 4361 942 4418 est
957 4362 992 4417 ut
1007 4351 1133 4417 materia
1143 4352 1182 4415 sit
1195 4351 1341 4436 disposita
