3200 4975
268 301 333 364 272
717 317 759 359 nn
778 314 925 359 nouum.
1212 289 1298 371 [oar.
1316 307 1370 349 111.

270 486 357 549 euius
372 485 442 564 albi,
458 507 515 549 nee
529 485 597 549 idea
611 484 812 548 humanitatis
832 483 870 547 ad
893 482 990 545 ideam
1013 478 1156 553 bominis,
1175 476 1228 541 sed
1248 486 1373 545 contra:

269 597 437 661 secundum
460 607 580 661 constat
603 618 696 659 exeo
722 595 804 680 quod
824 594 892 657 idea
913 593 1043 656 maxime
1066 589 1242 654 universalis
1261 610 1370 672 reprae-

270 719 371 774 sentat
386 709 546 786 minimam
566 708 703 771 entitatis
726 707 885 783 rationem,
901 704 969 767 idea
985 726 1053 767 vero
1075 702 1135 765 Dei
1153 702 1325 776 maximam,
1342 708 1373 762 et

271 843 358 884 exeo
373 820 456 905 quod
471 812 568 897 Deus,
582 828 616 881 ut
632 841 649 881 a
664 817 752 881 nobis
767 817 960 899 intelligitur,
976 836 1039 878 non
1054 822 1100 877 est
1115 835 1169 875 ens
1185 811 1372 895 simpliciter,

270 932 323 995 scd
343 954 413 995 cum
436 929 548 994 additis
568 952 642 1008 use,
658 932 689 992 iu
703 952 743 1008 se,
754 952 810 1012 per
825 951 864 1006 se,
881 950 898 991 a
913 926 1026 1012 quibus
1042 924 1117 988 ratio
1133 924 1213 987 eutis
1230 925 1295 1005 (seu
1311 923 1371 985 exi·

270 1042 404 1126 stantis),
414 1051 508 1127 prout
526 1042 610 1105 nobis
631 1043 756 1125 capuita,
773 1040 882 1123 accipit
906 1036 1187 1102 determinationem
1209 1034 1372 1110 infinitam,

270 1164 301 1217 et
329 1155 365 1217 fit
390 1163 461 1237 apta
491 1153 529 1217 ad
554 1152 759 1217 exhibendum
789 1151 960 1235 aliqualiter
988 1149 1101 1225 Deum,
1121 1157 1156 1210 ut
1181 1147 1317 1210 dicemus
1340 1146 1373 1209 in

271 1274 405 1330 tractatu
421 1265 458 1329 de
472 1266 551 1329 Deo.

316 1380 390 1443 109.
415 1378 475 1441 Hic
500 1377 677 1462 explicanda
703 1386 874 1461 superesset
898 1376 983 1461 origo
1009 1374 1210 1460 quarumdam
1237 1373 1374 1437 idearum

271 1489 371 1572 magis
385 1489 642 1557 necessariarum:
667 1489 720 1552 sed
735 1489 806 1574 quia
825 1510 861 1551 ex
878 1486 1058 1572 supradictis
1073 1486 1202 1549 habetur
1225 1483 1373 1567 generalis

272 1600 393 1679 solutio,
408 1623 471 1665 non
487 1611 572 1665 vacat
589 1604 650 1664 iam
666 1601 704 1664 ad
725 1599 919 1685 particularia
934 1599 1134 1663 descendere:
1156 1607 1298 1661 caeterum
1313 1596 1374 1658 iam

273 1712 405 1776 diximus
420 1712 458 1777 de
478 1712 595 1796 origine
609 1712 684 1778 ideae
704 1713 794 1796 spatii
810 1722 840 1776 et
858 1712 1003 1795 temporis
1023 1711 1055 1773 in
1071 1718 1204 1773 tractatu
1219 1707 1257 1771 de
1277 1706 1378 1770 tribus

272 1824 446 1888 continuis:
471 1824 508 1887 de
522 1822 589 1886 idea
612 1822 725 1886 infiniti
739 1823 901 1906 loquemur
921 1824 953 1885 in
968 1830 1101 1885 tractatu
1121 1820 1158 1883 de
1173 1820 1314 1882 infinito:
1338 1818 1375 1881 de

273 1941 341 2004 idea
366 1939 436 2018 Dei,
463 1962 555 2024 quam
586 1939 710 2023 quidam
740 1938 854 2002 iactant
884 1960 949 2001 esse
978 1937 1125 2000 intuitum
1155 1935 1376 2013 immediatum,

274 2073 366 2136 quarn
387 2060 490 2114 tamen
505 2050 655 2114 habemus
676 2050 812 2135 undique
827 2049 1034 2134 imperfectam
1058 2058 1088 2112 et
1103 2048 1292 2112 deficientem
1308 2047 1378 2110 infi-

274 2164 367 2227 nitea
382 2185 438 2226 suo
453 2162 579 2240 obiecto,
591 2162 720 2226 dicimus
734 2163 785 2225 bie
799 2162 906 2239 obiter,
919 2184 986 2224 eam
1001 2160 1110 2224 deduci
1124 2184 1160 2224 ex
1172 2169 1378 2224 ereaturarum

274 2274 522 2359 perfectionibus,
532 2273 663 2337 arcendo
678 2296 768 2337 omne
783 2273 930 2337 mutabile
942 2282 973 2337 et
988 2272 1183 2358 perfectibile.
1215 2272 1379 2342 Invisibilia

275 2387 350 2447 enim
372 2386 464 2467 ipatius
486 2407 505 2447 o
526 2376 662 2448 creatura
683 2385 793 2464 mundi,
808 2407 866 2469 per
887 2406 921 2447 eu
943 2407 1006 2467 que
1022 2384 1110 2467 facto
1129 2393 1206 2462 aaut,
1223 2384 1379 2461 intellectu,

276 2499 502 2582 conspiciuntur,
518 2499 694 2580 sempiterna
709 2519 823 2580 quoque
842 2500 903 2561 eius
917 2501 1011 2562 uirtus
1025 2505 1054 2561 et
1069 2499 1206 2561 diviuitas
1224 2496 1273 2579 (ad
1290 2497 1380 2558 Rom.

277 2632 303 2674 e.
316 2613 383 2673 Lv.
396 2611 464 2692 20).
502 2609 628 2677 Utinam
645 2632 716 2675 vero
735 2610 884 2673 intuitum
903 2609 1114 2673 immediatum
1134 2631 1197 2673 non
1213 2608 1381 2672 secundum

277 2721 386 2786 falsam
401 2720 614 2805 ideologorum
629 2721 815 2805 opinionem,
832 2722 885 2786 sed
901 2721 1068 2785 secundum
1085 2722 1242 2785 veritatem
1257 2720 1383 2786 habere-

278 2833 366 2897 musl
413 2833 486 2896 Non
513 2832 611 2897 solum
636 2833 718 2896 enim
741 2833 991 2912 beatificaremur,
1013 2833 1066 2898 sed
1090 2843 1122 2896 et
1152 2833 1268 2897 nullam
1298 2856 1380 2918 quae·-

279 2945 408 3010 stionem
449 2945 678 3009 institueremus
713 2945 750 3009 de
778 2947 846 3030 ipso
879 2945 1015 3010 intuitu:
1049 2945 1142 3009 solem
1172 2947 1257 3008 enim
1287 2968 1388 3030 quum·

262 3057 428 3136 ridemus,
449 3078 512 3120 non
531 3057 724 3141 disputamus
743 3057 781 3120 de
803 3057 857 3120 tali
879 3057 1003 3135 visione,
1019 3079 1075 3120 neo
1099 3057 1253 3142 disputare
1276 3079 1386 3140 possu-

281 3190 362 3231 mus.
405 3167 591 3232 Addendum
612 3168 662 3232 hic
677 3178 756 3232 esset
778 3168 893 3254 aliquid
907 3170 1000 3232 etiam
1015 3169 1053 3233 de
1068 3169 1164 3253 signis
1180 3168 1384 3248 sensibilibus,

282 3300 338 3363 per
366 3301 434 3363 quae
462 3279 549 3363 pueri
579 3279 701 3344 discunt
735 3281 902 3365 exprimere
932 3303 1002 3345 suas
1031 3281 1123 3360 ideas,
1151 3281 1318 3366 praesertim
1348 3281 1385 3344 de

285 3391 428 3454 facultate
442 3390 596 3474 loquendi,
611 3414 680 3476 quae
694 3392 792 3476 magis
808 3391 921 3456 directe
935 3393 973 3456 ad
997 3393 1079 3456 hunc
1094 3393 1185 3455 finem
1206 3393 1386 3457 destinatur.

286 3502 348 3566 Sed
362 3502 435 3586 quia
449 3502 487 3565 de
502 3503 645 3566 omnibus
657 3503 827 3588 specialiter
840 3502 924 3588 loqui
942 3504 1031 3566 nimis
1045 3499 1173 3587 longum
1189 3512 1245 3583 est,
1257 3502 1387 3567 monebo

286 3623 420 3694 tantum,
434 3637 521 3678 voees
542 3615 716 3679 articulatas
738 3637 806 3700 quae
826 3614 1013 3680 obiectorum
1036 3618 1240 3680 ostensionem
1263 3617 1300 3680 ab
1321 3617 1388 3682 aliis

287 3725 398 3788 factam
424 3723 772 3810 comitantur,.propter
797 3726 877 3788 hano
902 3707 1142 3806 associationem,
1167 3729 1326 3812 paullatim
1356 3730 1389 3792 iu

288 3845 391 3900 mente
405 3835 495 3920 pueri
512 3835 578 3899 fieri
592 3837 850 3920 repraesentativus
870 3838 1045 3902 eorumdem
1062 3839 1269 3904 obiectorum:
1294 3862 1389 3924 quum

289 3957 392 4012 autem
408 3947 470 4010 sint
485 3945 600 4026 breves,
612 3946 776 4031 facilesque
790 3947 917 4012 habenti
926 3971 1040 4033 organa
1056 3951 1202 4035 disposita
1211 3952 1250 4015 ad
1263 3952 1390 4036 loquen-

290 4060 376 4139 dum,
392 4060 553 4123 discuntur
570 4059 710 4123 exercitio
727 4058 887 4139 audiendi,
902 4061 933 4124 et
954 4061 1113 4126 tendentia
1133 4064 1172 4127 ad
1197 4052 1390 4141 imitandum,

291 4181 322 4235 et
336 4194 484 4257 magnum
503 4170 675 4235 subsidium
694 4171 826 4254 afferunt
844 4171 883 4236 ad
904 4195 1004 4236 rerum
1027 4176 1265 4258 comparationes
1281 4174 1396 4238 accele-

292 4282 401 4364 randas
427 4305 461 4346 ac
487 4282 693 4367 perficiendas.
740 4284 823 4348 Hinc
847 4285 970 4368 quaudo
995 4309 1071 4370 puer
1100 4288 1299 4352 sufficientem
1330 4310 1392 4351 non
