3200 4975
249 347 318 392 car.
336 329 392 412 11.]
703 352 746 395 nn
763 351 907 395 nonina.
1288 337 1351 398 215

247 516 319 600 quia
356 517 540 582 vibrationes
574 519 652 583 lucis
680 518 795 584 babent
824 519 918 584 nimis
946 518 1068 584 brevem
1098 527 1228 600 motum,
1259 543 1350 606 quam

246 636 283 692 ut
308 629 441 694 afficiant
466 630 650 695 sensibilitei
672 653 824 715 organum
849 637 960 694 tactus.
1006 629 1094 714 Ignis
1120 639 1233 712 autem,
1263 633 1350 698 cuius

246 740 376 805 calorem
384 741 537 808 radiatum
551 751 636 808 tactu
652 745 813 822 scutimus,
824 742 914 806 debet
928 741 961 806 in
977 765 1009 806 se
1023 743 1091 827 ipso
1105 742 1217 808 habere
1231 752 1350 810 motum

246 852 444 917 vibratorinm
460 852 597 919 eiusdem
617 854 728 940 speciei
752 863 845 940 atque
864 853 963 932 illum,
979 875 1071 938 quem
1090 854 1272 919 transmittit
1294 878 1349 940 per

245 964 406 1032 aetherem:
437 974 470 1030 at
495 966 567 1051 quia
586 965 668 1051 ignis
684 990 747 1032 uon
763 967 895 1031 babetur
917 965 997 1030 siout
1018 965 1072 1029 lux
1094 987 1130 1030 ex
1156 965 1221 1030 solo
1237 966 1348 1032 aetbere

244 1076 370 1160 agitato,
397 1077 450 1142 sed
471 1097 509 1142 ex
533 1077 702 1162 agitatione
723 1077 903 1143 substantiae
928 1076 1161 1156 combustibilis,
1185 1077 1348 1143 dicendum

244 1196 301 1268 est,
313 1188 415 1273 ipsum
426 1209 548 1274 corpus,
558 1187 642 1274 quod
656 1189 857 1268 comburitur,
869 1189 902 1252 iu
918 1198 988 1253 actu
1003 1187 1223 1252 combustionis
1236 1188 1348 1254 babere

242 1299 426 1399 pibrationes
447 1301 644 1366 molecnlares
659 1302 774 1366 similes
790 1301 860 1382 illis,
878 1323 955 1386 quas
976 1299 1070 1364 habet
1084 1300 1179 1365 aether
1200 1300 1233 1364 in
1247 1307 1346 1366 baus-

243 1410 387 1475 missione
412 1411 550 1476 calorici:
582 1411 645 1476 dini
664 1413 782 1491 similes,
805 1411 838 1476 id
857 1420 904 1476 est
918 1410 1054 1476 eiusdem
1070 1411 1260 1496 rupiditatis,
1282 1434 1346 1476 non

244 1531 347 1587 tamen
361 1523 508 1604 eiusdem,
524 1525 579 1589 sed
593 1524 716 1589 maioris
730 1524 917 1588 inienuitatis
925 1527 956 1588 *.

286 1633 388 1700 Facile
401 1645 448 1700 est
469 1657 562 1716 nnuc,
577 1636 627 1700 his
642 1636 760 1722 positis,
776 1636 815 1700 de
836 1643 922 1700 tactu
936 1633 1035 1719 magia
1056 1635 1236 1718 generaliter
1249 1634 1345 1720 loqui.
1388 1723 1390 1729 Α

242 1746 334 1824 Nam,
358 1746 429 1811 licet
453 1755 554 1811 motus
578 1747 638 1827 ille,
666 1747 720 1832 qui
748 1747 878 1812 habetur
904 1747 937 1810 iu
961 1745 1181 1825 combustione,
1208 1744 1344 1810 destruat

241 1858 455 1938 substantiam,
482 1880 537 1922 seu
560 1859 664 1942 potius
689 1867 842 1937 naturam,
866 1857 1100 1936 combustibilis,
1127 1855 1215 1920 euius
1243 1864 1345 1941 partes

241 1969 459 2049 dissolvuntur,
474 1979 506 2034 et
529 1970 621 2034 laedat
640 1990 767 2034 manum
787 1977 976 2054 tangentem,
992 1968 1075 2054 quod
1089 1990 1153 2032 non
1174 1967 1345 2052 experimur

239 2081 272 2144 in
287 2082 441 2167 tangendo
450 2105 599 2147 marmore
614 2090 667 2147 aut
682 2082 762 2146 ferro
770 2081 904 2166 frigid03
928 2089 1063 2145 attamen
1079 2102 1197 2164 semper
1212 2080 1344 2145 sensatio

239 2192 346 2257 caloris
368 2201 422 2258 aut
446 2193 579 2279 frigoris,
595 2215 664 2279 quae
686 2193 819 2258 habetur
841 2193 875 2257 in
896 2191 1063 2276 tangendo,
1078 2191 1199 2256 ridetur
1220 2191 1343 2256 excitari

236 2325 292 2387 per
306 2312 409 2369 motus
422 2305 559 2370 eiusdem
573 2303 700 2369 rationis
714 2325 770 2368 seu
777 2303 944 2369 velocitatis
959 2303 1087 2383 circiter,
1097 2311 1200 2368 tamen
1215 2303 1342 2368 minoris

237 2419 434 2503 intensitatis,
450 2443 543 2507 quam
560 2423 595 2484 in
608 2419 747 2506 exemplo
764 2419 847 2506 ignis
862 2441 954 2506 supra
971 2420 1073 2484 allato.
1118 2419 1201 2482 Nam
1216 2418 1296 2482 calor
1310 2425 1341 2482 et

236 2532 335 2617 frigus
357 2554 420 2596 non
440 2532 610 2618 procedunt
632 2554 669 2596 ex
690 2531 830 2617 pluribus
845 2532 890 2597 vel
912 2532 1107 2617 paucioribus
1122 2530 1341 2595 vibrationibus

237 2644 309 2708 dato
325 2652 463 2729 tempore
480 2644 578 2724 factis,
594 2645 648 2709 sed
671 2665 707 2707 ex
728 2644 905 2707 earumdem
928 2643 1114 2721 intensitate,
1131 2642 1212 2706 sicut
1231 2641 1340 2705 accidit

235 2756 368 2821 insono
393 2766 425 2821 et
449 2757 483 2821 in
507 2756 615 2835 colom,
631 2756 684 2840 qui
710 2763 828 2821 serrato
851 2748 959 2819 eodem
984 2776 1112 2818 numero
1135 2753 1340 2818 vibratiouum

235 2876 365 2951 possunt
390 2868 511 2932 intendi
533 2876 564 2932 et
589 2866 715 2947 remitti,
740 2866 893 2931 manendo
918 2866 951 2929 in
973 2864 1079 2930 eadem
1104 2864 1213 2949 specie,
1236 2865 1278 2929 ita
1304 2872 1339 2930 ut

235 2980 368 3044 multum
390 2980 438 3051 rel
456 3002 563 3065 parum
582 2978 693 3043 feriant
715 3000 834 3057 sensus,
849 2986 881 3041 et
900 2976 948 3043 vel
968 2976 1130 3055 delectent,
1145 2976 1193 3042 vel
1210 2986 1340 3042 noceant

235 3090 369 3175 organis,
395 3091 428 3154 in
454 3090 567 3175 quibus
591 3089 831 3175 recipiuntaut
875 3089 957 3153 Nam
978 3088 1083 3153 radius
1106 3086 1282 3166 calorifious,
1302 3096 1339 3152 ut

235 3211 266 3265 et
285 3202 467 3281 luminosus,
482 3202 557 3265 dum
577 3210 773 3287 propagatur,
791 3199 943 3263 minuitur
964 3198 1160 3277 intensitate3
1184 3221 1277 3283 quare
1299 3199 1339 3264 ad

234 3312 398 3396 quamdam
428 3313 604 3377 distantiam
634 3312 738 3376 datam
767 3310 847 3375 sicut
873 3310 965 3390 color,
989 3310 1033 3375 ita
1061 3319 1093 3374 et
1118 3310 1209 3390 calor,
1235 3310 1338 3376 minus

233 3422 352 3487 intense
389 3422 566 3508 percipitur,
601 3423 697 3486 immo
728 3444 784 3485 nec
818 3421 1020 3508 percipietur3
1056 3429 1088 3485 et
1119 3428 1223 3485 tamen
1260 3422 1338 3486 radii

234 3541 404 3619 sequuntur
418 3534 556 3598 eamdem
570 3533 671 3617 legem
693 3532 861 3598 velocitatis
875 3532 1080 3597 vibratiouum
1099 3531 1134 3595 in
1148 3540 1214 3596 toto
1233 3554 1335 3613 eursu,

233 3645 345 3710 variata
359 3654 482 3710 tantum
497 3666 601 3709 earum
623 3644 812 3709 intensitate.
828 3716 831 3723 ,
857 3644 940 3729 Ergo
958 3664 1021 3707 non
1036 3643 1136 3708 solum
1159 3644 1192 3707 in
1207 3644 1289 3729 igne,
1305 3654 1337 3709 et

232 3778 327 3840 prope
346 3759 460 3839 ignem,
475 3757 530 3820 ubi
552 3755 703 3821 maximus
720 3764 767 3820 est
789 3754 889 3834 ardor,
905 3754 959 3818 sed
980 3753 1128 3819 etiamad
1148 3754 1335 3835 distantiam,
1446 3846 1450 3852 ι

232 3866 286 3930 ubi
314 3869 396 3932 calor
424 3869 460 3931 fit
488 3868 590 3931 minor
618 3877 650 3932 et
679 3868 789 3946 minor,
821 3866 1004 3931 vibrationes
1033 3864 1189 3931 calorificae
1215 3876 1335 3933 servant

265 4080 281 4112 t
298 4076 347 4132 Nil
362 4077 477 4147 mirum3
495 4093 559 4132 nam
576 4092 693 4149 corpora,
712 4076 796 4130 otiam
813 4080 890 4131 extra
907 4074 1128 4145 combustionem,
1146 4075 1289 4131 reflectam
1306 4084 1336 4133 et

229 4166 382 4237 caloricum,
395 4170 424 4220 et
434 4165 523 4221 radios
534 4164 639 4219 lucidos
648 4164 815 4220 diversomm
827 4162 960 4219 colorum:
979 4163 1051 4235 quod
1059 4180 1114 4217 non
1121 4167 1231 4235 possent
1239 4165 1333 4233 lacere,
1457 4178 1462 4185 ·

225 4243 285 4307 nisi
293 4253 464 4325 homologam
474 4252 530 4307 illis
541 4250 666 4307 vibrandi
677 4251 809 4305 rationem
821 4250 968 4323 respective
980 4250 1162 4305 admitterent.

264 4341 281 4403 †
299 4340 370 4395 Puto
383 4358 417 4393 ex
429 4338 541 4411 physica
552 4338 604 4393 hoc
616 4336 713 4392 deduci
725 4354 818 4409 posse:
838 4336 884 4391 sed
896 4337 1117 4391 demonstrationi
1129 4336 1175 4391 hio
1187 4338 1318 4393 renuntio.
