3200 4975
236 359 308 402 car.
326 340 365 425 1.]
690 368 733 411 on
751 368 897 415 nonius.
1281 350 1342 415 135

235 528 354 592 ratione
375 531 473 595 addai
493 532 622 597 cessabit
644 535 845 618 personalitas
866 542 1008 599 naturam
1032 535 1080 601 sui
1098 533 1254 601 dominam
1269 556 1341 601 con·

234 640 377 719 stitnens,
407 643 483 726 quin
512 653 616 708 tamen
644 654 741 710 cesset
769 647 873 732 ipsum
902 648 1039 731 compleri
1063 647 1097 713 in
1125 646 1242 713 ratione
1270 646 1340 711 talis
1435 660 1441 676 ‘

236 761 363 833 naturae,
383 755 467 840 quod
488 755 533 821 illi
553 766 673 823 naturre
693 767 740 823 est
761 760 976 839 necessarium,
994 768 1030 825 ut
1045 760 1085 823 sit
1100 758 1169 825 talis
1182 758 1340 828 individua

235 875 354 930 natura.
399 867 441 931 Et
456 866 500 933 sic
514 877 624 933 natura
641 869 827 935 intellectiva
845 870 1013 951 individua,
1031 893 1099 956 quae
1113 891 1177 935 non
1191 870 1339 937 subsistat

235 998 290 1060 per
319 999 406 1041 suam
439 979 593 1066 propriam
624 1004 796 1066 personam,
819 990 866 1047 est
887 982 988 1047 adhuc
1018 989 1129 1047 natura
1147 981 1180 1045 in
1201 1003 1233 1046 se
1254 1003 1337 1075 com·¹

232 1086 334 1171 pleta:
356 1097 388 1153 et
410 1089 476 1155 eius
501 1091 771 1176 complementum,
799 1093 884 1178 quod
906 1093 940 1159 iu
963 1093 1071 1159 ordine
1098 1090 1232 1157 naturali
1256 1100 1337 1161 esset

235 1198 389 1279 ultimum,
409 1223 472 1265 non
493 1202 613 1267 tollitur
635 1204 693 1267 sub
716 1204 835 1269 ratione
858 1205 1074 1290 complementi
1099 1203 1257 1283 naturalis,
1282 1202 1336 1268 sed

234 1311 349 1375 tollitur
359 1314 395 1376 ad
409 1336 443 1377 eo
457 1317 535 1378 ratio
550 1315 657 1393 adimi,
673 1315 852 1380 adveniente
867 1316 925 1381 alio
939 1316 1083 1383 ulteriore
1096 1338 1131 1382 ac
1145 1314 1334 1401 perfectiore·

278 1422 370 1499 Quod
393 1447 462 1489 vero
488 1425 528 1490 ad
551 1426 682 1511 priorem
705 1427 905 1512 quaestionem
930 1427 1051 1507 attinet,
1077 1427 1335 1512 complementum

234 1534 389 1613 ultimum,
411 1536 495 1621 quod
515 1538 718 1603 necessarium
738 1538 840 1602 estad
855 1538 1105 1605 'constituendam
1126 1548 1268 1603 naturam
1288 1536 1337 1602 sni

234 1646 400 1726 dominam,
425 1648 451 1712 si
475 1648 653 1733 simpliciter
676 1649 825 1733 accipitur
848 1658 883 1713 ut
907 1650 1175 1734 complementum,
1194 1657 1241 1715 est
1256 1658 1337 1715 certe

231 1758 348 1843 aliquid
362 1760 537 1845 positivum,
561 1769 592 1829 et
614 1762 674 1846 ipsi
704 1770 822 1827 natura
852 1762 1016 1827 individua
1049 1762 1279 1840 identificatam,
1300 1770 1337 1824 ut

233 1891 332 1933 unum
343 1871 453 1935 exeius
467 1872 672 1937 constitutivis
686 1872 860 1937 intrinsecis
868 1898 878 1950 3
900 1872 986 1937 etsie
1000 1873 1134 1957 pertinet
1145 1871 1184 1937 ad
1194 1881 1336 1941 naturam

233 1982 349 2066 ipsam:
376 1983 430 2047 sed
452 1984 478 2048 si
500 1984 666 2069 accipiatur
693 1985 909 2069 reduplicative
937 1996 974 2049 ut
1003 1985 1158 2065 ultimum,
1188 1986 1246 2049 sub
1275 2007 1338 2071 qua

233 2096 351 2161 ratione
365 2096 534 2161 formaliter
548 2098 601 2163 dat
615 2120 682 2161 esso
703 2120 850 2182 personae,
873 2106 947 2163 tunc
969 2097 1031 2163 duo
1053 2105 1215 2163 connotat:
1238 2098 1337 2183 primo

234 2208 350 2293 aliquid
364 2232 418 2293 per
435 2209 562 2273 modum
585 2210 728 2291 materiae,
750 2210 834 2295 quod
856 2219 902 2276 est
924 2212 1018 2295 psam
1037 2233 1097 2276 eoae
1112 2198 1337 2295 complementi,

232 2320 367 2385 secundo
389 2321 506 2407 aliquid
526 2344 582 2407 per
604 2322 731 2386 modum
753 2322 867 2402 formae,
891 2322 975 2408 quod
995 2331 1041 2387 est
1063 2325 1126 2387 cias
1141 2322 1286 2388 adimitur
1304 2322 1337 2387 in

234 2431 426 2518 complendo.
471 2432 554 2510 Quia
567 2456 638 2500 vero
659 2434 737 2499 ratio
759 2434 894 2500 formalis
916 2434 1142 2520 personalitatis
1164 2433 1338 2520 accipienda

233 2552 279 2607 est
294 2566 331 2607 ex
345 2543 478 2629 eoquod
497 2545 530 2608 in
553 2545 767 2629 personalitate
788 2545 914 2610 formale
935 2553 992 2625 est,
1013 2567 1076 2609 non
1091 2567 1127 2609 cx
1142 2566 1178 2609 eo
1193 2546 1276 2630 quod
1290 2557 1337 2610 cst

233 2655 266 2717 in
280 2678 316 2720 ea
330 2656 494 2735 materiale,
514 2656 583 2721 ideo
606 2657 684 2722 ratio
709 2658 933 2741 personalitatis
955 2658 1059 2742 potius
1081 2657 1224 2743 ponenda
1242 2659 1337 2722 estin
1412 2741 1416 2748 Ι

233 2768 300 2851 ipsa
322 2769 480 2833 ultimitate
502 2767 727 2853 complementi,
751 2792 845 2854 quam
867 2769 900 2832 in
920 2769 987 2853 ipso
1007 2768 1238 2854 complemento,
1253 2768 1337 2854 quod

234 2877 344 2942 dicitur
359 2878 515 2944 ultimum.
560 2879 718 2943 Ultimitas
738 2888 841 2944 autem
856 2901 919 2943 non
935 2879 1008 2944 dicit
1027 2878 1142 2964 aliquid
1161 2879 1336 2965 positivum,

232 2989 287 3053 sed
300 2999 347 3054 est
361 2992 538 3055 connotatio
552 2992 694 3075 negativa
707 2991 870 3056 excludens
884 2991 1058 3056 ulteriorem
1074 2991 1239 3057 realitatem
1253 3013 1337 3058 oom-

231 3101 386 3186 plentem3
410 3102 488 3166 illud
510 3103 594 3168 enim
617 3112 664 3168 est
690 3103 846 3183 ultimum,
869 3111 940 3188 post
963 3102 1047 3188 quod
1071 3103 1150 3168 nihil
1172 3112 1219 3169 est
1242 3103 1335 3168 aliud.

232 3213 284 3276 Sic
306 3214 401 3296 igitur
426 3222 522 3298 patet,
547 3236 609 3293 eos,
633 3215 687 3299 qui
711 3223 881 3299 posuerrmt
907 3214 1152 3300 personalitatem
1175 3215 1209 3284 in
1235 3215 1337 3301 aliquo

232 3325 371 3408 positivo,
401 3325 519 3390 locutos
548 3326 642 3389 fuisse
666 3326 704 3390 de
727 3325 781 3389 illa
810 3325 978 3390 secundum
1004 3325 1037 3389 id
1062 3325 1145 3411 qnod
1169 3333 1215 3390 est
1240 3325 1274 3392 iu
1300 3349 1336 3392 ea
1393 3353 1396 3361 *

231 3437 405 3502 materiale:
429 3437 572 3522 quivero
597 3446 717 3523 ponunt
741 3437 989 3522 personalitatem
1014 3439 1047 3502 in
1066 3437 1168 3522 aliquo
1183 3439 1334 3524 negativo,

230 3548 316 3633 loqui
342 3548 381 3612 de
405 3549 458 3612 illa
488 3549 656 3614 secundum
679 3550 713 3614 id
738 3549 821 3633 quod
849 3558 896 3614 est
922 3549 954 3614 in
980 3572 1014 3614 ea
1040 3549 1183 3617 formale:
1205 3559 1237 3615 et
1262 3550 1335 3616 hinc

231 3658 359 3722 ulterius
373 3667 468 3743 patet,
485 3660 594 3724 melius
609 3661 708 3725 dicere
722 3660 872 3726 secundos
886 3684 978 3747 quam
994 3662 1118 3746 primos.
1162 3663 1267 3748 Atque
1277 3663 1336 3730 hoc

231 3771 333 3855 ipsum
355 3764 422 3835 aliis
445 3771 565 3836 duabus
586 3771 756 3838 rationibus
778 3773 984 3838 confirmatur.
1031 3772 1133 3838 Prima
1149 3780 1207 3852 est,
1222 3772 1295 3857 quia
1309 3775 1336 3838 si

230 3882 430 3967 personalitas
444 3884 611 3969 accipiatur
624 3907 681 3969 pro
695 3885 761 3969 ipso
776 3883 999 3968 oomplcmcnto
1013 3891 1140 3964 naturae,
1155 3906 1218 3948 non
1232 3898 1335 3970 posset

230 3995 430 4079 personalitas
445 3995 511 4060 tolli
530 4019 548 4060 a
568 4006 677 4060 natura
702 3995 853 4075 rationali,
878 3996 953 4080 quin
976 3994 1134 4060 tolleretur
1157 3995 1273 4082 aliquid
1296 3997 1334 4066 de

231 4107 297 4190 ipsa
325 4114 446 4185 natura,
476 4115 512 4170 ut
541 4117 667 4192 apparet
692 4129 728 4170 ex
755 4107 845 4172 dictis
875 4128 967 4192 supra
994 4107 1038 4189 (n.
1066 4107 1141 4190 16);
1178 4107 1337 4175 tolleretur

230 4241 341 4304 nempe
355 4218 556 4283 individuatio
570 4219 716 4284 eiusdem.
762 4218 869 4283 Altera
882 4219 960 4284 ratio
974 4226 1021 4283 ert
1040 4219 1112 4303 quia
1133 4239 1246 4286 nomen
1267 4225 1335 4287 aab·

230 4333 369 4396 serario
383 4331 469 4416 quod
484 4331 632 4416 accipitur
646 4354 702 4416 pro
725 4352 896 4418 synonymo
910 4329 1144 4416 personalitatis,
1164 4340 1268 4414 aperte
1288 4333 1336 4396 in·
