<?xml version="1.0" encoding="UTF-8"?>
<!DOCTYPE html PUBLIC "-//W3C//DTD XHTML 1.0 Transitional//EN"
    "http://www.w3.org/TR/xhtml1/DTD/xhtml1-transitional.dtd">
<html xmlns="http://www.w3.org/1999/xhtml" xml:lang="en" lang="en">
 <head>
  <title>
</title>
<meta http-equiv="Content-Type" content="text/html;charset=utf-8" />
  <meta name='ocr-system' content='tesseract 3.04.00' />
  <meta name='ocr-capabilities' content='ocr_page ocr_carea ocr_par ocr_line ocrx_word'/>
</head>
<body>
  <div class='ocr_page' id='page_1' title='image "./realisphilosoph02baymgoog_0359.png"; bbox 0 0 3200 4975; ppageno 0'>
   <div class='ocr_carea' id='block_1_1' title="bbox 218 331 1320 415">
    <p class='ocr_par' dir='ltr' id='par_1_1' title="bbox 218 331 1320 415">
     <span class='ocr_line' id='line_1_1' title="bbox 218 331 1320 415; baseline -0.004 -20"><span class='ocrx_word' id='word_1_1' title='bbox 218 352 290 395; x_wconf 78' lang='lat' dir='ltr'><strong><em>car.</em></strong></span> <span class='ocrx_word' id='word_1_2' title='bbox 307 333 377 415; x_wconf 72' lang='lat' dir='ltr'><strong><em>nu]</em></strong></span> <span class='ocrx_word' id='word_1_3' title='bbox 600 352 643 393; x_wconf 83' lang='lat' dir='ltr'><strong><em>aa</em></strong></span> <span class='ocrx_word' id='word_1_4' title='bbox 659 350 916 394; x_wconf 76' lang='lat' dir='ltr'><strong><em>nccrnnursaus</em></strong></span> <span class='ocrx_word' id='word_1_5' title='bbox 933 352 938 371; x_wconf 82' lang='grc'><em>·</em></span> <span class='ocrx_word' id='word_1_6' title='bbox 1257 331 1320 392; x_wconf 82' lang='lat'><strong><em>345</em></strong></span> 
     </span>
    </p>
   </div>
   <div class='ocr_carea' id='block_1_2' title="bbox 218 516 1323 604">
    <p class='ocr_par' dir='ltr' id='par_1_2' title="bbox 218 516 1323 604">
     <span class='ocr_line' id='line_1_2' title="bbox 218 516 1323 604; baseline -0.005 -21"><span class='ocrx_word' id='word_1_7' title='bbox 218 519 300 604; x_wconf 90' lang='lat' dir='ltr'><strong><em>quod</em></strong></span> <span class='ocrx_word' id='word_1_8' title='bbox 315 528 461 603; x_wconf 83' lang='lat' dir='ltr'><strong><em>respectus</em></strong></span> <span class='ocrx_word' id='word_1_9' title='bbox 476 520 735 594; x_wconf 83' lang='lat' dir='ltr'><strong><em>tramoeudmtalis</em></strong></span> <span class='ocrx_word' id='word_1_10' title='bbox 753 522 884 583; x_wconf 86' lang='lat' dir='ltr'><strong><em>materia</em></strong></span> <span class='ocrx_word' id='word_1_11' title='bbox 903 519 943 583; x_wconf 88' lang='lat' dir='ltr'><strong><em>ad</em></strong></span> <span class='ocrx_word' id='word_1_12' title='bbox 954 519 1085 602; x_wconf 84' lang='lat' dir='ltr'><strong><em>sormam</em></strong></span> <span class='ocrx_word' id='word_1_13' title='bbox 1104 517 1215 581; x_wconf 84' lang='lat' dir='ltr'><strong><em>uallum</em></strong></span> <span class='ocrx_word' id='word_1_14' title='bbox 1238 516 1323 579; x_wconf 81' lang='lat' dir='ltr'><strong><em>labet</em></strong></span> 
     </span>
    </p>
   </div>
   <div class='ocr_carea' id='block_1_3' title="bbox 211 628 1438 714">
    <p class='ocr_par' dir='ltr' id='par_1_3' title="bbox 211 628 1438 714">
     <span class='ocr_line' id='line_1_3' title="bbox 211 628 1438 714; baseline -0.005 -18"><span class='ocrx_word' id='word_1_15' title='bbox 211 632 447 713; x_wconf 72' lang='lat' dir='ltr'><strong><em>fundumentum,</em></strong></span> <span class='ocrx_word' id='word_1_16' title='bbox 469 632 522 694; x_wconf 85' lang='lat' dir='ltr'><strong><em>sed</em></strong></span> <span class='ocrx_word' id='word_1_17' title='bbox 541 632 642 694; x_wconf 83' lang='lat' dir='ltr'><strong><em>intime</em></strong></span> <span class='ocrx_word' id='word_1_18' title='bbox 663 631 822 694; x_wconf 75' lang='lat' dir='ltr'><em>includitur</em></span> <span class='ocrx_word' id='word_1_19' title='bbox 842 632 873 693; x_wconf 85' lang='lat' dir='ltr'><strong><em>ia</em></strong></span> <span class='ocrx_word' id='word_1_20' title='bbox 893 632 958 714; x_wconf 86' lang='lat' dir='ltr'><strong><em>ipsa</em></strong></span> <span class='ocrx_word' id='word_1_21' title='bbox 978 632 1122 693; x_wconf 88' lang='lat' dir='ltr'><strong><em>materia:</em></strong></span> <span class='ocrx_word' id='word_1_22' title='bbox 1146 637 1175 692; x_wconf 90' lang='lat' dir='ltr'><strong><em>et</em></strong></span> <span class='ocrx_word' id='word_1_23' title='bbox 1190 628 1264 691; x_wconf 83' lang='lat' dir='ltr'><strong><em>idem</em></strong></span> <span class='ocrx_word' id='word_1_24' title='bbox 1279 636 1322 691; x_wconf 86' lang='lat' dir='ltr'><strong><em>eat</em></strong></span> <span class='ocrx_word' id='word_1_25' title='bbox 1435 634 1438 639; x_wconf 85' lang='lat'>&#39;</span> 
     </span>
    </p>
   </div>
   <div class='ocr_carea' id='block_1_4' title="bbox 160 740 1347 4400">
    <p class='ocr_par' dir='ltr' id='par_1_4' title="bbox 218 740 1337 2726">
     <span class='ocr_line' id='line_1_4' title="bbox 219 740 1322 827; baseline -0.004 -21"><span class='ocrx_word' id='word_1_26' title='bbox 219 744 254 806; x_wconf 78' lang='lat' dir='ltr'><strong><em>cle</em></strong></span> <span class='ocrx_word' id='word_1_27' title='bbox 268 752 399 827; x_wconf 79' lang='lat' dir='ltr'><strong><em>respectu</em></strong></span> <span class='ocrx_word' id='word_1_28' title='bbox 405 744 516 825; x_wconf 79' lang='lat' dir='ltr'><strong><em>farma</em></strong></span> <span class='ocrx_word' id='word_1_29' title='bbox 529 744 570 807; x_wconf 88' lang='lat' dir='ltr'><strong><em>ad</em></strong></span> <span class='ocrx_word' id='word_1_30' title='bbox 585 746 746 820; x_wconf 82' lang='lat' dir='ltr'><strong><em>materiam,</em></strong></span> <span class='ocrx_word' id='word_1_31' title='bbox 769 744 896 807; x_wconf 82' lang='lat' dir='ltr'><strong><em>seientia</em></strong></span> <span class='ocrx_word' id='word_1_32' title='bbox 915 743 956 806; x_wconf 87' lang='lat' dir='ltr'><strong><em>od</em></strong></span> <span class='ocrx_word' id='word_1_33' title='bbox 967 744 1117 820; x_wconf 85' lang='lat' dir='ltr'><strong><em>obiectam,</em></strong></span> <span class='ocrx_word' id='word_1_34' title='bbox 1132 749 1161 804; x_wconf 91' lang='lat' dir='ltr'><strong><em>et</em></strong></span> <span class='ocrx_word' id='word_1_35' title='bbox 1175 740 1322 804; x_wconf 83' lang='lat' dir='ltr'><strong><em>similium.</em></strong></span> 
     </span>
     <span class='ocr_line' id='line_1_5' title="bbox 218 834 1324 938; baseline -0.003 -22"><span class='ocrx_word' id='word_1_36' title='bbox 218 856 267 917; x_wconf 84' lang='lat' dir='ltr'><strong><em>Et</em></strong></span> <span class='ocrx_word' id='word_1_37' title='bbox 285 834 363 919; x_wconf 88' lang='lat' dir='ltr'><strong><em>ratio</em></strong></span> <span class='ocrx_word' id='word_1_38' title='bbox 382 864 426 919; x_wconf 86' lang='lat' dir='ltr'><strong><em>eat</em></strong></span> <span class='ocrx_word' id='word_1_39' title='bbox 448 855 622 938; x_wconf 64' lang='lat' dir='ltr'><strong><em>mamsestm</em></strong></span> <span class='ocrx_word' id='word_1_40' title='bbox 645 856 715 938; x_wconf 90' lang='lat' dir='ltr'><strong><em>quia</em></strong></span> <span class='ocrx_word' id='word_1_41' title='bbox 740 855 788 919; x_wconf 75' lang='lat' dir='ltr'><strong><em>laic</em></strong></span> <span class='ocrx_word' id='word_1_42' title='bbox 813 853 1072 919; x_wconf 82' lang='lat' dir='ltr'><strong><em>troasceudeatolis</em></strong></span> <span class='ocrx_word' id='word_1_43' title='bbox 1096 859 1243 935; x_wconf 80' lang='lat' dir='ltr'><strong><em>respectus</em></strong></span> <span class='ocrx_word' id='word_1_44' title='bbox 1266 874 1324 913; x_wconf 84' lang='lat' dir='ltr'><strong><em>uon</em></strong></span> 
     </span>
     <span class='ocr_line' id='line_1_6' title="bbox 221 963 1324 1041; baseline -0.005 -12"><span class='ocrx_word' id='word_1_45' title='bbox 221 966 336 1029; x_wconf 82' lang='lat' dir='ltr'><strong><em>ademit</em></strong></span> <span class='ocrx_word' id='word_1_46' title='bbox 356 968 447 1030; x_wconf 88' lang='lat' dir='ltr'><strong><em>alicui</em></strong></span> <span class='ocrx_word' id='word_1_47' title='bbox 467 968 512 1029; x_wconf 89' lang='lat' dir='ltr'><strong><em>rei</em></strong></span> <span class='ocrx_word' id='word_1_48' title='bbox 534 968 593 1030; x_wconf 91' lang='lat' dir='ltr'><strong><em>iam</em></strong></span> <span class='ocrx_word' id='word_1_49' title='bbox 617 969 780 1031; x_wconf 82' lang='lat' dir='ltr'><strong><em>constituta</em></strong></span> <span class='ocrx_word' id='word_1_50' title='bbox 804 968 835 1028; x_wconf 86' lang='lat' dir='ltr'><strong><em>ia</em></strong></span> <span class='ocrx_word' id='word_1_51' title='bbox 860 988 912 1029; x_wconf 86' lang='lat' dir='ltr'><strong><em>suo</em></strong></span> <span class='ocrx_word' id='word_1_52' title='bbox 937 987 998 1029; x_wconf 87' lang='lat' dir='ltr'><strong><em>esse</em></strong></span> <span class='ocrx_word' id='word_1_53' title='bbox 1021 964 1180 1041; x_wconf 75' lang='lat' dir='ltr'><em>essentiali,</em></span> <span class='ocrx_word' id='word_1_54' title='bbox 1205 963 1258 1026; x_wconf 79' lang='lat' dir='ltr'><strong><em>secl</em></strong></span> <span class='ocrx_word' id='word_1_55' title='bbox 1280 968 1324 1025; x_wconf 87' lang='lat' dir='ltr'><strong><em>est</em></strong></span> 
     </span>
     <span class='ocr_line' id='line_1_7' title="bbox 222 1075 1326 1161; baseline -0.003 -21"><span class='ocrx_word' id='word_1_56' title='bbox 222 1079 307 1160; x_wconf 91' lang='lat' dir='ltr'><strong><em>quasi</em></strong></span> <span class='ocrx_word' id='word_1_57' title='bbox 320 1077 488 1161; x_wconf 80' lang='lat' dir='ltr'><strong><em>diffareatio</em></strong></span> <span class='ocrx_word' id='word_1_58' title='bbox 509 1079 687 1141; x_wconf 81' lang='lat' dir='ltr'><strong><em>constituens</em></strong></span> <span class='ocrx_word' id='word_1_59' title='bbox 701 1084 730 1140; x_wconf 90' lang='lat' dir='ltr'><strong><em>et</em></strong></span> <span class='ocrx_word' id='word_1_60' title='bbox 745 1077 888 1160; x_wconf 79' lang='lat' dir='ltr'><strong><em>compleas</em></strong></span> <span class='ocrx_word' id='word_1_61' title='bbox 907 1078 1061 1140; x_wconf 84' lang='lat' dir='ltr'><strong><em>essentiam</em></strong></span> <span class='ocrx_word' id='word_1_62' title='bbox 1079 1075 1160 1138; x_wconf 86' lang='lat' dir='ltr'><strong><em>illius</em></strong></span> <span class='ocrx_word' id='word_1_63' title='bbox 1173 1075 1227 1151; x_wconf 88' lang='lat' dir='ltr'><strong><em>rei,</em></strong></span> <span class='ocrx_word' id='word_1_64' title='bbox 1244 1075 1326 1137; x_wconf 83' lang='lat' dir='ltr'><strong><em>cuias</em></strong></span> 
     </span>
     <span class='ocr_line' id='line_1_8' title="bbox 220 1186 1326 1272; baseline -0.002 -21"><span class='ocrx_word' id='word_1_65' title='bbox 220 1196 367 1272; x_wconf 81' lang='lat' dir='ltr'><strong><em>respectas</em></strong></span> <span class='ocrx_word' id='word_1_66' title='bbox 388 1211 449 1252; x_wconf 83' lang='lat' dir='ltr'><strong><em>esse</em></strong></span> <span class='ocrx_word' id='word_1_67' title='bbox 470 1188 586 1257; x_wconf 87' lang='lat' dir='ltr'><strong><em>dicitur.</em></strong></span> <span class='ocrx_word' id='word_1_68' title='bbox 631 1188 677 1251; x_wconf 83' lang='lat' dir='ltr'><strong><em>Et</em></strong></span> <span class='ocrx_word' id='word_1_69' title='bbox 696 1188 772 1264; x_wconf 86' lang='lat' dir='ltr'><strong><em>ideo,</em></strong></span> <span class='ocrx_word' id='word_1_70' title='bbox 791 1190 868 1252; x_wconf 80' lang='lat' dir='ltr'><strong><em>siem</em></strong></span> <span class='ocrx_word' id='word_1_71' title='bbox 888 1187 940 1251; x_wconf 89' lang='lat' dir='ltr'><strong><em>illo</em></strong></span> <span class='ocrx_word' id='word_1_72' title='bbox 954 1210 1011 1265; x_wconf 86' lang='lat' dir='ltr'><strong><em>res,</em></strong></span> <span class='ocrx_word' id='word_1_73' title='bbox 1027 1188 1169 1271; x_wconf 82' lang='lat' dir='ltr'><strong><em>quamsit</em></strong></span> <span class='ocrx_word' id='word_1_74' title='bbox 1183 1186 1326 1263; x_wconf 87' lang='lat' dir='ltr'><strong><em>absoluta,</em></strong></span> 
     </span>
     <span class='ocr_line' id='line_1_9' title="bbox 222 1299 1326 1383; baseline -0.003 -20"><span class='ocrx_word' id='word_1_75' title='bbox 222 1322 280 1363; x_wconf 87' lang='lat' dir='ltr'><strong><em>aaa</em></strong></span> <span class='ocrx_word' id='word_1_76' title='bbox 294 1300 420 1383; x_wconf 79' lang='lat' dir='ltr'><strong><em>requirit</em></strong></span> <span class='ocrx_word' id='word_1_77' title='bbox 430 1299 752 1383; x_wconf 83' lang='lat' dir='ltr'><strong><em>oliudsuudameutum,</em></strong></span> <span class='ocrx_word' id='word_1_78' title='bbox 767 1308 802 1363; x_wconf 85' lang='lat' dir='ltr'><strong><em>ut</em></strong></span> <span class='ocrx_word' id='word_1_79' title='bbox 812 1302 865 1378; x_wconf 86' lang='lat' dir='ltr'><strong><em>sic,</em></strong></span> <span class='ocrx_word' id='word_1_80' title='bbox 875 1307 986 1383; x_wconf 84' lang='lat' dir='ltr'><strong><em>prater</em></strong></span> <span class='ocrx_word' id='word_1_81' title='bbox 994 1300 1148 1382; x_wconf 81' lang='lat' dir='ltr'><strong><em>proprium</em></strong></span> <span class='ocrx_word' id='word_1_82' title='bbox 1158 1299 1326 1375; x_wconf 80' lang='lat' dir='ltr'><strong><em>subiectum,</em></strong></span> 
     </span>
     <span class='ocr_line' id='line_1_10' title="bbox 222 1409 1327 1494; baseline -0.003 -19"><span class='ocrx_word' id='word_1_83' title='bbox 222 1413 249 1475; x_wconf 88' lang='lat' dir='ltr'><strong><em>si</em></strong></span> <span class='ocrx_word' id='word_1_84' title='bbox 267 1411 400 1494; x_wconf 80' lang='lat' dir='ltr'><strong><em>sortasse</em></strong></span> <span class='ocrx_word' id='word_1_85' title='bbox 421 1413 461 1475; x_wconf 86' lang='lat' dir='ltr'><strong><em>sit</em></strong></span> <span class='ocrx_word' id='word_1_86' title='bbox 483 1411 671 1476; x_wconf 82' lang='lat' dir='ltr'><strong><em>accidentalis</em></strong></span> <span class='ocrx_word' id='word_1_87' title='bbox 693 1412 812 1489; x_wconf 81' lang='lat' dir='ltr'><strong><em>entitas,</em></strong></span> <span class='ocrx_word' id='word_1_88' title='bbox 834 1412 878 1474; x_wconf 90' lang='lat' dir='ltr'><strong><em>ito</em></strong></span> <span class='ocrx_word' id='word_1_89' title='bbox 900 1414 988 1475; x_wconf 88' lang='lat' dir='ltr'><strong><em>etiam</em></strong></span> <span class='ocrx_word' id='word_1_90' title='bbox 1009 1412 1058 1474; x_wconf 82' lang='lat' dir='ltr'><strong><em>lic</em></strong></span> <span class='ocrx_word' id='word_1_91' title='bbox 1078 1409 1224 1493; x_wconf 80' lang='lat' dir='ltr'><strong><em>respectas</em></strong></span> <span class='ocrx_word' id='word_1_92' title='bbox 1245 1417 1327 1473; x_wconf 86' lang='lat' dir='ltr'><strong><em>troa-</em></strong></span> 
     </span>
     <span class='ocr_line' id='line_1_11' title="bbox 224 1522 1329 1607; baseline -0.001 -21"><span class='ocrx_word' id='word_1_93' title='bbox 224 1524 415 1587; x_wconf 85' lang='lat' dir='ltr'><strong><em>scmdeutalis</em></strong></span> <span class='ocrx_word' id='word_1_94' title='bbox 429 1546 488 1587; x_wconf 84' lang='lat' dir='ltr'><strong><em>aaa</em></strong></span> <span class='ocrx_word' id='word_1_95' title='bbox 506 1525 631 1607; x_wconf 80' lang='lat' dir='ltr'><strong><em>requirit</em></strong></span> <span class='ocrx_word' id='word_1_96' title='bbox 642 1524 867 1607; x_wconf 79' lang='lat' dir='ltr'><strong><em>fundamentum</em></strong></span> <span class='ocrx_word' id='word_1_97' title='bbox 887 1522 976 1593; x_wconf 86' lang='lat' dir='ltr'><strong><em>aliud,</em></strong></span> <span class='ocrx_word' id='word_1_98' title='bbox 992 1523 1045 1586; x_wconf 85' lang='lat' dir='ltr'><strong><em>sed</em></strong></span> <span class='ocrx_word' id='word_1_99' title='bbox 1060 1524 1211 1587; x_wconf 83' lang='lat' dir='ltr'><strong><em>constituit</em></strong></span> <span class='ocrx_word' id='word_1_100' title='bbox 1225 1524 1329 1605; x_wconf 84' lang='lat' dir='ltr'><strong><em>potius</em></strong></span> 
     </span>
     <span class='ocr_line' id='line_1_12' title="bbox 226 1634 1331 1719; baseline -0.002 -22"><span class='ocrx_word' id='word_1_101' title='bbox 226 1637 320 1718; x_wconf 67' lang='lat' dir='ltr'><strong><em>msam</em></strong></span> <span class='ocrx_word' id='word_1_102' title='bbox 333 1658 403 1713; x_wconf 88' lang='lat' dir='ltr'><strong><em>rem,</em></strong></span> <span class='ocrx_word' id='word_1_103' title='bbox 419 1658 483 1717; x_wconf 85' lang='lat' dir='ltr'><strong><em>qua</em></strong></span> <span class='ocrx_word' id='word_1_104' title='bbox 493 1640 592 1718; x_wconf 81' lang='lat' dir='ltr'><strong><em>pateat</em></strong></span> <span class='ocrx_word' id='word_1_105' title='bbox 611 1657 672 1699; x_wconf 87' lang='lat' dir='ltr'><strong><em>csse</em></strong></span> <span class='ocrx_word' id='word_1_106' title='bbox 684 1635 908 1719; x_wconf 82' lang='lat' dir='ltr'><strong><em>fundamentum</em></strong></span> <span class='ocrx_word' id='word_1_107' title='bbox 930 1634 1055 1698; x_wconf 89' lang='lat' dir='ltr'><strong><em>aliorum</em></strong></span> <span class='ocrx_word' id='word_1_108' title='bbox 1071 1634 1244 1697; x_wconf 78' lang='lat' dir='ltr'><strong><em>relationum</em></strong></span> <span class='ocrx_word' id='word_1_109' title='bbox 1252 1656 1331 1717; x_wconf 84' lang='lat' dir='ltr'><strong><em>pra-</em></strong></span> 
     </span>
     <span class='ocr_line' id='line_1_13' title="bbox 227 1745 1331 1810; baseline -0.001 -1"><span class='ocrx_word' id='word_1_110' title='bbox 227 1746 470 1809; x_wconf 87' lang='lat' dir='ltr'><strong><em>dicameutalium.</em></strong></span> <span class='ocrx_word' id='word_1_111' title='bbox 503 1745 583 1809; x_wconf 91' lang='lat' dir='ltr'><strong><em>·Per</em></strong></span> <span class='ocrx_word' id='word_1_112' title='bbox 611 1745 676 1809; x_wconf 84' lang='lat' dir='ltr'><strong><em>haec</em></strong></span> <span class='ocrx_word' id='word_1_113' title='bbox 705 1756 808 1809; x_wconf 89' lang='lat' dir='ltr'><strong><em>tamen</em></strong></span> <span class='ocrx_word' id='word_1_114' title='bbox 838 1745 1010 1809; x_wconf 87' lang='lat' dir='ltr'><strong><em>excluditur</em></strong></span> <span class='ocrx_word' id='word_1_115' title='bbox 1040 1745 1137 1809; x_wconf 92' lang='lat' dir='ltr'><strong><em>solum</em></strong></span> <span class='ocrx_word' id='word_1_116' title='bbox 1168 1746 1331 1810; x_wconf 80' lang='lat' dir='ltr'><strong><em>necessitas</em></strong></span> 
     </span>
     <span class='ocr_line' id='line_1_14' title="bbox 228 1857 1333 1943; baseline -0.001 -23"><span class='ocrx_word' id='word_1_117' title='bbox 228 1857 422 1931; x_wconf 83' lang='lat' dir='ltr'><strong><em>fundamenti</em></strong></span> <span class='ocrx_word' id='word_1_118' title='bbox 443 1858 564 1923; x_wconf 84' lang='lat' dir='ltr'><strong><em>realiter</em></strong></span> <span class='ocrx_word' id='word_1_119' title='bbox 586 1859 718 1923; x_wconf 84' lang='lat' dir='ltr'><strong><em>distincti</em></strong></span> <span class='ocrx_word' id='word_1_120' title='bbox 736 1881 755 1921; x_wconf 87' lang='lat' dir='ltr'><strong><em>a</em></strong></span> <span class='ocrx_word' id='word_1_121' title='bbox 774 1858 925 1937; x_wconf 88' lang='lat' dir='ltr'><strong><em>terminis,</em></strong></span> <span class='ocrx_word' id='word_1_122' title='bbox 946 1880 1041 1943; x_wconf 91' lang='lat' dir='ltr'><strong><em>quum</em></strong></span> <span class='ocrx_word' id='word_1_123' title='bbox 1057 1857 1143 1921; x_wconf 91' lang='lat' dir='ltr'><strong><em>nulla</em></strong></span> <span class='ocrx_word' id='word_1_124' title='bbox 1156 1857 1253 1942; x_wconf 84' lang='lat' dir='ltr'><strong><em>possit</em></strong></span> <span class='ocrx_word' id='word_1_125' title='bbox 1268 1880 1333 1920; x_wconf 91' lang='lat' dir='ltr'><strong><em>esse</em></strong></span> 
     </span>
     <span class='ocr_line' id='line_1_15' title="bbox 228 1969 1332 2048; baseline -0.002 -15"><span class='ocrx_word' id='word_1_126' title='bbox 228 1970 339 2034; x_wconf 82' lang='lat' dir='ltr'><strong><em>entitas</em></strong></span> <span class='ocrx_word' id='word_1_127' title='bbox 364 1969 531 2048; x_wconf 81' lang='lat' dir='ltr'><strong><em>relationis,</em></strong></span> <span class='ocrx_word' id='word_1_128' title='bbox 556 1971 583 2034; x_wconf 86' lang='lat' dir='ltr'><strong><em>si</em></strong></span> <span class='ocrx_word' id='word_1_129' title='bbox 606 1970 692 2035; x_wconf 90' lang='lat' dir='ltr'><strong><em>nulla</em></strong></span> <span class='ocrx_word' id='word_1_130' title='bbox 715 1971 755 2034; x_wconf 85' lang='lat' dir='ltr'><strong><em>sit</em></strong></span> <span class='ocrx_word' id='word_1_131' title='bbox 778 1970 892 2034; x_wconf 81' lang='lat' dir='ltr'><strong><em>entitas</em></strong></span> <span class='ocrx_word' id='word_1_132' title='bbox 913 1970 1126 2034; x_wconf 83' lang='lat' dir='ltr'><strong><em>fundamenti:</em></strong></span> <span class='ocrx_word' id='word_1_133' title='bbox 1150 1979 1181 2035; x_wconf 89' lang='lat' dir='ltr'><strong><em>et</em></strong></span> <span class='ocrx_word' id='word_1_134' title='bbox 1201 1992 1257 2035; x_wconf 91' lang='lat' dir='ltr'><strong><em>nos</em></strong></span> <span class='ocrx_word' id='word_1_135' title='bbox 1272 1969 1332 2032; x_wconf 89' lang='lat' dir='ltr'><strong><em>iam</em></strong></span> 
     </span>
     <span class='ocr_line' id='line_1_16' title="bbox 229 2081 1332 2167; baseline -0.001 -22"><span class='ocrx_word' id='word_1_136' title='bbox 229 2081 361 2145; x_wconf 85' lang='lat' dir='ltr'><strong><em>vidimus</em></strong></span> <span class='ocrx_word' id='word_1_137' title='bbox 375 2084 529 2167; x_wconf 89' lang='lat' dir='ltr'><strong><em>quomodo</em></strong></span> <span class='ocrx_word' id='word_1_138' title='bbox 543 2082 649 2146; x_wconf 89' lang='lat' dir='ltr'><strong><em>haberi</em></strong></span> <span class='ocrx_word' id='word_1_139' title='bbox 663 2084 761 2167; x_wconf 86' lang='lat' dir='ltr'><strong><em>possit</em></strong></span> <span class='ocrx_word' id='word_1_140' title='bbox 776 2082 836 2146; x_wconf 89' lang='lat' dir='ltr'><strong><em>tale</em></strong></span> <span class='ocrx_word' id='word_1_141' title='bbox 851 2082 1087 2147; x_wconf 88' lang='lat' dir='ltr'><strong><em>fundamentum</em></strong></span> <span class='ocrx_word' id='word_1_142' title='bbox 1109 2081 1229 2147; x_wconf 85' lang='lat' dir='ltr'><strong><em>realiter</em></strong></span> <span class='ocrx_word' id='word_1_143' title='bbox 1247 2082 1332 2146; x_wconf 89' lang='lat' dir='ltr'><strong><em>iden-</em></strong></span> 
     </span>
     <span class='ocr_line' id='line_1_17' title="bbox 229 2191 1334 2278; baseline 0 -23"><span class='ocrx_word' id='word_1_144' title='bbox 229 2192 379 2268; x_wconf 85' lang='lat' dir='ltr'><strong><em>tificatam</em></strong></span> <span class='ocrx_word' id='word_1_145' title='bbox 394 2191 532 2257; x_wconf 88' lang='lat' dir='ltr'><strong><em>absolute</em></strong></span> <span class='ocrx_word' id='word_1_146' title='bbox 553 2216 623 2258; x_wconf 90' lang='lat' dir='ltr'><strong><em>cum</em></strong></span> <span class='ocrx_word' id='word_1_147' title='bbox 644 2194 710 2278; x_wconf 89' lang='lat' dir='ltr'><strong><em>ipso</em></strong></span> <span class='ocrx_word' id='word_1_148' title='bbox 731 2204 802 2258; x_wconf 88' lang='lat' dir='ltr'><strong><em>ente</em></strong></span> <span class='ocrx_word' id='word_1_149' title='bbox 824 2192 1010 2273; x_wconf 81' lang='lat' dir='ltr'><strong><em>resultante3</em></strong></span> <span class='ocrx_word' id='word_1_150' title='bbox 1032 2215 1104 2257; x_wconf 90' lang='lat' dir='ltr'><strong><em>nam</em></strong></span> <span class='ocrx_word' id='word_1_151' title='bbox 1119 2192 1271 2277; x_wconf 84' lang='lat' dir='ltr'><strong><em>exigentia</em></strong></span> <span class='ocrx_word' id='word_1_152' title='bbox 1285 2214 1334 2257; x_wconf 90' lang='lat' dir='ltr'><strong><em>co·</em></strong></span> 
     </span>
     <span class='ocr_line' id='line_1_18' title="bbox 230 2303 1335 2390; baseline 0 -23"><span class='ocrx_word' id='word_1_153' title='bbox 230 2303 379 2368; x_wconf 87' lang='lat' dir='ltr'><strong><em>existendi</em></strong></span> <span class='ocrx_word' id='word_1_154' title='bbox 394 2305 526 2369; x_wconf 79' lang='lat' dir='ltr'><strong><em>materia</em></strong></span> <span class='ocrx_word' id='word_1_155' title='bbox 540 2304 573 2368; x_wconf 92' lang='lat' dir='ltr'><strong><em>in</em></strong></span> <span class='ocrx_word' id='word_1_156' title='bbox 588 2327 644 2369; x_wconf 88' lang='lat' dir='ltr'><strong><em>sua</em></strong></span> <span class='ocrx_word' id='word_1_157' title='bbox 657 2306 756 2369; x_wconf 84' lang='lat' dir='ltr'><strong><em>forma</em></strong></span> <span class='ocrx_word' id='word_1_158' title='bbox 770 2314 801 2369; x_wconf 88' lang='lat' dir='ltr'><strong><em>et</em></strong></span> <span class='ocrx_word' id='word_1_159' title='bbox 816 2305 921 2369; x_wconf 87' lang='lat' dir='ltr'><strong><em>formae</em></strong></span> <span class='ocrx_word' id='word_1_160' title='bbox 936 2305 968 2368; x_wconf 92' lang='lat' dir='ltr'><strong><em>in</em></strong></span> <span class='ocrx_word' id='word_1_161' title='bbox 981 2329 1036 2370; x_wconf 91' lang='lat' dir='ltr'><strong><em>sua</em></strong></span> <span class='ocrx_word' id='word_1_162' title='bbox 1050 2306 1185 2384; x_wconf 88' lang='lat' dir='ltr'><strong><em>materia,</em></strong></span> <span class='ocrx_word' id='word_1_163' title='bbox 1197 2315 1228 2369; x_wconf 94' lang='lat' dir='ltr'><strong><em>et</em></strong></span> <span class='ocrx_word' id='word_1_164' title='bbox 1243 2328 1335 2390; x_wconf 84' lang='lat' dir='ltr'><strong><em>gene-</em></strong></span> 
     </span>
     <span class='ocr_line' id='line_1_19' title="bbox 230 2418 1337 2504; baseline 0.002 -23"><span class='ocrx_word' id='word_1_165' title='bbox 230 2419 320 2482; x_wconf 88' lang='lat' dir='ltr'><strong><em>ratim</em></strong></span> <span class='ocrx_word' id='word_1_166' title='bbox 335 2426 421 2482; x_wconf 92' lang='lat' dir='ltr'><strong><em>actus</em></strong></span> <span class='ocrx_word' id='word_1_167' title='bbox 435 2418 469 2482; x_wconf 91' lang='lat' dir='ltr'><strong><em>in</em></strong></span> <span class='ocrx_word' id='word_1_168' title='bbox 483 2419 616 2483; x_wconf 89' lang='lat' dir='ltr'><strong><em>termino</em></strong></span> <span class='ocrx_word' id='word_1_169' title='bbox 631 2427 662 2483; x_wconf 87' lang='lat' dir='ltr'><strong><em>ct</em></strong></span> <span class='ocrx_word' id='word_1_170' title='bbox 677 2419 800 2483; x_wconf 86' lang='lat' dir='ltr'><strong><em>termini</em></strong></span> <span class='ocrx_word' id='word_1_171' title='bbox 819 2419 852 2482; x_wconf 92' lang='lat' dir='ltr'><strong><em>in</em></strong></span> <span class='ocrx_word' id='word_1_172' title='bbox 872 2442 929 2483; x_wconf 91' lang='lat' dir='ltr'><strong><em>suo</em></strong></span> <span class='ocrx_word' id='word_1_173' title='bbox 949 2431 1029 2498; x_wconf 90' lang='lat' dir='ltr'><strong><em>actu,</em></strong></span> <span class='ocrx_word' id='word_1_174' title='bbox 1054 2442 1116 2483; x_wconf 91' lang='lat' dir='ltr'><strong><em>non</em></strong></span> <span class='ocrx_word' id='word_1_175' title='bbox 1137 2419 1337 2504; x_wconf 82' lang='lat' dir='ltr'><strong><em>distinguitur</em></strong></span> 
     </span>
     <span class='ocr_line' id='line_1_20' title="bbox 231 2530 1337 2618; baseline 0 -24"><span class='ocrx_word' id='word_1_176' title='bbox 231 2531 268 2595; x_wconf 91' lang='lat' dir='ltr'><strong><em>ab</em></strong></span> <span class='ocrx_word' id='word_1_177' title='bbox 284 2531 359 2615; x_wconf 89' lang='lat' dir='ltr'><strong><em>ipsis</em></strong></span> <span class='ocrx_word' id='word_1_178' title='bbox 373 2530 476 2615; x_wconf 89' lang='lat' dir='ltr'><strong><em>aliqua</em></strong></span> <span class='ocrx_word' id='word_1_179' title='bbox 492 2531 632 2595; x_wconf 83' lang='lat' dir='ltr'><strong><em>realitate</em></strong></span> <span class='ocrx_word' id='word_1_180' title='bbox 654 2532 747 2594; x_wconf 90' lang='lat' dir='ltr'><strong><em>etiam</em></strong></span> <span class='ocrx_word' id='word_1_181' title='bbox 767 2532 986 2618; x_wconf 83' lang='lat' dir='ltr'><strong><em>metaphysica,</em></strong></span> <span class='ocrx_word' id='word_1_182' title='bbox 1008 2531 1061 2595; x_wconf 88' lang='lat' dir='ltr'><strong><em>sed</em></strong></span> <span class='ocrx_word' id='word_1_183' title='bbox 1081 2551 1137 2616; x_wconf 82' lang='lat' dir='ltr'><strong><em>per·</em></strong></span> <span class='ocrx_word' id='word_1_184' title='bbox 1151 2530 1250 2595; x_wconf 90' lang='lat' dir='ltr'><strong><em>solum</em></strong></span> <span class='ocrx_word' id='word_1_185' title='bbox 1265 2553 1337 2595; x_wconf 88' lang='lat' dir='ltr'><strong><em>con-</em></strong></span> 
     </span>
     <span class='ocr_line' id='line_1_21' title="bbox 230 2640 1214 2726; baseline 0 -22"><span class='ocrx_word' id='word_1_186' title='bbox 230 2650 364 2726; x_wconf 87' lang='lat' dir='ltr'><strong><em>ceptum.</em></strong></span> <span class='ocrx_word' id='word_1_187' title='bbox 410 2640 470 2704; x_wconf 84' lang='lat' dir='ltr'><strong><em>sed</em></strong></span> <span class='ocrx_word' id='word_1_188' title='bbox 486 2641 524 2704; x_wconf 90' lang='lat' dir='ltr'><strong><em>de</em></strong></span> <span class='ocrx_word' id='word_1_189' title='bbox 539 2640 685 2705; x_wconf 88' lang='lat' dir='ltr'><strong><em>relatione</em></strong></span> <span class='ocrx_word' id='word_1_190' title='bbox 701 2641 960 2705; x_wconf 87' lang='lat' dir='ltr'><strong><em>transcendentali</em></strong></span> <span class='ocrx_word' id='word_1_191' title='bbox 974 2642 1038 2706; x_wconf 89' lang='lat' dir='ltr'><strong><em>haec</em></strong></span> <span class='ocrx_word' id='word_1_192' title='bbox 1053 2641 1214 2706; x_wconf 90' lang='lat' dir='ltr'><strong><em>sufficiant.</em></strong></span> 
     </span>
    </p>

    <p class='ocr_par' dir='ltr' id='par_1_5' title="bbox 277 2749 1250 2836">
     <span class='ocr_line' id='line_1_22' title="bbox 277 2749 1250 2836; baseline 0.002 -22"><span class='ocrx_word' id='word_1_193' title='bbox 277 2754 330 2814; x_wconf 83' lang='lat'><strong><em>50.</em></strong></span> <span class='ocrx_word' id='word_1_194' title='bbox 355 2749 511 2826; x_wconf 77' lang='lat' dir='ltr'><strong><em>Quaritur</em></strong></span> <span class='ocrx_word' id='word_1_195' title='bbox 525 2761 644 2836; x_wconf 82' lang='lat' dir='ltr'><strong><em>quarto,</em></strong></span> <span class='ocrx_word' id='word_1_196' title='bbox 661 2753 822 2836; x_wconf 83' lang='lat' dir='ltr'><strong><em>quotuplee</em></strong></span> <span class='ocrx_word' id='word_1_197' title='bbox 835 2753 876 2816; x_wconf 87' lang='lat' dir='ltr'><strong><em>ait</em></strong></span> <span class='ocrx_word' id='word_1_198' title='bbox 890 2755 968 2817; x_wconf 89' lang='lat' dir='ltr'><strong><em>ratio</em></strong></span> <span class='ocrx_word' id='word_1_199' title='bbox 977 2753 1250 2836; x_wconf 82' lang='lat' dir='ltr'><strong><em>pradicammtalis.</em></strong></span> 
     </span>
    </p>

    <p class='ocr_par' dir='ltr' id='par_1_6' title="bbox 160 2860 1347 4400">
     <span class='ocr_line' id='line_1_23' title="bbox 279 2860 1341 2948; baseline 0.005 -23"><span class='ocrx_word' id='word_1_200' title='bbox 279 2860 470 2946; x_wconf 89' lang='lat' dir='ltr'><strong><em>Respondeo,</em></strong></span> <span class='ocrx_word' id='word_1_201' title='bbox 485 2862 664 2926; x_wconf 88' lang='lat' dir='ltr'><strong><em>relationem</em></strong></span> <span class='ocrx_word' id='word_1_202' title='bbox 687 2863 982 2948; x_wconf 87' lang='lat' dir='ltr'><strong><em>praedicamentalem</em></strong></span> <span class='ocrx_word' id='word_1_203' title='bbox 999 2865 1093 2930; x_wconf 89' lang='lat' dir='ltr'><strong><em>dividi</em></strong></span> <span class='ocrx_word' id='word_1_204' title='bbox 1108 2865 1140 2929; x_wconf 92' lang='lat' dir='ltr'><strong><em>in</em></strong></span> <span class='ocrx_word' id='word_1_205' title='bbox 1155 2868 1341 2930; x_wconf 82' lang='lat' dir='ltr'><strong><em>intrinsecam</em></strong></span> 
     </span>
     <span class='ocr_line' id='line_1_24' title="bbox 234 2961 1340 3062; baseline 0.004 -24"><span class='ocrx_word' id='word_1_206' title='bbox 234 2987 265 3038; x_wconf 88' lang='lat' dir='ltr'><strong><em>et</em></strong></span> <span class='ocrx_word' id='word_1_207' title='bbox 288 2977 496 3038; x_wconf 72' lang='lat' dir='ltr'><strong><em>extrinsecum:</em></strong></span> <span class='ocrx_word' id='word_1_208' title='bbox 529 2975 640 3039; x_wconf 90' lang='lat' dir='ltr'><strong><em>dicitur</em></strong></span> <span class='ocrx_word' id='word_1_209' title='bbox 665 2975 839 3056; x_wconf 88' lang='lat' dir='ltr'><strong><em>intrinseca,</em></strong></span> <span class='ocrx_word' id='word_1_210' title='bbox 867 2977 990 3062; x_wconf 90' lang='lat' dir='ltr'><strong><em>quando</em></strong></span> <span class='ocrx_word' id='word_1_211' title='bbox 1015 2961 1253 3042; x_wconf 84' lang='lat' dir='ltr'><strong><em>fundamentum</em></strong></span> <span class='ocrx_word' id='word_1_212' title='bbox 1276 2979 1340 3042; x_wconf 87' lang='lat' dir='ltr'><strong><em>eius</em></strong></span> 
     </span>
     <span class='ocr_line' id='line_1_25' title="bbox 235 3085 1342 3155; baseline 0.004 -5"><span class='ocrx_word' id='word_1_213' title='bbox 235 3085 373 3150; x_wconf 89' lang='lat' dir='ltr'><strong><em>absolute</em></strong></span> <span class='ocrx_word' id='word_1_214' title='bbox 387 3086 611 3150; x_wconf 88' lang='lat' dir='ltr'><strong><em>consideratum</em></strong></span> <span class='ocrx_word' id='word_1_215' title='bbox 627 3096 673 3150; x_wconf 89' lang='lat' dir='ltr'><strong><em>est</em></strong></span> <span class='ocrx_word' id='word_1_216' title='bbox 689 3109 744 3152; x_wconf 90' lang='lat' dir='ltr'><strong><em>ens</em></strong></span> <span class='ocrx_word' id='word_1_217' title='bbox 764 3088 965 3153; x_wconf 88' lang='lat' dir='ltr'><strong><em>intrinsecum</em></strong></span> <span class='ocrx_word' id='word_1_218' title='bbox 986 3089 1142 3154; x_wconf 87' lang='lat' dir='ltr'><strong><em>terminis:</em></strong></span> <span class='ocrx_word' id='word_1_219' title='bbox 1166 3090 1278 3155; x_wconf 88' lang='lat' dir='ltr'><strong><em>dieitur</em></strong></span> <span class='ocrx_word' id='word_1_220' title='bbox 1292 3113 1342 3154; x_wconf 84' lang='lat' dir='ltr'><strong><em>ex·</em></strong></span> 
     </span>
     <span class='ocr_line' id='line_1_26' title="bbox 236 3197 1341 3288; baseline 0.004 -27"><span class='ocrx_word' id='word_1_221' title='bbox 236 3197 374 3274; x_wconf 88' lang='lat' dir='ltr'><strong><em>trinseca,</em></strong></span> <span class='ocrx_word' id='word_1_222' title='bbox 391 3197 513 3281; x_wconf 90' lang='lat' dir='ltr'><strong><em>quando</em></strong></span> <span class='ocrx_word' id='word_1_223' title='bbox 527 3197 764 3261; x_wconf 83' lang='lat' dir='ltr'><strong><em>fundamentum</em></strong></span> <span class='ocrx_word' id='word_1_224' title='bbox 779 3199 918 3264; x_wconf 87' lang='lat' dir='ltr'><strong><em>absolute</em></strong></span> <span class='ocrx_word' id='word_1_225' title='bbox 933 3200 1156 3265; x_wconf 88' lang='lat' dir='ltr'><strong><em>consideratum</em></strong></span> <span class='ocrx_word' id='word_1_226' title='bbox 1168 3223 1232 3265; x_wconf 88' lang='lat' dir='ltr'><strong><em>non</em></strong></span> <span class='ocrx_word' id='word_1_227' title='bbox 1246 3211 1293 3266; x_wconf 92' lang='lat' dir='ltr'><strong><em>est</em></strong></span> <span class='ocrx_word' id='word_1_228' title='bbox 1307 3202 1341 3288; x_wconf 83' lang='lat' dir='ltr'><strong><em>in</em></strong></span> 
     </span>
     <span class='ocr_line' id='line_1_27' title="bbox 236 3306 1343 3396; baseline 0.004 -24"><span class='ocrx_word' id='word_1_229' title='bbox 236 3308 311 3394; x_wconf 88' lang='lat' dir='ltr'><strong><em>ipsis</em></strong></span> <span class='ocrx_word' id='word_1_230' title='bbox 335 3306 484 3373; x_wconf 89' lang='lat' dir='ltr'><strong><em>terminis.</em></strong></span> <span class='ocrx_word' id='word_1_231' title='bbox 539 3308 599 3372; x_wconf 90' lang='lat' dir='ltr'><strong><em>Pro</em></strong></span> <span class='ocrx_word' id='word_1_232' title='bbox 620 3309 819 3374; x_wconf 87' lang='lat' dir='ltr'><strong><em>relationibus</em></strong></span> <span class='ocrx_word' id='word_1_233' title='bbox 842 3311 1017 3375; x_wconf 87' lang='lat' dir='ltr'><strong><em>intrinsecis</em></strong></span> <span class='ocrx_word' id='word_1_234' title='bbox 1040 3321 1172 3396; x_wconf 90' lang='lat' dir='ltr'><strong><em>quatuor</em></strong></span> <span class='ocrx_word' id='word_1_235' title='bbox 1191 3311 1343 3376; x_wconf 89' lang='lat' dir='ltr'><strong><em>habentur</em></strong></span> 
     </span>
     <span class='ocr_line' id='line_1_28' title="bbox 237 3420 1343 3508; baseline 0.003 -24"><span class='ocrx_word' id='word_1_236' title='bbox 237 3420 506 3484; x_wconf 87' lang='lat' dir='ltr'><strong><em>fundamentorum</em></strong></span> <span class='ocrx_word' id='word_1_237' title='bbox 527 3443 657 3503; x_wconf 85' lang='lat' dir='ltr'><strong><em>genera:</em></strong></span> <span class='ocrx_word' id='word_1_238' title='bbox 682 3425 715 3486; x_wconf 91' lang='lat'><strong><em>1⁰</em></strong></span> <span class='ocrx_word' id='word_1_239' title='bbox 728 3424 903 3500; x_wconf 73' lang='lat' dir='ltr'><strong><em>adstantia,</em></strong></span> <span class='ocrx_word' id='word_1_240' title='bbox 920 3423 952 3486; x_wconf 93' lang='lat' dir='ltr'><strong><em>in</em></strong></span> <span class='ocrx_word' id='word_1_241' title='bbox 972 3433 1123 3508; x_wconf 89' lang='lat' dir='ltr'><strong><em>quantum</em></strong></span> <span class='ocrx_word' id='word_1_242' title='bbox 1145 3423 1255 3488; x_wconf 84' lang='lat' dir='ltr'><strong><em>fundat</em></strong></span> <span class='ocrx_word' id='word_1_243' title='bbox 1274 3426 1343 3487; x_wconf 92' lang='lat' dir='ltr'><strong><em>uni·</em></strong></span> 
     </span>
     <span class='ocr_line' id='line_1_29' title="bbox 237 3534 1344 3619; baseline 0.002 -23"><span class='ocrx_word' id='word_1_244' title='bbox 237 3540 332 3600; x_wconf 87' lang='lat' dir='ltr'><strong><em>tatem</em></strong></span> <span class='ocrx_word' id='word_1_245' title='bbox 348 3539 378 3594; x_wconf 87' lang='lat' dir='ltr'><strong><em>et</em></strong></span> <span class='ocrx_word' id='word_1_246' title='bbox 397 3553 580 3597; x_wconf 80' lang='lat' dir='ltr'><strong><em>numerum:</em></strong></span> <span class='ocrx_word' id='word_1_247' title='bbox 603 3535 639 3596; x_wconf 75' lang='grc' dir='ltr'><strong><em>2ο</em></strong></span> <span class='ocrx_word' id='word_1_248' title='bbox 653 3534 730 3596; x_wconf 86' lang='lat' dir='ltr'><strong><em>actio</em></strong></span> <span class='ocrx_word' id='word_1_249' title='bbox 753 3541 782 3596; x_wconf 87' lang='lat' dir='ltr'><strong><em>et</em></strong></span> <span class='ocrx_word' id='word_1_250' title='bbox 796 3535 918 3617; x_wconf 85' lang='lat' dir='ltr'><strong><em>passio:</em></strong></span> <span class='ocrx_word' id='word_1_251' title='bbox 942 3535 978 3596; x_wconf 88' lang='lat'><strong><em>3⁰</em></strong></span> <span class='ocrx_word' id='word_1_252' title='bbox 992 3535 1129 3617; x_wconf 85' lang='lat' dir='ltr'><strong><em>qualitas,</em></strong></span> <span class='ocrx_word' id='word_1_253' title='bbox 1145 3534 1178 3597; x_wconf 92' lang='lat' dir='ltr'><strong><em>in</em></strong></span> <span class='ocrx_word' id='word_1_254' title='bbox 1193 3543 1344 3619; x_wconf 91' lang='lat' dir='ltr'><strong><em>quantum</em></strong></span> 
     </span>
     <span class='ocr_line' id='line_1_30' title="bbox 239 3643 1346 3730; baseline 0.002 -22"><span class='ocrx_word' id='word_1_255' title='bbox 239 3644 311 3708; x_wconf 90' lang='lat' dir='ltr'><strong><em>dicit</em></strong></span> <span class='ocrx_word' id='word_1_256' title='bbox 323 3643 564 3708; x_wconf 88' lang='lat' dir='ltr'><strong><em>convenientiam</em></strong></span> <span class='ocrx_word' id='word_1_257' title='bbox 574 3651 628 3708; x_wconf 89' lang='lat' dir='ltr'><strong><em>aut</em></strong></span> <span class='ocrx_word' id='word_1_258' title='bbox 639 3644 930 3709; x_wconf 86' lang='lat' dir='ltr'><strong><em>disconvenientiam</em></strong></span> <span class='ocrx_word' id='word_1_259' title='bbox 943 3671 949 3710; x_wconf 93' lang='lat'><strong>:</strong></span> <span class='ocrx_word' id='word_1_260' title='bbox 973 3648 1009 3708; x_wconf 80' lang='lat'><strong><em>4⁰</em></strong></span> <span class='ocrx_word' id='word_1_261' title='bbox 1021 3649 1182 3730; x_wconf 82' lang='lat' dir='ltr'><strong><em>quamtitas,</em></strong></span> <span class='ocrx_word' id='word_1_262' title='bbox 1195 3669 1249 3710; x_wconf 90' lang='lat' dir='ltr'><strong><em>seu</em></strong></span> <span class='ocrx_word' id='word_1_263' title='bbox 1260 3670 1346 3711; x_wconf 88' lang='lat' dir='ltr'><strong><em>men·</em></strong></span> 
     </span>
     <span class='ocr_line' id='line_1_31' title="bbox 240 3755 1342 3842; baseline 0.002 -22"><span class='ocrx_word' id='word_1_264' title='bbox 240 3779 311 3824; x_wconf 85' lang='lat' dir='ltr'><strong><em>sura</em></strong></span> <span class='ocrx_word' id='word_1_265' title='bbox 324 3765 355 3820; x_wconf 87' lang='lat' dir='ltr'><strong><em>et</em></strong></span> <span class='ocrx_word' id='word_1_266' title='bbox 369 3755 583 3826; x_wconf 88' lang='lat' dir='ltr'><strong><em>mensurabile.</em></strong></span> <span class='ocrx_word' id='word_1_267' title='bbox 629 3756 759 3842; x_wconf 88' lang='lat' dir='ltr'><strong><em>Reliqua</em></strong></span> <span class='ocrx_word' id='word_1_268' title='bbox 772 3756 1008 3842; x_wconf 86' lang='lat' dir='ltr'><strong><em>praedicamenta</em></strong></span> <span class='ocrx_word' id='word_1_269' title='bbox 1017 3757 1134 3822; x_wconf 89' lang='lat' dir='ltr'><strong><em>nullam</em></strong></span> <span class='ocrx_word' id='word_1_270' title='bbox 1147 3759 1261 3822; x_wconf 89' lang='lat' dir='ltr'><strong><em>habent</em></strong></span> <span class='ocrx_word' id='word_1_271' title='bbox 1276 3781 1342 3842; x_wconf 90' lang='lat' dir='ltr'><strong><em>spe·</em></strong></span> 
     </span>
     <span class='ocr_line' id='line_1_32' title="bbox 238 3865 1345 3954; baseline 0.001 -23"><span class='ocrx_word' id='word_1_272' title='bbox 238 3867 344 3932; x_wconf 87' lang='lat' dir='ltr'><strong><em>cialem</em></strong></span> <span class='ocrx_word' id='word_1_273' title='bbox 360 3867 508 3930; x_wconf 88' lang='lat' dir='ltr'><strong><em>rationem</em></strong></span> <span class='ocrx_word' id='word_1_274' title='bbox 524 3865 714 3931; x_wconf 88' lang='lat' dir='ltr'><strong><em>fundativam</em></strong></span> <span class='ocrx_word' id='word_1_275' title='bbox 728 3867 902 3932; x_wconf 89' lang='lat' dir='ltr'><strong><em>relationis:</em></strong></span> <span class='ocrx_word' id='word_1_276' title='bbox 926 3876 956 3932; x_wconf 89' lang='lat' dir='ltr'><strong><em>et</em></strong></span> <span class='ocrx_word' id='word_1_277' title='bbox 972 3868 1096 3953; x_wconf 91' lang='lat' dir='ltr'><strong><em>quidem</em></strong></span> <span class='ocrx_word' id='word_1_278' title='bbox 1112 3869 1217 3932; x_wconf 88' lang='lat' dir='ltr'><strong><em>relatio</em></strong></span> <span class='ocrx_word' id='word_1_279' title='bbox 1238 3870 1345 3954; x_wconf 87' lang='lat' dir='ltr'><strong><em>nequit</em></strong></span> 
     </span>
     <span class='ocr_line' id='line_1_33' title="bbox 240 3978 1346 4057; baseline 0.001 -15"><span class='ocrx_word' id='word_1_280' title='bbox 240 4002 305 4043; x_wconf 89' lang='lat' dir='ltr'><strong><em>esse</em></strong></span> <span class='ocrx_word' id='word_1_281' title='bbox 330 3978 566 4042; x_wconf 90' lang='lat' dir='ltr'><strong><em>fundamentum</em></strong></span> <span class='ocrx_word' id='word_1_282' title='bbox 597 3978 656 4057; x_wconf 89' lang='lat' dir='ltr'><strong><em>sui,</em></strong></span> <span class='ocrx_word' id='word_1_283' title='bbox 687 3979 747 4042; x_wconf 91' lang='lat' dir='ltr'><strong><em>nisi</em></strong></span> <span class='ocrx_word' id='word_1_284' title='bbox 776 3979 855 4043; x_wconf 85' lang='lat' dir='ltr'><strong><em>forte</em></strong></span> <span class='ocrx_word' id='word_1_285' title='bbox 884 3979 1208 4044; x_wconf 88' lang='lat' dir='ltr'><strong><em>transcendentaliter:</em></strong></span> <span class='ocrx_word' id='word_1_286' title='bbox 1240 3982 1290 4044; x_wconf 83' lang='lat' dir='ltr'><strong><em>ubi</em></strong></span> <span class='ocrx_word' id='word_1_287' title='bbox 1315 3989 1346 4044; x_wconf 91' lang='lat' dir='ltr'><strong><em>et</em></strong></span> 
     </span>
     <span class='ocr_line' id='line_1_34' title="bbox 160 4089 1347 4177; baseline 0.002 -23"><span class='ocrx_word' id='word_1_288' title='bbox 160 4138 163 4145; x_wconf 77' lang='lat'><strong><em>,</em></strong></span> <span class='ocrx_word' id='word_1_289' title='bbox 240 4091 366 4173; x_wconf 83' lang='lat' dir='ltr'><strong><em>quaudo,</em></strong></span> <span class='ocrx_word' id='word_1_290' title='bbox 389 4098 425 4152; x_wconf 92' lang='lat' dir='ltr'><strong><em>ut</em></strong></span> <span class='ocrx_word' id='word_1_291' title='bbox 449 4089 579 4153; x_wconf 88' lang='lat' dir='ltr'><strong><em>suntin</em></strong></span> <span class='ocrx_word' id='word_1_292' title='bbox 604 4089 849 4173; x_wconf 86' lang='lat' dir='ltr'><strong><em>praedicamento,</em></strong></span> <span class='ocrx_word' id='word_1_293' title='bbox 871 4091 1101 4156; x_wconf 86' lang='lat' dir='ltr'><strong><em>constituuntur</em></strong></span> <span class='ocrx_word' id='word_1_294' title='bbox 1122 4114 1177 4177; x_wconf 85' lang='lat' dir='ltr'><strong><em>per</em></strong></span> <span class='ocrx_word' id='word_1_295' title='bbox 1202 4089 1347 4156; x_wconf 91' lang='lat' dir='ltr'><strong><em>connota-</em></strong></span> 
     </span>
     <span class='ocr_line' id='line_1_35' title="bbox 243 4199 1346 4286; baseline 0.002 -22"><span class='ocrx_word' id='word_1_296' title='bbox 243 4201 341 4264; x_wconf 89' lang='lat' dir='ltr'><strong><em>tiones</em></strong></span> <span class='ocrx_word' id='word_1_297' title='bbox 358 4201 396 4265; x_wconf 90' lang='lat' dir='ltr'><strong><em>de</em></strong></span> <span class='ocrx_word' id='word_1_298' title='bbox 418 4199 531 4285; x_wconf 86' lang='lat' dir='ltr'><strong><em>quibus</em></strong></span> <span class='ocrx_word' id='word_1_299' title='bbox 549 4223 643 4284; x_wconf 89' lang='lat' dir='ltr'><strong><em>supra</em></strong></span> <span class='ocrx_word' id='word_1_300' title='bbox 667 4201 711 4285; x_wconf 91' lang='lat' dir='ltr'><strong><em>(n.</em></strong></span> <span class='ocrx_word' id='word_1_301' title='bbox 726 4205 779 4280; x_wconf 81' lang='lat'><strong><em>41,</em></strong></span> <span class='ocrx_word' id='word_1_302' title='bbox 796 4202 873 4285; x_wconf 80' lang='lat'>43);</span> <span class='ocrx_word' id='word_1_303' title='bbox 896 4212 927 4265; x_wconf 91' lang='lat' dir='ltr'><strong><em>et</em></strong></span> <span class='ocrx_word' id='word_1_304' title='bbox 950 4201 1017 4266; x_wconf 90' lang='lat' dir='ltr'><strong><em>ideo</em></strong></span> <span class='ocrx_word' id='word_1_305' title='bbox 1040 4214 1198 4286; x_wconf 89' lang='lat' dir='ltr'><strong><em>nequeunt</em></strong></span> <span class='ocrx_word' id='word_1_306' title='bbox 1218 4203 1346 4267; x_wconf 81' lang='lat' dir='ltr'><strong><em>fundare</em></strong></span> 
     </span>
     <span class='ocr_line' id='line_1_36' title="bbox 242 4311 1346 4400; baseline 0.005 -26"><span class='ocrx_word' id='word_1_307' title='bbox 242 4311 428 4392; x_wconf 87' lang='lat' dir='ltr'><strong><em>relationem,</em></strong></span> <span class='ocrx_word' id='word_1_308' title='bbox 453 4335 549 4396; x_wconf 93' lang='lat' dir='ltr'><strong><em>quum</em></strong></span> <span class='ocrx_word' id='word_1_309' title='bbox 573 4335 664 4376; x_wconf 90' lang='lat' dir='ltr'><strong><em>omne</em></strong></span> <span class='ocrx_word' id='word_1_310' title='bbox 689 4312 925 4394; x_wconf 79' lang='lat' dir='ltr'><strong><em>fundamentum</em></strong></span> <span class='ocrx_word' id='word_1_311' title='bbox 954 4313 1107 4378; x_wconf 88' lang='lat' dir='ltr'><strong><em>relationis</em></strong></span> <span class='ocrx_word' id='word_1_312' title='bbox 1138 4315 1178 4378; x_wconf 88' lang='lat' dir='ltr'><strong><em>sit</em></strong></span> <span class='ocrx_word' id='word_1_313' title='bbox 1208 4315 1346 4400; x_wconf 89' lang='lat' dir='ltr'><strong><em>quaedam</em></strong></span> 
     </span>
    </p>
   </div>
   <div class='ocr_carea' id='block_1_5' title="bbox 0 0 1637 4975">
    <p class='ocr_par' dir='ltr' id='par_1_7' title="bbox 0 0 1637 4975">
     <span class='ocr_line' id='line_1_37' title="bbox 0 0 1637 4975; baseline 0 0"><span class='ocrx_word' id='word_1_314' title='bbox 0 0 1637 4975; x_wconf 95' lang='lat' dir='ltr'><strong><em> </em></strong></span> 
     </span>
    </p>
   </div>
  </div>
 </body>
</html>
