3200 4975
295 354 338 418 66
601 372 643 415 ns
659 372 858 417 sussrsurrs
873 370 1074 416 srrnrroasr.
1255 349 1340 432 [car.
1357 369 1396 411 rr.

296 534 359 599 sola
373 535 499 600 materia
514 536 635 619 proprie
655 534 737 600 dicta
757 544 804 599 est
824 536 974 620 receptiva
996 535 1078 599 illius
1101 542 1187 599 actus
1207 534 1322 612 motivi,
1337 556 1401 619 quo

296 666 406 730 corpus
421 654 542 725 movet3
565 667 636 709 nam
656 666 766 731 corpus
784 667 848 709 nou
868 655 969 710 movet
991 644 1051 709 nisi
1072 644 1226 709 localiter:
1249 654 1280 709 et
1296 652 1402 708 motus

296 756 399 820 localia
413 764 460 819 est
476 755 570 820 solius
584 756 727 821 materiae.
774 756 949 821 Secundum
970 765 1027 835 est,
1042 756 1126 842 quod
1143 757 1230 840 prius
1247 764 1293 821 est
1313 764 1400 820 actus

297 866 518 946 substantialis,
533 889 626 952 quam
641 866 769 951 quilibet
789 877 876 931 actus
890 867 1097 946 accidentalis,
1111 868 1184 953 quia
1192 868 1293 953 sorana
1311 868 1403 931 estid

298 1000 355 1061 quo
375 1000 464 1062 operas
484 980 558 1062 cpit.
604 977 709 1055 Quum
729 986 833 1043 autem
856 988 942 1043 actus
965 978 1107 1044 movendi
1128 1000 1254 1063 corpora
1268 978 1308 1042 sit
1322 978 1399 1043 acci·

298 1088 437 1168 dentalis,
460 1089 607 1174 quaeritur
626 1089 778 1175 quomodo
802 1090 835 1154 in
855 1090 969 1155 virtute
995 1100 1082 1155 actus
1105 1089 1316 1155 substantialis
1336 1090 1399 1173 spi·

298 1200 417 1265 ritualis
440 1200 641 1265 contineatur.
687 1200 819 1266 Videtur
838 1200 920 1265 enim
941 1210 1028 1265 actus
1047 1200 1241 1265 accidentalis
1259 1200 1400 1265 movendi

298 1332 424 1396 corpora
444 1334 500 1397 per
513 1311 614 1376 locum
636 1310 744 1375 debere
759 1312 853 1375 fluere
873 1334 909 1376 ex
924 1321 995 1376 actu
1015 1311 1208 1376 substantiali
1226 1322 1262 1375 ut
1283 1312 1400 1375 motivo

298 1425 346 1488 sui
368 1424 476 1509 ipsius.
521 1424 627 1500 Quum
651 1432 753 1488 autem
778 1423 905 1508 spiritus
922 1445 985 1487 non
1003 1424 1114 1487 habeat
1131 1432 1234 1487 actum
1255 1422 1398 1488 substan-

296 1532 400 1597 tialem
414 1542 451 1597 ut
466 1533 615 1598 motivum
631 1534 679 1597 sui
692 1533 790 1618 ipsius
804 1555 859 1618 par
872 1533 974 1597 locum
991 1534 1066 1617 (uon
1081 1534 1164 1597 enim
1178 1541 1225 1597 est
1243 1533 1300 1597 sub
1321 1555 1400 1617 prae·

296 1644 468 1709 dicameuto
482 1646 533 1709 uos·
551 1644 667 1709 ratione
685 1644 888 1726 substantiae),
903 1665 966 1708 non
986 1657 1112 1729 apparet
1129 1643 1283 1728 quomodo
1302 1644 1400 1729 possit

296 1754 412 1840 aliquid
437 1777 492 1840 par
516 1755 618 1820 locum
641 1778 781 1821 movere:
809 1754 897 1834 sicut,
914 1755 940 1819 si
963 1776 1026 1818 non
1049 1754 1173 1819 haberet
1197 1764 1300 1819 actum
1326 1754 1398 1819 sub-

297 1864 470 1929 stantialem
485 1865 705 1932 intellectivam
721 1866 769 1929 sui
784 1865 893 1951 ipsius,
908 1887 971 1929 non
987 1875 1113 1951 apparet
1128 1867 1282 1951 quomodo
1295 1876 1399 1951 posset

296 1976 412 2061 aliquid
426 1976 509 2041 aliud
523 1976 704 2061 intelligere,
720 1986 751 2043 et
766 1978 792 2041 si
807 2000 871 2042 non
893 1977 1018 2042 baberet
1041 1988 1145 2042 actum
1165 1977 1399 2042 substantialem

294 2087 417 2152 amandi
440 2110 472 2153 se
493 2088 607 2173 ipsum,
625 2109 689 2152 nou
710 2096 836 2173 apparet
858 2087 1013 2173 quomodo
1034 2097 1137 2173 posset
1159 2111 1261 2154 amare
1282 2088 1398 2173 aliquid

296 2197 389 2263 aliud.

341 2309 417 2374 Haec
439 2308 500 2375 duo
524 2309 723 2373 nihilominus
746 2332 809 2373 non
832 2319 936 2374 creant
960 2310 1181 2375 difficultatem.
1225 2312 1276 2390 Et,
1297 2310 1399 2395 quoad

296 2420 442 2507 primum,
458 2428 593 2502 notetur,
612 2442 675 2486 uon
698 2443 763 2484 esse
786 2422 990 2487 necessarium
1012 2430 1048 2487 ut
1070 2444 1180 2508 corpus
1202 2423 1321 2488 actione
1343 2444 1399 2486 sua

294 2556 438 2619 corporea
463 2543 535 2618 agat
557 2534 591 2598 iu
617 2532 760 2619 spiritum
783 2534 872 2618 quasi
897 2534 938 2598 ad
958 2535 1148 2599 excitandam
1168 2535 1234 2598 eius
1253 2536 1398 2599 virtutem

293 2647 449 2725 motivam,
476 2645 555 2710 sicut
584 2643 778 2729 intelligibile
807 2645 929 2724 excitat,
953 2645 1157 2729 imprimendo
1183 2646 1231 2710 sui
1254 2646 1397 2731 speciem,

292 2759 437 2822 virtutem
452 2756 676 2822 intellectivam.
706 2756 747 2820 Et
763 2756 840 2820 ratio
857 2755 1043 2841 disparitatis
1058 2764 1115 2835 est,
1130 2756 1203 2841 quia
1217 2757 1396 2842 intelligere,

294 2870 372 2936 sicut
390 2876 420 2934 et
435 2868 520 2949 velle,
537 2876 583 2934 est
599 2869 734 2953 operatio
749 2867 931 2947 immanens,
946 2890 1067 2932 movere
1084 2879 1187 2932 autem
1202 2868 1337 2933 localiter
1350 2880 1397 2933 cst

293 2982 428 3066 operatio
443 2981 616 3060 transiens3
639 2988 670 3044 et
685 2991 907 3065 consequenter
921 3003 985 3043 non
1000 2988 1047 3043 est
1063 3001 1185 3044 necesse
1193 2982 1277 3066 quod
1286 3003 1396 3065 corpus

292 3093 392 3176 primo
414 3092 570 3176 imprimat
593 3089 708 3175 aliquid
731 3091 862 3174 spiritui,
878 3091 957 3154 circa
979 3091 1062 3175 quod
1084 3091 1163 3155 actio
1186 3091 1311 3176 spiritus
1332 3115 1396 3156 ser·

293 3212 378 3268 satur
385 3227 395 3280 3
418 3202 461 3266 sio
483 3203 566 3267 enim
589 3201 668 3266 actio
689 3210 769 3266 esset
792 3202 984 3279 immanens3
1011 3203 1225 3266 terminaretur
1245 3205 1329 3267 enim
1348 3205 1396 3268 in·

294 3315 422 3378 trinseoe
442 3336 505 3376 non
528 3312 566 3378 ad
588 3334 707 3396 corpus,
726 3321 819 3397 prout
841 3313 874 3376 in
897 3336 997 3376 rerum
1019 3323 1130 3377 natura
1151 3314 1262 3392 existit,
1282 3316 1336 3380 sed
1357 3317 1395 3381 ad

293 3447 403 3510 corpus
417 3433 510 3508 prout
524 3433 604 3488 esset
618 3424 651 3488 in
667 3423 802 3508 quodam
817 3424 945 3507 vestigio
965 3424 1012 3488 sui
1032 3425 1130 3509 ipsius
1150 3425 1296 3510 impresso
1315 3428 1397 3493 intra

292 3545 445 3621 agentem.
490 3537 596 3613 Quum
608 3546 710 3600 autem
721 3535 767 3599 vis
779 3535 921 3599 movendi
933 3557 987 3619 per
998 3536 1099 3601 locum
1115 3536 1155 3600 sit
1164 3537 1209 3601 vis
1223 3539 1397 3622 attingendi

293 3671 413 3732 corpus,
429 3656 465 3711 ut
487 3657 534 3711 est
555 3648 680 3732 physice
702 3646 735 3709 in
757 3655 868 3710 natura
890 3670 1003 3726 rerum,
1019 3657 1050 3711 et
1071 3648 1137 3712 eius
1159 3649 1336 3715 relationem
1357 3651 1396 3716 ad

292 3759 376 3824 aliud
398 3780 507 3842 corpus
530 3756 713 3821 immutandi
736 3779 790 3841 per
812 3767 943 3836 motum,
965 3768 1101 3842 apparet,
1120 3769 1223 3823 actum
1246 3763 1394 3826 motivum

291 3872 459 3936 necessario
470 3893 535 3935 esse
550 3877 760 3933 transeuntem
771 3896 781 3948 3
805 3879 835 3932 et
851 3869 894 3933 sic
909 3871 986 3934 nihil
999 3871 1108 3935 debere
1122 3871 1215 3956 recipi
1229 3872 1262 3935 in
1274 3873 1395 3957 spiritu,

291 3983 376 4068 quod
397 4005 415 4046 a
436 4004 560 4067 corpore
575 3981 727 4066 procedat,
743 3990 779 4045 ut
793 3981 891 4065 possit
907 3982 1032 4066 spiritus
1047 4005 1167 4047 movere
1181 4005 1317 4068 corpora.
1363 3986 1396 4049 si

292 4103 395 4159 autem
417 4117 527 4179 corpus
550 4093 725 4177 accipiatur,
741 4115 803 4157 non
826 4104 863 4156 ut
885 4116 979 4177 agens
996 4117 1052 4179 per
1066 4095 1144 4158 vires
1159 4118 1327 4180 corporeas,
1343 4097 1396 4162 sed

290 4216 325 4269 ut
340 4204 461 4288 aliquod
478 4202 681 4286 intelligibile,
697 4203 739 4267 sic
755 4203 861 4287 utique
877 4204 1010 4268 movebit
1026 4205 1177 4288 spiritum,
1194 4206 1247 4269 sed
1262 4228 1325 4270 non
1340 4230 1396 4291 per

289 4318 349 4381 vim
364 4316 585 4394 locomotivam,
597 4325 632 4378 ut
647 4322 742 4398 patet.
787 4315 829 4378 Et
845 4315 939 4378 motio
955 4315 1032 4395 hmo,
1045 4324 1201 4401 tamquam
1217 4341 1253 4381 ex
1265 4318 1394 4398 obiecto,
