3200 4975
200 372 274 419 cac.
285 354 347 437 .11*.]
521 376 563 417 nn
581 374 786 418 senatuum
803 373 1007 417 amnicum.
1268 348 1310 409 35

201 536 327 621 aliquod
358 538 498 603 accidens
528 538 759 624 superadditum
770 566 779 619 3
803 560 878 623 ergo
901 540 933 602 in
956 537 1139 623 primigenia
1167 533 1311 599 facultate

199 648 393 733 intelligendi
413 650 491 715 nihil
506 661 553 715 eet
568 652 763 717 accidentale.
807 652 887 716 Dico
906 652 939 715 in
960 650 1105 715 facultate
1122 649 1311 733 primipenia,

201 783 254 829 seu
268 762 392 830 rediculi
406 771 437 827 et
452 764 592 829 absoluta
600 792 610 844 ς
633 788 715 845 nam,
731 787 829 850 quum
848 764 1030 829 intellectae
1037 762 1133 848 poscit
1147 758 1308 845 procedere

200 874 238 941 ad
250 883 336 940 actua
347 876 548 941 accidentales
559 888 703 942 mutuum
715 878 852 943 ordinem
864 876 1024 955 habentes,
1036 883 1091 940 aut
1101 874 1181 938 circa
1190 871 1308 935 obiecta

200 984 328 1052 invicem
340 1010 485 1069 connexa,
497 989 635 1075 quaedam
651 998 735 1069 aunt,
746 1012 817 1075 quae
832 1011 897 1054 non
911 988 1137 1073 intelliguntur,
1150 984 1210 1049 nisi
1220 982 1307 1069 priua

200 1096 338 1182 quadam
353 1099 412 1163 alia
426 1099 490 1165 sint
509 1100 674 1165 intellecta.
719 1101 807 1165 Tunc
827 1100 995 1165 intellectio
1017 1097 1144 1164 actualia
1165 1096 1305 1171 ictorum,

200 1230 270 1294 quae
293 1218 339 1276 eet
360 1219 447 1275 aetas
468 1210 673 1291 accidentalis,
702 1212 835 1297 complet
857 1211 993 1296 proxime
1006 1210 1069 1274 vim
1090 1206 1305 1272 intellectivam

199 1320 422 1405 primigeniam,
446 1332 481 1387 ut
502 1324 556 1387 fiat
578 1324 713 1409 proxime
736 1323 921 1396 intellectiva
949 1323 1088 1395 aliorum,
1110 1342 1179 1406 quae
1200 1317 1239 1382 ab
1261 1317 1304 1381 cic

199 1433 381 1518 dependent.
427 1434 490 1500 Sed
501 1436 538 1500 de
552 1436 609 1500 hac
623 1438 761 1521 potentia
776 1435 961 1501 intellectiva
974 1434 1098 1499 relativa
1110 1444 1142 1497 et
1156 1430 1304 1516 acquisita
1364 1524 1367 1529 Ι

198 1544 326 1613 hicnon
346 1547 485 1631 agimus:
508 1547 552 1612 aic
574 1548 657 1611 enim
679 1558 804 1635 accepta
824 1570 888 1612 non
911 1548 985 1612 dicit
1005 1546 1065 1611 nisi
1087 1542 1302 1609 accidentalem

199 1656 414 1741 perfectionem
429 1658 640 1744 intelligentis.

242 1771 295 1833 32.
317 1770 471 1850 DiximuS,
495 1771 557 1836 vim
586 1772 800 1837 intellectivam
830 1772 862 1836 in
886 1794 919 1835 ee
950 1778 1116 1855 spectatam
1146 1789 1208 1830 non
1237 1788 1304 1829 eaeo

199 1880 348 1949 accident.
395 1882 427 1947 S.
443 1882 576 1947 'l'homas
591 1882 712 1947 videtur
731 1883 917 1947 contrarium
932 1891 1035 1947 tenere
1043 1906 1053 1959 ς
1076 1902 1148 1944 nam
1166 1880 1208 1963 (p.
1226 1881 1255 1941 1.
1272 1899 1301 1962 q.

199 1992 251 2057 54.
267 2014 294 2057 a.
311 1993 344 2075 3)
362 1991 421 2057 eibi
435 1993 578 2077 proponit
593 1992 672 2057 hanc
690 1992 909 2059 obiectionem:
934 1994 971 2057 Si
978 1992 1114 2076 potentio
1128 1989 1305 2055 intellectiva

198 2106 230 2167 iu
244 2105 346 2188 capelo
361 2113 405 2171 eet
419 2105 535 2189 aliquid
543 2114 655 2189 preter
674 2108 736 2171 oue
761 2108 924 2183 eccetaticm,
944 2113 1058 2189 oportet
1077 2104 1159 2188 quod
1170 2105 1211 2166 eit
1226 2103 1303 2165 occi·

199 2215 286 2289 deum
309 2218 363 2281 ltoc
384 2220 461 2282 euim
483 2218 608 2283 dicimue
629 2240 689 2281 cece
718 2219 852 2283 mudena
880 2218 1013 2295 alicioue,
1036 2217 1115 2300 quod
1133 2223 1177 2279 cet
1192 2221 1305 2296 preter

199 2328 361 2394 matiam.
407 2329 469 2393 Sed
473 2328 576 2412 sermo
597 2330 720 2413 simplae
738 2331 898 2394 &abiectum
912 2352 973 2394 ecee
986 2351 1045 2393 uou
1052 2336 1162 2412 potest,
1176 2335 1211 2391 ut
1225 2328 1303 2389 Boc'-

199 2440 259 2507 tius
272 2440 353 2508 dicit.
398 2441 483 2525 Erpa
495 2442 615 2526 copelata
624 2464 684 2506 nou
697 2451 771 2508 eecet
776 2442 879 2527 formo
887 2443 1021 2528 simplet.
1065 2440 1125 2506 Cui
1139 2439 1307 2505 obiectioni¹

200 2552 242 2618 sio
257 2551 437 2637 respondet:
475 2537 583 2618 Formi
597 2556 731 2638 iimplee,
747 2579 812 2640 quo
825 2565 870 2620 eet
887 2563 972 2620 cotue
979 2577 1085 2640 picata,
1103 2554 1213 2617 cullius
1226 2555 1303 2616 occi-

199 2663 648 2748 dentiepoteatecaceubitctum5
667 2669 909 2749 quiocubiectum
920 2665 1302 2751 comparaturodcecidene,

199 2785 233 2840 ut
246 2779 381 2860 potentio
404 2778 445 2842 cd
464 2786 571 2842 cetum.
614 2779 661 2842 ,Et
684 2779 847 2842 huiuamodi
868 2787 912 2842 eet
932 2779 1012 2842 cotue
1033 2779 1134 2844 Deue:
1157 2784 1187 2849 et
1200 2777 1236 2838 dc
1249 2775 1306 2838 tcl'

149 2889 161 2912 '
191 2886 296 2969 forma
315 2888 444 2971 loquitur
462 2890 505 2956 ibi
525 2891 659 2953 Bo'e'tiue.
705 2890 814 2952 Forma
836 2897 933 2952 cutem
953 2888 1087 2972 cimpleu,
1108 2910 1172 2971 quc
1188 2895 1305 2950 noceat

197 3021 282 3062 auum
305 3021 374 3078 ecee,
397 3000 450 3066 ced
472 3007 659 3084 comparetur
687 3001 729 3063 ad
754 3000 859 3083 picum,
884 3001 959 3064 aicut
976 3001 1112 3082 potentio
1135 2999 1176 3062 ud
1196 3006 1301 3075 ouum,

192 3119 294 3193 potest
308 3133 368 3176 cecc
381 3113 541 3181 euticetem
555 3112 722 3189 occidme'e,
738 3119 768 3175 et
776 3113 926 3194 precipue
939 3113 1011 3188 ciue,
1027 3110 1106 3194 quod
1118 3111 1304 3193 consequitur

199 3224 331 3304 speciem.
377 3223 555 3290 Huiuemodi
563 3225 638 3286 euim
648 3222 781 3286 occidens
788 3224 920 3305 pertinet
931 3222 972 3286 od
974 3222 1115 3306 smmum.
1158 3223 1303 3286 Accidens

198 3355 266 3396 vero
280 3333 359 3416 quod
371 3343 415 3398 cet
429 3334 580 3412 individui,
596 3356 654 3398 two
672 3356 847 3417 conceptione
866 3342 958 3398 totum
971 3335 1103 3417 speciem,
1118 3337 1303 3417 consequitur

199 3447 361 3524 materiam,
385 3468 450 3532 que
472 3453 516 3512 eet
542 3446 783 3510 iudiciduotiouie
805 3447 996 3530 principium.
1040 3447 1087 3510 Et
1110 3447 1180 3510 talia
1200 3447 1304 3530 formu

199 3557 322 3640 simplex
339 3565 383 3620 eat
403 3558 531 3640 cupelua.
577 3557 623 3620 Ex
644 3558 757 3642 quibus
779 3566 864 3642 patet
887 3559 919 3622 S.
942 3559 1091 3622 'l'homam
1113 3559 1303 3622 considerare
1343 3636 1345 3640 Ι

200 3668 368 3751 potentiam
392 3669 613 3734 intellectivam
639 3670 740 3754 angeli
761 3680 918 3755 tamquam
947 3671 1085 3736 accidens
1114 3694 1302 3757 consequens

201 3780 341 3868 speciem.
1039 3850 1064 3856 ,-

245 3892 305 3956 Sed
321 3899 426 3958 contra
444 3892 525 3958 hanc
540 3893 722 3977 opinionem
745 3893 843 3958 multa
857 3894 947 3958 obiici
963 3904 1103 3979 possunt.
1149 3899 1190 3960 1⁰.
1208 3896 1242 3960 si
1256 3896 1302 3960 via

197 4003 383 4071 intellectiva
402 4011 448 4070 eat
468 4005 606 4071 accidens
628 4005 739 4089 angeli,
761 4006 880 4090 concipi
902 4008 1014 4091 poterit
1035 4029 1100 4072 esce
1120 4008 1222 4092 angeli
1237 4009 1302 4072 sine

200 4116 258 4180 hoc
272 4115 445 4196 accidente,
468 4118 612 4202 quaelibet
625 4119 707 4183 enim
728 4141 776 4183 rea
796 4127 898 4203 potest
917 4119 1036 4204 concipi
1050 4143 1104 4205 per
1119 4143 1174 4185 aua
1188 4122 1302 4186 consti·

200 4229 307 4307 tutiva,
328 4239 359 4293 ct
381 4230 520 4295 accidens
544 4231 644 4315 angeli
671 4253 734 4294 non
757 4240 804 4294 cst
827 4231 893 4295 eius
918 4233 1160 4298 constitutivum.
1205 4236 1302 4320 Atqui

201 4339 319 4404 sublata
348 4363 402 4424 per
431 4349 563 4406 mentem
591 4343 620 4406 vi
643 4342 836 4423 intellectiva,
866 4344 944 4408 nihil
973 4354 1118 4424 remanet,
1143 4368 1197 4429 per
1219 4347 1302 4430 quod
1385 4364 1387 4367 ’

1074 4461 1130 4519 o2
