3200 4975
279 363 344 425 346
663 384 722 427 ‘nn
738 382 991 427 accrnnurraus.
1229 364 1313 447 [cra.
1332 384 1388 427 111.

283 544 404 611 realitas
418 545 576 611 absoluta:
598 549 673 610 situs
681 556 729 611 est
742 556 774 610 ct
789 547 890 632 ipsum
906 545 1075 625 relativum,
1087 553 1118 611 et
1132 545 1212 609 idem
1225 546 1388 611 dicendum

279 656 318 721 da
332 659 444 723 habita.
490 658 563 723 Non
582 680 656 743 crgo
677 668 803 744 possent
826 680 891 723 esse
912 656 1000 742 plura
1016 680 1107 742 quam
1123 666 1255 742 quatuor
1269 681 1381 742 genera

278 768 548 835 fundamentorum
571 770 726 834 relationis
747 770 936 848 intrinsecae3
967 778 999 833 et
1021 770 1064 833 sic
1086 790 1149 833 non
1171 770 1232 833 nisi
1254 778 1386 855 quatuor

281 889 355 945 sunt
370 903 482 966 genera
496 880 678 946 relationum
694 881 939 946 intrinsecarum.
985 906 987 911 ·

321 992 570 1057 Fundamentum
593 994 749 1058 relationis
770 1002 845 1059 tunc
868 1004 914 1058 est
936 994 1150 1072 extrinsecum,
1173 992 1296 1077 quando
1320 991 1383 1057 duo

277 1101 417 1167 absoluta
430 1102 606 1168 referamur
620 1103 659 1168 ad
674 1104 803 1169 invicem
818 1105 973 1169 secandam
987 1106 1066 1188 quod
1071 1106 1256 1189 participant
1266 1105 1388 1188 aliquod

277 1236 338 1278 erre
351 1214 506 1279 relativum
520 1216 646 1281 eiwdem
664 1218 790 1280 ratibnis
809 1217 962 1300 abaliquo
985 1218 1082 1281 tertio.
1126 1216 1261 1280 Possunt
1281 1227 1385 1280 autem

277 1324 317 1390 ab
343 1325 446 1411 aliquo
469 1326 560 1391 tertio
583 1327 717 1411 accipere
742 1350 807 1391 esse
831 1327 990 1392 relativum
1014 1327 1148 1391 eiusdem
1171 1326 1299 1390 rationis
1321 1325 1384 1390 duo

277 1438 397 1521 eff'ectas
411 1438 443 1503 in
459 1438 566 1503 eodem
586 1462 697 1523 genere
716 1461 824 1518 caasae,
846 1439 908 1503 duo
922 1440 982 1518 ubi,
998 1439 1060 1503 duo
1074 1440 1199 1523 quando,
1216 1438 1277 1501 duo
1291 1440 1365 1503 sitris
1374 1465 1385 1517 ;

276 1559 312 1615 ut
326 1550 403 1614 nihil
418 1550 554 1615 dicamus
569 1551 607 1615 de
622 1552 733 1630 babitu,
748 1549 802 1635 qai
818 1573 855 1614 ex
869 1550 1017 1615 absolutis
1031 1559 1063 1614 et
1081 1550 1215 1614 relativis
1235 1550 1382 1635 exsurgit,

276 1672 307 1726 et
336 1661 462 1747 longam
490 1662 629 1749 analysin
658 1662 761 1726 fructu
789 1662 852 1727 fere
881 1684 1006 1727 vacuam
1036 1658 1215 1746 postularet.
1269 1662 1310 1726 Et
1340 1662 1384 1727 sic

275 1795 425 1858 ponemus
444 1782 575 1859 quatuor
594 1796 660 1838 esse
680 1796 791 1856 genera
810 1772 1081 1839 fundamentorum
1102 1795 1158 1858 pro
1180 1773 1379 1838 relationibus

276 1885 468 1949 extdnsecis:
493 1889 526 1949 1⁰
550 1908 672 1950 oaamm
698 1907 913 1951 communem:
936 1888 972 1951 2⁰
996 1906 1190 1949 communem
1220 1885 1377 1969 regionem

276 2005 397 2060 motus:
421 2000 455 2061 3⁰
481 2019 675 2063 communem
705 1997 915 2063 durationem:
937 2002 973 2061 4⁰
998 2020 1191 2062 communem
1216 1998 1380 2062 terminum

276 2108 478 2172 extrinsecum
493 2109 738 2194 comparationis.

320 2220 567 2285 navitatem
596 2220 712 2305 aliquid
738 2222 770 2284 in
797 2219 974 2305 particulari
1003 2220 1141 2285 dieamus
1170 2222 1209 2285 de
1237 2221 1286 2287 his
1315 2231 1384 2285 octo

275 2331 438 2415 generibus
460 2331 653 2412 relationum,
669 2333 768 2416 primo
790 2332 984 2396 advertemus
1006 2330 1164 2416 quodlibet
1186 2354 1222 2395 ex
1248 2340 1379 2417 quatuor

276 2441 382 2528 primis
396 2442 559 2527 generibus
575 2442 689 2529 duplici
704 2442 829 2509 nomine
844 2443 980 2528 exprimi,
990 2464 1086 2528 quum
1103 2442 1261 2508 dicantur:
1284 2446 1384 2508 unitas

275 2565 304 2620 et
327 2580 481 2630 numerica·
511 2560 588 2621 aetio
618 2566 648 2622 et
669 2559 773 2642 passio
784 2585 796 2632 ;
830 2557 1029 2621 convenientia
1058 2565 1087 2620 et
1116 2557 1381 2631 disconvenientiar

275 2691 409 2733 mnsam
424 2678 453 2734 ct
474 2670 674 2734 mensurabile.
718 2669 810 2733 Ratio
825 2653 875 2732 est¹
891 2667 972 2752 quia,
989 2689 1086 2752 quum
1105 2667 1139 2731 in
1156 2667 1302 2732 relatione
1321 2669 1383 2732 duo

276 2781 338 2844 sint
361 2789 503 2861 extrema,
519 2804 616 2845 unum
639 2803 751 2845 nomen
775 2780 936 2845 convenire
961 2788 1062 2863 potest
1086 2779 1224 2846 subiecto
1245 2789 1275 2845 et
1298 2781 1382 2844 aliud

275 2891 416 2969 termino,
432 2890 479 2955 vel
492 2891 599 2955 saltem
615 2890 726 2976 poterit
745 2889 911 2975 aliquando
926 2913 1024 2954 unum
1041 2913 1152 2955 nomen
1168 2892 1289 2976 utrique
1304 2913 1377 2956 oon-

276 3003 386 3082 venire,
398 3002 561 3087 aliquando
575 3003 668 3067 aliud.
715 3003 753 3066 lu
769 3003 867 3087 primo
877 3025 997 3086 genere,
1008 3003 1079 3066 dato
1094 3003 1230 3088 quolibet
1245 3026 1302 3066 ano
1319 3026 1381 3066 non

277 3115 438 3180 habebitur
461 3114 567 3180 relatio
584 3116 686 3200 aliqua
708 3114 796 3179 realis
817 3113 946 3178 fundata
967 3115 998 3177 in
1023 3113 1150 3193 unitate,
1166 3115 1226 3178 nisi
1248 3126 1382 3199 ponatur

276 3225 383 3290 saltem
399 3229 482 3291 aliud
493 3250 592 3291 anam.
643 3227 737 3289 Unam
752 3227 835 3289 enim
854 3225 953 3289 solum
969 3225 1048 3288 dicet
1063 3224 1186 3310 quidem
1202 3225 1379 3290 relationem

276 3339 439 3402 identitatis
456 3339 494 3402 ad
517 3337 661 3422 seipsum,
677 3337 731 3401 sed
754 3337 819 3400 haec
841 3359 903 3400 non
927 3337 984 3399 erit
1006 3335 1112 3400 relatio
1132 3336 1191 3400 nisi
1214 3337 1382 3401 secundum

275 3449 444 3514 rationem:
468 3450 583 3516 sivero
604 3457 736 3534 ponatur
757 3448 841 3512 aliud
863 3471 960 3527 annm,
979 3446 1141 3511 habebitur
1163 3447 1269 3511 relatio
1291 3450 1381 3513 realis

275 3562 478 3625 distinctionis.
524 3562 589 3626 Iam
606 3583 675 3624 vero
690 3583 788 3624 unum
803 3568 835 3622 et
850 3582 948 3622 unum
970 3558 1104 3622 efficiunt
1119 3581 1292 3622 numerum.
1339 3560 1378 3623 ln

276 3674 410 3738 secundo
429 3697 548 3758 genere,
563 3697 659 3758 quum
674 3674 752 3738 actio
766 3681 798 3736 et
820 3672 920 3756 passio
935 3673 968 3736 in
983 3673 1063 3736 sacto
1085 3693 1150 3736 esse
1167 3672 1228 3735 sint
1244 3695 1325 3735 uuus
1347 3681 1379 3735 et

275 3784 357 3850 idem
371 3795 457 3850 actus
477 3785 638 3864 secundus,
654 3785 707 3868 qui
730 3784 842 3848 dicitur
857 3785 943 3861 actio,
959 3786 1031 3867 quia
1045 3783 1182 3868 procedit
1197 3783 1235 3846 ab
1255 3793 1376 3868 agente,

276 3907 307 3963 et
320 3900 432 3982 passio,
448 3897 520 3982 quia
539 3897 684 3981 recipitur
704 3895 736 3958 in
759 3895 906 3979 patiente,
922 3894 1028 3958 relatio
1050 3895 1170 3978 agentis
1193 3894 1232 3959 ad
1253 3917 1377 3979 passum

276 4009 424 4074 fundatur
444 4009 477 4072 in
492 4009 620 4087 actione,
635 4016 741 4072 contra
763 4006 870 4070 relatio
890 4006 1035 4090 patientis
1054 4005 1092 4069 ad
1114 4028 1208 4091 agens
1231 4007 1380 4070 fundatur

277 4121 310 4183 in
328 4122 489 4205 passione:
512 4129 542 4184 et
563 4120 646 4184 idem
667 4118 785 4182 dicatur
808 4118 979 4202 generalius
1000 4117 1037 4182 de
1057 4117 1203 4182 relatione
1221 4141 1320 4182 causae
1340 4118 1379 4182 ad

173 4281 176 4287 .
278 4232 418 4296 effectum
433 4242 464 4295 et
479 4231 604 4296 effectus
619 4229 656 4294 ad
672 4252 803 4293 causam.
851 4229 901 4292 Sic
917 4228 1022 4292 relatio
1036 4227 1132 4313 patris
1147 4228 1186 4292 ad
1200 4228 1309 4307 filium,
1326 4250 1379 4291 scu

279 4344 454 4428 paternitas,
474 4342 622 4404 fundatur
641 4343 673 4404 in
696 4341 900 4424 generatione,
919 4350 1010 4427 prout
1030 4340 1102 4404 dicit
1122 4342 1250 4424 pignere,
1272 4340 1379 4406 relatio
