3200 4975
239 396 311 440 car.
329 377 368 461 1.]
694 400 737 443 nx
754 400 902 445 somna.
1279 382 1343 447 149

237 562 342 644 carior,
361 587 454 649 quam
476 566 508 629 in
530 589 609 651 puro
632 567 760 652 spiritu:
784 576 826 645 et,
842 568 873 630 in
897 575 1049 652 quantum
1070 566 1236 647 rationalis,
1253 567 1340 632 facile

237 675 412 740 turbabitur
441 701 460 741 a
485 678 681 743 sensibilibus
707 678 929 758 affectionibus,
956 679 1124 763 prasertim
1150 681 1176 744 si
1200 678 1342 776 voluntas

237 788 371 867 inferior,
391 799 426 853 ut
445 790 579 856 accidere
597 800 709 876 potest,
728 814 746 855 a
769 792 924 876 superiore
946 791 1115 856 discordet:
1137 792 1251 877 inquo
1270 814 1343 856 casu

237 910 364 985 propter
390 901 582 967 identitatem
612 904 754 988 principii
783 904 900 968 bonum
930 904 1090 989 utriusque
1120 905 1216 988 partis
1240 926 1344 989 prose-

238 1014 360 1097 quentis
374 1015 488 1079 orietur
501 1014 585 1079 lucta
594 1015 732 1099 quaedam
745 1026 777 1079 et
787 1016 940 1099 oppositio
953 1015 1175 1099 operationum,
1186 1016 1343 1096 titubatio,

238 1126 428 1210 perplexitas,
444 1130 595 1212 angustia,
610 1138 642 1192 et
657 1127 820 1192 difficultas
835 1127 1013 1212 quiescendi
1030 1128 1063 1191 in
1087 1150 1149 1191 una
1167 1136 1253 1212 parte
1271 1150 1342 1191 cum

223 1266 225 1268 >
238 1237 381 1321 neglectu
394 1238 530 1303 alterius.

281 1351 335 1413 26.
359 1350 514 1426 Quaeritur
528 1361 646 1437 quarto,
658 1362 757 1417 utrum
770 1354 957 1431 comatoria,
967 1354 1002 1416 de
1016 1374 1075 1436 qao
1086 1353 1341 1431 middletunam,

232 1464 382 1545 pertineat
397 1464 437 1528 od
448 1465 525 1527 oirer
539 1466 748 1548 oopooacitiooa
762 1488 802 1528 on
816 1465 857 1528 od
869 1466 1053 1549 appetitione.

282 1572 474 1656 Respondeo,
501 1574 717 1638 conscientiam
747 1575 870 1659 proprie
899 1574 1050 1658 pertinere
1081 1575 1120 1638 ad
1149 1582 1266 1659 partem
1293 1594 1342 1637 co·

239 1684 450 1767 gnoscitivam,
474 1685 527 1750 sed
556 1685 665 1749 ultimo
689 1686 834 1770 compleri
858 1686 891 1749 in
919 1695 1005 1770 parte
1030 1685 1205 1771 appetitiva.
1250 1685 1342 1763 Nam,

239 1818 337 1880 quum
350 1797 504 1861 obiectum
520 1798 714 1862 conscientia
724 1798 788 1861 sint
804 1798 978 1862 affectiones
994 1810 1030 1861 ut
1044 1799 1207 1861 existentes
1222 1798 1255 1860 in
1271 1796 1343 1861 snb·

239 1908 328 1988 iecto,
343 1907 382 1974 ad
397 1909 475 1973 vires
494 1910 714 1993 cognoscitivas
733 1909 868 1994 pertinet
888 1908 1041 1973 obiectum
1057 1908 1234 1973 huiusmodi
1248 1909 1343 1972 attin-

238 2043 319 2103 gere,
335 2020 458 2106 quando
473 2020 612 2085 videlicet
631 2021 804 2086 subiectum
823 2020 952 2084 reflectit
973 2020 1122 2085 intuitum
1142 2020 1181 2083 ad
1197 2020 1341 2104 seipsum.

239 2131 377 2216 Attingit
400 2141 503 2197 autem
528 2132 714 2197 conscientia
739 2155 794 2218 per
820 2155 912 2197 suum
938 2131 1087 2195 intuitum
1111 2130 1256 2195 reflexum
1279 2154 1344 2195 non

241 2244 339 2307 solum
354 2244 529 2309 affectiones
544 2267 613 2331 quae
626 2254 698 2309 sunt
713 2246 746 2309 in
761 2244 938 2330 passivitate
952 2244 1167 2328 cognoscitiva,
1183 2243 1236 2307 sed
1251 2243 1344 2307 etiam

241 2379 308 2442 quae
323 2357 444 2421 suntin
460 2356 636 2442 passivitate
650 2358 796 2437 affectiva,
813 2358 845 2421 in
861 2368 1012 2442 quantum
1028 2356 1207 2440 simpliciter
1222 2363 1295 2419 sunt
1310 2355 1344 2419 in

240 2468 396 2535 subiecto:
422 2478 454 2534 et
467 2477 569 2534 totum
583 2468 642 2534 boc
656 2470 789 2556 pertinet
808 2469 847 2534 ad
861 2469 1066 2554 cognitionem
1082 2467 1236 2533 reflexam.
1283 2467 1344 2532 Sed

239 2584 312 2666 quia
332 2583 574 2668 unumquodque
593 2583 658 2666 agit
678 2591 769 2666 prout
790 2591 838 2646 est
859 2581 892 2645 in
912 2589 994 2660 actu,
1009 2589 1041 2644 et
1059 2580 1230 2645 subiectum
1250 2602 1345 2664 agens

158 2704 162 2710 “
241 2704 287 2758 est
307 2704 393 2760 actus
413 2695 638 2778 cognoscitivus
660 2695 770 2759 ultimo
788 2693 958 2777 completus
984 2715 1038 2777 per
1052 2690 1258 2776 passivitatem
1274 2690 1346 2754 affe·

240 2809 401 2886 ctivam,ut
413 2829 505 2892 supra
517 2806 702 2872 declaratum
713 2803 1067 2884 est,ideoactusreflexus
1077 2825 1138 2888 quo
1150 2803 1345 2886 cognoscitur

240 2920 402 2984 existentia
424 2918 552 2984 alicuius
578 2919 611 2982 in
629 2916 776 2994 subiecto,
791 2915 911 3000 indiget
930 2914 1077 2999 compleri
1096 2913 1204 2978 ultimo
1223 2914 1257 2977 in
1274 2937 1344 2998 pas-

241 3033 360 3097 sivitate
374 3031 511 3096 affectiva
519 3058 530 3111 3
551 3031 585 3095 id
599 3039 646 3094 est
656 3028 852 3106 conscientia,
861 3036 955 3112 prout
966 3034 1012 3090 est
1024 3034 1110 3091 actus
1121 3025 1345 3110 cognoscitivus

241 3143 473 3208 modificationis
501 3141 658 3207 existentis
687 3141 720 3204 in
749 3139 897 3216 subiecto,
921 3136 974 3202 dat
1002 3137 1105 3200 locum
1133 3136 1256 3201 affectui
1281 3158 1343 3221 quo

242 3258 413 3322 subiectum
428 3271 568 3320 movetur
582 3254 621 3319 ad
635 3251 865 3339 approbandam
881 3250 928 3314 vel
943 3248 1166 3334 reprobandam
1181 3248 1214 3311 in
1229 3271 1261 3311 se
1278 3249 1345 3333 ipso

243 3370 325 3433 illam
335 3366 591 3433 modificationem
603 3366 660 3444 sui,
670 3373 763 3449 prout
774 3362 916 3427 convenit
932 3360 1067 3425 subiecto
1083 3360 1130 3424 vel
1146 3359 1345 3426 disconvenit.

245 3482 327 3546 Hinc
342 3481 527 3545 conscientia
540 3479 611 3543 licet
626 3477 737 3542 habeat
752 3487 855 3541 actum
871 3475 904 3538 in
918 3482 1005 3559 parte
1024 3472 1238 3556 cognoscitiva,
1255 3473 1346 3537 habet

243 3602 346 3658 tamen
361 3592 590 3657 resultationem
606 3589 746 3654 ultimam
762 3589 795 3651 in
812 3595 898 3671 parte
912 3584 1089 3670 appetitiva.
1124 3583 1164 3648 In
1179 3583 1347 3668 composito

244 3717 357 3784 antem,
374 3705 412 3769 de
427 3727 489 3789 quo
504 3703 634 3788 agimus,
650 3699 835 3766 conscientia
849 3697 987 3762 extendit
1002 3719 1034 3760 se
1049 3695 1089 3760 ad
1108 3695 1348 3761 modificationes

245 3829 311 3881 tum
327 3838 434 3882 sensus
449 3825 518 3880 tum
532 3814 715 3892 intellectus,
728 3820 759 3876 et
774 3809 945 3894 completur
960 3808 1068 3872 ultimo
1084 3808 1116 3871 in
1131 3809 1271 3893 appetitu
1286 3810 1349 3874 sive
1369 3895 1373 3900 .

246 3929 388 3993 sensitivo
398 3929 460 3992 sive
471 3926 622 4004 rationali,
632 3934 667 3989 ut
681 3923 769 3988 facile
779 3922 898 4006 patebit
913 3919 1117 3986 consideranti
1132 3941 1202 4004 quaa
1216 3920 1348 3985 diximus

245 4042 381 4107 numeris
396 4038 672 4126 praecedentibus*.

279 4234 295 4263 ⁴
314 4230 395 4297 Quod
415 4229 499 4283 ctiam
518 4227 547 4281 in
567 4225 653 4280 brutis
672 4225 709 4278 sit
727 4223 900 4292 conscientia,
923 4221 1040 4276 dubitari
1061 4217 1171 4294 nequit3
1190 4239 1254 4276 nam
1269 4222 1348 4278 bruta

246 4318 449 4390 apprehendunt
460 4333 515 4368 nou
526 4314 615 4368 solum
633 4311 740 4365 obiecta
756 4315 876 4378 externa,
890 4327 906 4364 a
925 4308 1023 4380 quibus
1041 4311 1190 4376 movantur,
1204 4307 1251 4361 sed
1267 4309 1349 4364 etiam

245 4404 419 4459 existentiam
434 4420 544 4458 suarum
560 4398 740 4455 affectionum
777 4397 858 4452 Hanc
880 4403 972 4451 tamen
991 4394 1165 4450 existentiam
1187 4401 1351 4464 cognoscunt
