3200 4975
223 381 291 425 car.
309 360 380 445 rra]
540 381 583 422 ne
599 379 802 423 suasrssrra
817 379 1020 423 sersrroanr.
1286 362 1321 421 91

222 548 366 611 maiorem
381 546 500 631 pollice,
516 568 638 611 neeesse
653 555 733 610 esset
748 553 784 610 ut
796 547 828 609 in
844 520 950 611 eodeni
965 542 1114 629 principio
1127 544 1241 609 videret
1253 544 1327 628 quid

222 668 268 722 est
282 682 337 742 pes
351 666 383 723 et
397 658 473 743 quid
491 667 539 723 est
564 658 682 742 pollex:
705 667 737 721 et
760 658 804 722 sic
830 679 952 721 necesse
975 666 1055 721 esset
1082 665 1116 719 ut
1139 656 1172 719 in
1195 657 1327 719 termino

222 779 315 833 totum
329 770 444 835 videret
458 769 577 855 pedem,
593 769 673 833 etin
688 768 820 833 termino
833 777 923 852 perte
938 767 1053 832 videret
1071 766 1220 851 pollicem.
1267 766 1327 831 Sed

220 880 281 945 hoc
295 881 418 945 admitti
432 881 558 965 nequit3
580 880 716 944 ostendit
735 880 817 944 enim
839 879 905 963 ipse
921 879 954 943 S.
969 878 1102 943 Thomas
1120 878 1162 962 (p.
1180 880 1210 941 1.
1226 900 1256 962 q.
1275 879 1326 939 lla

224 1015 252 1055 a.
277 994 309 1073 6)
337 1013 401 1056 non
426 1013 515 1077 posse
543 991 686 1075 cognosci
715 990 816 1055 multa
838 990 870 1055 in
894 1011 958 1055 nno
986 988 1138 1076 principio
1166 988 1329 1053 universali

223 1104 392 1168 secundum
418 1103 571 1187 propriam
595 1102 813 1186 cognitionem,
840 1102 894 1167 scd
917 1102 1017 1167 solum
1043 1102 1075 1167 in
1100 1100 1274 1167 communi:
1297 1108 1327 1164 et

221 1215 322 1279 solum
338 1215 451 1293 Deum,
465 1214 499 1277 in
514 1237 577 1299 quo
591 1224 664 1279 sunt
685 1236 792 1279 omnes
815 1214 958 1292 rationes,
973 1224 1041 1277 tum
1056 1232 1243 1290 communes,
1259 1221 1327 1275 tum

222 1326 352 1409 propriae
380 1325 520 1388 omnium
548 1347 662 1403 rernm,
691 1324 803 1388 lrabere
832 1324 1038 1408 cognitionem
1068 1323 1148 1387 hane
1172 1322 1326 1406 propriam

221 1455 324 1501 rerum
340 1436 554 1501 distinctarum
569 1458 623 1521 per
637 1436 760 1501 animm
774 1435 981 1501 intuitionem.
1021 1435 1132 1515 Quare,
1148 1442 1184 1497 nt
1199 1433 1328 1519 angelus¹

221 1549 298 1613 sciat
312 1548 420 1631 pedem
436 1570 501 1611 asse
516 1548 661 1611 maiorem
680 1547 799 1632 pollice,
822 1570 944 1613 necesse
967 1561 1023 1625 est,
1040 1557 1075 1611 ut
1091 1554 1200 1631 praeter
1214 1544 1326 1630 princi·

222 1659 307 1743 pium
325 1668 417 1723 totam
427 1668 472 1723 est
481 1660 578 1722 maiae
585 1668 685 1743 purte,
696 1660 771 1723 sciat
779 1658 871 1723 etiam
880 1660 1020 1742 pollicem
1030 1680 1091 1723 esce
1099 1658 1326 1742 perterapedisr

222 1769 280 1833 hoc
291 1779 395 1834 antem
406 1791 467 1834 non
483 1792 520 1833 ex
530 1791 566 1834 eo
581 1770 740 1854 principio,
752 1769 806 1834 sed
816 1768 938 1835 aliunde
949 1770 1024 1834 sciet
1032 1795 1042 1847 ;
1065 1780 1096 1833 at
1107 1778 1327 1853 consequenter

222 1903 285 1944 non
300 1880 415 1945 videbit
434 1881 574 1965 pollicem
601 1904 667 1945 esse
690 1880 839 1945 minorem
866 1881 943 1965 pede
962 1882 994 1945 in
1013 1881 1078 1946 solo
1092 1880 1241 1966 principio
1255 1880 1325 1943 uni·

221 1992 338 2070 ramuli,
350 1991 404 2056 sed
419 2014 473 2076 per
483 1992 549 2056 eins
564 1991 798 2077 applicationem
811 1991 849 2056 ad
865 1991 1046 2077 particulare
1054 2017 1064 2071 ;
1087 2014 1155 2077 quae
1163 1990 1325 2076 applicatio

220 2102 381 2167 constituit
396 2102 578 2167 discursum.

264 2212 391 2292 Quarto,
405 2212 486 2277 idem
502 2214 562 2278 alio
581 2213 674 2278 modo
695 2214 806 2300 exponi
830 2222 943 2298 potest.
988 2216 1071 2278 Nam
1094 2214 1267 2279 intellectus
1291 2214 1323 2277 in

220 2332 342 2387 tantum
357 2324 474 2408 aliquid
486 2324 642 2409 intelligit,
659 2325 691 2388 in
711 2334 863 2410 quantum
888 2325 981 2391 habet
1004 2326 1132 2410 speciem
1154 2325 1193 2389 ab
1207 2324 1324 2390 obiecto

218 2436 417 2520 impressam:
446 2435 532 2500 omni
560 2445 663 2501 autem
692 2436 885 2522 impressioni
919 2437 1052 2525 physicae
1084 2438 1230 2523 competit
1258 2460 1323 2503 esse

220 2547 312 2611 talem
342 2547 389 2611 vel
419 2547 512 2612 talem
546 2548 767 2628 determinem
796 2571 869 2613 nam
905 2560 992 2613 aetus
1028 2550 1152 2636 physice
1184 2560 1322 2635 receptus

219 2659 326 2742 nequit
355 2679 420 2723 esse
448 2659 713 2723 indeterminatus.
758 2661 826 2724 Iam
856 2683 927 2726 vero
956 2662 1071 2745 speeies
1099 2663 1247 2746 impressa
1275 2662 1323 2728 vel

220 2768 312 2832 refert
326 2777 449 2834 tanturn
464 2770 620 2835 obiectum
640 2771 741 2855 quoad
763 2781 853 2835 notas
875 2773 1039 2856 specificas,
1054 2773 1101 2836 vel
1115 2774 1206 2836 etiam
1222 2772 1323 2857 quoad

219 2879 399 2962 singulares.
438 2881 471 2945 Si
486 2881 750 2966 quoadspecificas
764 2891 898 2962 tantum,
909 2905 973 2948 non
988 2884 1099 2968 poterit
1114 2883 1208 2948 videri
1223 2885 1255 2946 in
1270 2883 1323 2947 illa

218 2990 342 3075 aliquod
357 2991 528 3076 singulare:
553 2992 579 3057 si
599 2993 702 3078 quoad
725 2994 896 3078 singulares
922 2995 1023 3074 etiam,
1048 3005 1167 3080 oportet
1190 2996 1320 3081 speciem

216 3101 300 3165 illam
330 3124 397 3166 esse
425 3104 707 3188 comprehensivam
742 3105 880 3170 omnium
912 3107 1131 3190 singularium
1161 3108 1244 3192 quod
1272 3118 1319 3172 est

216 3213 413 3297 impossibile.
467 3215 551 3298 Ergo
579 3238 642 3279 non
672 3225 773 3301 potest
808 3217 935 3300 angelus
963 3219 996 3282 in
1027 3219 1189 3283 universali
1218 3220 1319 3284 videre

213 3323 389 3407 singularia,
405 3346 461 3388 nec
475 3325 508 3387 in
529 3325 680 3411 principio
697 3328 958 3411 consequentiam,
978 3351 1074 3413 quum
1096 3330 1243 3415 principia
1258 3331 1319 3394 sint

217 3433 433 3499 universaliora
447 3457 543 3519 quum
559 3437 778 3502 conclusiones.

260 3545 351 3622 Quod
377 3569 446 3611 vero
472 3547 574 3631 angeli
603 3547 745 3614 dicantur
774 3550 952 3616 substantia
981 3554 1189 3618 intellectuales
1218 3554 1319 3638 potius

215 3679 307 3741 qnam
322 3658 492 3736 rationales,
507 3658 540 3722 id
554 3678 617 3722 non
633 3659 767 3725 multum
788 3683 846 3726 nos
869 3685 989 3728 movere
1010 3663 1100 3729 debet
1108 3694 1118 3744 5
1141 3675 1222 3730 recte
1237 3665 1318 3729 enim

213 3768 274 3832 diei
286 3776 418 3853 possunt
432 3777 464 3832 et
478 3769 650 3849 rationales,
666 3779 697 3834 et
714 3772 949 3839 intellectuales.
995 3775 1056 3840 sed
1066 3777 1263 3860 praedicatum
1272 3779 1319 3841 ia-

214 3880 393 3944 telleeteelee
407 3880 505 3964 magis
524 3883 657 3965 pertinet
682 3882 722 3946 ad
747 3885 845 3969 ipsam
870 3887 1082 3965 substantiam,
1110 3888 1183 3953 dum
1209 3889 1317 3973 praedi·

214 3999 317 4055 catum
332 3993 493 4056 ratiovmles
507 3993 605 4077 magis
620 3995 753 4077 pertinet
767 3995 808 4059 ad
823 3995 948 4060 modum
964 3999 1157 4081 operationis.

259 4099 351 4177 Quod
366 4101 488 4166 tandem
506 4103 598 4167 homo
612 4103 680 4168 ideo
696 4105 736 4168 sit
751 4106 990 4186 ratiocinativus,
1014 4110 1085 4193 quia
1108 4110 1200 4174 habet
1217 4111 1318 4173 debili-

213 4218 304 4299 tqtem
319 4213 446 4291 luminis,
462 4223 568 4278 contra
590 4216 717 4299 angelus
742 4217 854 4282 lrabeat
874 4219 940 4283 cius
963 4220 1080 4284 laminis
1096 4222 1319 4303 plenitudines,

212 4322 320 4386 etidco
335 4344 398 4387 non
414 4325 454 4387 sit
468 4326 706 4406 ratiocinativus,
722 4351 785 4392 non
798 4349 945 4413 magnum
963 4331 1053 4396 habet
1068 4331 1198 4416 pondus.
1238 4333 1318 4396 Nam
