3200 4975
257 354 324 417 304
659 375 702 419 ns
717 372 975 419 acernanrrsus.
1245 350 1329 439 [mr.-
1346 369 1373 415 1.

259 542 383 607 evidens
416 551 474 622 est,
503 542 611 629 positis
650 543 717 607 aliis
754 541 924 627 spiritibus,
955 539 1102 607 resultare
1125 539 1380 605 multitudinem.

261 654 417 721 unitatum
438 654 677 720 distinctarum
709 653 770 718 Sed
788 653 937 740 quamdiu
951 653 1055 739 plures
1071 652 1197 737 spiritus
1212 672 1275 716 non
1298 672 1371 714 con-

260 768 435 852 iunguntur
459 767 520 832 nisi
550 790 605 853 per
627 768 752 853 parada
776 790 829 832 seu
852 766 969 831 ratione
992 764 1141 851 simplicis
1169 762 1372 831 coexistentiae

263 878 453 944 simultaneoe
470 879 551 963 (quae
564 888 612 943 est
626 876 732 943 relatio
747 878 941 961 extrinseca),
956 900 1018 944 noa
1033 877 1165 942 habetur
1180 876 1296 962 aliquid
1311 896 1373 960 quo

263 989 431 1055 multitudo
453 988 505 1055 illa
520 989 564 1054 ita
586 990 759 1069 unificetur,
775 998 811 1053 ut
832 989 947 1053 sitnon
968 987 1136 1053 multitudo
1155 988 1260 1075 potius
1281 1009 1374 1072 quam

263 1100 332 1165 duae
357 1099 404 1164 vel
427 1099 531 1186 plores
552 1099 779 1165 multitudines.
817 1098 1001 1177 ‚Multitudo
1027 1099 1110 1163 enim
1135 1099 1299 1165 coniuncta
1321 1119 1377 1182 per

263 1212 462 1278 extrinsecam
486 1211 664 1277 relationem
688 1211 860 1278 nonhabet
882 1212 963 1276 inse
985 1212 1062 1296 ipsa,
1078 1211 1133 1276 sed
1154 1211 1376 1276 abextrinseeo

264 1333 295 1389 et
317 1347 372 1409 per
392 1322 476 1389 aliud
498 1347 586 1409 posse
610 1324 756 1409 accipiat
779 1347 883 1402 unam,
900 1324 938 1389 de
958 1347 990 1389 se
1013 1333 1115 1388 autem
1139 1332 1186 1387 est
1208 1321 1323 1408 aliquid
1343 1322 1377 1385 in

264 1436 402 1521 potentia
417 1435 456 1500 ad
470 1436 627 1500 formalem
645 1436 806 1513 unitatem,
818 1436 844 1499 si
860 1435 1052 1520 superveniat
1066 1457 1164 1499 nexus
1179 1434 1374 1514 intrinsecus,

264 1568 327 1633 quo
351 1546 486 1612 unitates
510 1547 640 1630 singulae
664 1546 871 1611 vinculentur.
925 1547 1033 1611 Nesus
1059 1555 1163 1611 autem
1188 1545 1375 1611 intrinsecus

265 1658 455 1744 coniungens
477 1658 709 1723 multitudinem
732 1657 897 1744 spirituum
924 1658 957 1722 in
983 1680 1091 1737 unum,
1113 1681 1143 1722 v.
1160 1680 1206 1743 gr.
1222 1658 1255 1722 in
1278 1678 1379 1722 unum·

265 1770 404 1849 chorum,
434 1770 481 1835 vel
515 1769 547 1833 in
577 1792 672 1834 naam
705 1770 917 1849 hierarchiam,
947 1778 994 1834 est
1023 1769 1180 1834 naculum
1213 1763 1376 1833 commune

267 1881 419 1945 societatis
427 1902 482 1965 per
496 1890 638 1945 mutuam
647 1890 678 1946 et
693 1881 866 1946 ordinatam
876 1881 1031 1946 actionum
1049 1880 1376 1945 communicationem:

267 2003 299 2055 et
314 1988 486 2056 multitudo
502 1992 545 2057 sic
564 1993 653 2057 unita
667 1992 759 2057 debet
778 1992 963 2057 considerari
986 2002 1143 2077 tamquam
1166 1992 1333 2057 formaliter
1348 1999 1380 2055 et

266 2102 429 2166 intrinsece
445 2124 516 2182 una,
532 2126 629 2187 quum
644 2104 756 2169 habeat
777 2104 810 2168 in
826 2104 902 2189 ipsis
916 2104 1099 2185 unitatibus,
1115 2104 1228 2188 quibus
1245 2109 1377 2181 constat,

268 2222 392 2278 mutuas
403 2215 642 2299 conspirationes
653 2215 692 2280 ad
707 2216 789 2281 illam
806 2216 905 2301 ipsam
916 2216 1068 2281 unitatem
1083 2217 1295 2299 resultantem.
1338 2215 1380 2279 Et

270 2325 313 2390 sic
334 2325 418 2411 quod
441 2326 616 2391 dicebamus
638 2327 778 2413 superius
796 2329 840 2410 (n.
859 2330 910 2412 10)
929 2328 966 2392 de
988 2328 1109 2413 legibus
1130 2326 1315 2417 dynamicis,
1325 2331 1385 2411 per

270 2459 347 2523 quas
382 2434 591 2505 determinatae
624 2439 840 2505 multitudines
870 2440 1091 2505 elementorum
1121 2439 1314 2504 reducuntur
1342 2437 1387 2503 ad>

270 2618 370 2672 lineam
382 2617 552 2673 indefinitam
564 2624 593 2673 et
604 2618 747 2688 infinitam,
758 2617 892 2674 iudicium
904 2617 1114 2674 determinatum
1123 2617 1272 2672 seeundum
1281 2615 1379 2684 omnia,

271 2708 303 2758 ut
313 2705 407 2758 Petraea
415 2693 488 2760 estin
497 2707 604 2760 hocloco
612 2698 710 2777 angulo
722 2705 804 2778 plano
816 2705 1009 2778 comprehenso
1021 2705 1093 2758 inter
1104 2703 1171 2758 duas
1182 2703 1271 2758 lineas
1280 2688 1380 2756 finitas

272 2790 311 2845 Et
321 2791 479 2860 notandum,
489 2791 683 2864 quodverbum
694 2799 731 2847 ert
742 2811 797 2847 non
809 2786 984 2864 representat
996 2793 1094 2861 ideam,
1105 2792 1153 2846 sed
1165 2789 1383 2846 convenientiam

273 2879 403 2956 idearum,
416 2878 487 2934 sicut
504 2884 636 2951 punctum
653 2897 778 2934 occursus
793 2895 849 2934 non
868 2883 910 2934 est
927 2879 1008 2947 linea,
1020 2896 1072 2933 nec
1084 2878 1189 2950 aliquid
1200 2877 1265 2932 eius.
1303 2875 1385 2941 Quod

275 2965 421 3020 concordat
432 2983 495 3021 cum
507 2966 589 3021 dictis
600 2966 630 3020 in
641 2971 761 3021 tractatu
772 2983 851 3039 praee.
864 2985 891 3021 n.
907 2967 966 3020 107.

309 3051 483 3107 'l'ranseundo
501 3054 536 3107 ad
554 3053 706 3126 analogiam
724 3053 860 3108 ratiocinii
878 3072 942 3108 cum
954 3053 1100 3123 volumine,
1114 3059 1166 3107 tres
1184 3051 1291 3106 termini
1305 3056 1387 3124 prout

275 3144 340 3193 sunt
357 3139 532 3209 universales,
543 3141 589 3195 vel
606 3140 790 3212 particulares,
806 3141 849 3196 vel
866 3141 1016 3213 singulares
1028 3140 1110 3194 tribus
1123 3139 1197 3194 lineis
1207 3133 1387 3208 infinitie,‘in-

276 3225 403 3295 definitis,
416 3230 464 3282 aut
481 3226 567 3281 finitis
584 3227 733 3300 comparari
749 3233 895 3301 poterunt:
915 3229 974 3283 duce
986 3229 1132 3299 premassoe
1149 3227 1245 3280 duodus
1252 3224 1343 3297 planis
1356 3243 1387 3280 se

277 3312 502 3369 intersecantibus
513 3332 561 3387 per
573 3314 677 3386 aliquid
687 3315 717 3369 in
729 3332 783 3386 quo
802 3315 1021 3370 communicant:
1040 3314 1172 3369 terminus
1189 3314 1288 3368 medius
1304 3313 1385 3366 lineae

276 3400 480 3458 iraterseets‘om‘a:
493 3401 618 3456 conelaas'o
630 3419 664 3455 ex
675 3401 821 3474 praemissis
834 3400 1015 3456 determinata
1026 3401 1101 3455 tertio
1108 3401 1189 3471 plone
1201 3399 1344 3454 resultanti
1356 3398 1386 3452 in

277 3485 387 3558 regione
400 3487 523 3559 opposita
533 3486 720 3542 intersectioni
732 3488 849 3542 duorum
860 3488 988 3561 priorum.
1026 3487 1109 3553 Quod
1121 3487 1220 3541 attinet
1236 3489 1271 3542 ad
1286 3485 1387 3541 iudicia

279 3573 416 3644 negativa,
429 3573 538 3645 negatio
551 3573 748 3629 convenientiae
768 3575 882 3629 duarum
893 3575 1016 3629 idearum
1033 3571 1181 3647 comparari
1192 3573 1292 3647 poterit
1303 3591 1387 3645 nege-

279 3659 349 3714 tioni
362 3677 487 3716 occursus
498 3661 613 3717 duarum
624 3660 772 3716 linearum:
791 3679 870 3734 porro
883 3661 943 3716 duee
956 3661 1036 3716 linem
1047 3679 1103 3716 non
1114 3660 1244 3716 hebentes
1255 3666 1387 3733 punctum

280 3765 424 3803 commune
441 3753 554 3821 possunt
565 3765 622 3803 esse
635 3749 681 3803 vel
693 3766 798 3820 semper
809 3747 1022 3820 aequidistantes,
1035 3753 1063 3802 et
1074 3753 1141 3803 trano
1151 3752 1279 3820 poterunt
1289 3764 1389 3819 reprae-

282 3840 387 3890 sentare
406 3835 473 3890 duas
490 3835 573 3903 ideae,
592 3852 707 3906 quarum
724 3852 779 3889 una
795 3843 878 3908 neget
895 3835 1008 3890 alteram
1026 3835 1229 3903 contradictorie,
1242 3838 1274 3888 ut
1285 3833 1388 3903 Petrae,

281 3941 333 3979 aon
346 3924 456 3993 Petraea,
475 3921 540 3993 quia
551 3921 758 3977 contradictoria
769 3939 874 3994 semper
882 3920 1023 3993 aequaliter
1034 3919 1067 3976 ab
1079 3921 1197 3976 invicem
1209 3921 1326 3975 distem:
1341 3920 1389 3975 ¹vel

282 4017 396 4083 possunt
408 4012 469 4067 duae
485 4010 565 4066 lineae
577 4009 633 4065 illae
650 4029 706 4065 uon
721 4009 822 4082 ubique
840 4027 897 4066 esse
913 4009 1124 4082 aequidistantes,
1138 4015 1166 4064 et
1183 4013 1249 4063 tunc
1260 4012 1389 4082 poterunt

282 4105 473 4172 repraesentare
491 4099 557 4153 duee
574 4098 649 4153 ideas
667 4098 821 4168 contrariae,
839 4101 871 4151 ut
888 4097 972 4167 torno,
991 4099 1036 4166 leo,
1049 4096 1095 4152 vel
1111 4097 1194 4166 horno,
1213 4097 1305 4165 orbor,
1324 4109 1391 4150 cona

282 4187 365 4241 traria
380 4187 454 4242 enim
471 4187 558 4259 magis
568 4187 614 4241 vel
630 4186 722 4241 minus
737 4185 838 4240 distare
854 4190 974 4258 possunt.
1011 4185 1126 4238 Possent
1138 4183 1264 4238 similiter
1274 4183 1350 4237 modi
1362 4187 1390 4236 et

285 4274 379 4346 figurae
392 4273 609 4348 syllogismorum
622 4272 784 4344 quibusdam
795 4270 890 4344 figuuis
901 4271 1072 4346 geometricis
1084 4270 1239 4344 comparari,
1249 4275 1299 4325 etc.
1337 4268 1393 4324 Sed

284 4359 317 4414 de
330 4359 374 4413 his
385 4359 468 4413 nimis
480 4359 575 4412 multa.
1327 4353 1329 4359 ’
1349 4399 1351 4402 .
1386 4373 1389 4378 “
