3200 4975
227 374 302 417 car.
320 354 359 437 n]
686 374 730 417 na
747 374 894 418 noranvn.
1271 356 1334 418 139

269 538 362 617 Nam,
378 538 478 623 posita
498 539 715 604 informatione
736 540 871 624 corporis
893 558 947 623 per
969 538 1113 619 animam,
1135 538 1334 623 coniungitur

223 649 410 734 principium
431 649 651 719 intellectivam
676 650 772 735 (quod
792 660 841 715 est
863 650 1032 715 virtualiter
1053 649 1223 714 eminenter
1237 651 1332 715 sensi-

222 761 333 844 tivum)
361 783 432 826 cum
456 761 663 826 instrumento
684 762 828 846 organico
855 760 1082 826 sensibilitatis:
1105 761 1198 826 etsie
1219 762 1332 840 anima,

223 894 292 956 quae
305 872 339 935 in
353 872 443 957 signo
457 871 551 957 priori
572 872 613 937 ad
629 871 878 936 informationem
900 894 963 935 non
981 870 1112 937 habebat
1127 871 1188 936 vim
1211 872 1331 936 sensiti-

224 1006 294 1046 vam
309 983 369 1047 nisi
385 983 546 1047 radicalem
561 992 592 1048 et
607 996 766 1063 remotam,
786 982 822 1046 fit
840 982 956 1047 babens
973 981 1142 1062 formalem,
1162 982 1331 1067 proximam

221 1104 253 1162 et
278 1096 461 1180 completam
486 1095 728 1170 sensibilitatem.
775 1095 859 1159 Hinc
882 1094 1064 1159 habebimus
1089 1098 1123 1159 1ο
1146 1094 1330 1180 principium

222 1206 402 1271 sensitivam
417 1205 561 1285 activum,
577 1228 632 1271 seu
647 1229 770 1271 sensum
789 1215 953 1291 agentem:
976 1210 1011 1271 2ο
1025 1206 1193 1291 potentiam
1210 1206 1331 1271 sensiti-

221 1340 290 1381 vam
305 1318 466 1403 passivam,
482 1341 537 1382 seu
551 1341 675 1383 sensum
691 1318 878 1403 patientem:
901 1320 937 1382 3⁰
950 1340 1085 1383 amorem
1096 1317 1144 1383 sui
1156 1318 1330 1383 sensibilem

220 1430 421 1494 resultantem
436 1452 472 1494 ex
491 1430 715 1515 conspiratione
738 1430 899 1513 utriusque
922 1429 954 1493 in
979 1452 1078 1494 unum
1097 1429 1242 1499 sentiens.
1287 1430 1330 1495 Et

221 1541 286 1606 baec
301 1542 360 1605 tria
379 1541 412 1605 in
432 1541 539 1605 ordine
561 1540 698 1605 sensibili
719 1551 823 1605 exacte
843 1540 1029 1625 respondent
1052 1541 1118 1605 aliis
1139 1541 1239 1606 tribus
1261 1566 1330 1628 quae

221 1652 407 1716 conveniunt
421 1651 601 1717 substantiae
611 1651 763 1737 spirituali
777 1653 810 1716 in
826 1674 882 1716 suo
893 1651 999 1715 ordine
1007 1651 1196 1737 intelligibili
1204 1679 1214 1731 3
1237 1664 1329 1739 atque

221 1764 269 1827 his
288 1764 388 1828 tribus
401 1764 520 1849 positis,
536 1764 741 1848 compositum
755 1764 848 1828 babet
870 1763 1060 1853 adaequatam
1076 1764 1136 1828 vim
1153 1764 1326 1831 sensitivam

220 1876 319 1960 primo
333 1885 487 1940 actuatam
502 1898 594 1940 sensu
609 1876 814 1956 substantiali,
830 1885 866 1939 ut
880 1875 924 1939 ita
939 1875 1048 1954 dicam,
1064 1876 1111 1939 sui
1127 1877 1240 1961 proprii
1255 1877 1328 1942 sub·

219 1987 300 2065 iecti,
316 2010 377 2072 qua
391 1989 590 2053 constituitur
606 1996 679 2054 actu
692 1988 797 2053 vivens
818 1988 880 2052 vita
903 1986 1056 2067 sensitiva,
1078 1997 1194 2053 etcum
1210 1989 1282 2053 reali
1297 2000 1328 2055 et

220 2098 357 2182 proxima
376 2100 513 2184 potentia
538 2098 579 2163 ad
601 2099 782 2165 exercendas
808 2099 999 2183 operationes
1024 2099 1226 2164 immanentes
1247 2101 1328 2165 eius-

220 2210 291 2273 dem
306 2210 385 2275 vitae.
430 2211 465 2275 Si
486 2233 594 2276 sensus
617 2211 668 2275 bic
692 2211 807 2296 proprii
831 2210 960 2275 subiecti
980 2218 1026 2275 est
1040 2210 1102 2290 ille,
1126 2234 1218 2297 quem
1233 2213 1328 2298 aliqui

217 2322 399 2386 recentiores
421 2331 528 2387 vocant
552 2346 666 2387 sensum
681 2324 943 2406 fundamentum,
967 2322 1176 2387 admittendus
1199 2333 1246 2388 est
1266 2326 1327 2389 evi·

218 2434 325 2499 denter
347 2457 455 2499 sensus
476 2434 734 2501 fundamentalis:
758 2434 812 2499 sed
832 2444 970 2500 auctores
990 2434 1035 2499 illi
1052 2434 1111 2500 boc
1128 2437 1252 2502 nomine
1271 2437 1325 2502 ali-

217 2547 294 2631 quid
308 2548 411 2612 minus
427 2548 507 2612 clere
521 2547 680 2612 definitum
697 2547 868 2632 intelligere
883 2547 1034 2611 videntur.

271 2662 324 2724 20.
349 2660 459 2724 διιιιιιε
473 2683 562 2744 operas
575 2659 653 2723 nibil
668 2659 753 2723 aliud
773 2668 820 2722 est
840 2659 899 2722 nisi
920 2666 1007 2722 actus
1025 2658 1248 2740 informatum,
1270 2685 1325 2726 seu

216 2771 283 2856 ipsa
296 2772 408 2849 anima,
424 2771 457 2834 in
480 2781 632 2855 quantum
653 2794 709 2856 per
731 2769 978 2834 terminationem
999 2769 1038 2832 ad
1059 2792 1169 2855 corpus
1189 2772 1241 2835 dat
1261 2773 1324 2857 pri·

216 2906 302 2946 mum
328 2905 394 2947 esse
415 2883 560 2967 potentiae
582 2882 719 2967 proxime
742 2881 900 2966 receptivae
925 2881 1092 2965 specierum
1115 2883 1323 2947 sensibilium:

215 3074 295 3139 atque
307 3067 378 3121 hane
389 3065 448 3120 iure
459 3083 588 3121 vocamus
600 3083 708 3118 sensum
715 3070 849 3135 egentem.
869 3063 1026 3116 Generatim
1035 3081 1098 3118 vero
1108 3063 1182 3118 omni
1194 3065 1323 3136 potentiae

213 3154 327 3226 passivae
340 3152 458 3207 naturali
470 3151 614 3224 respondet
626 3151 718 3222 aliqua
729 3151 853 3222 potentia
869 3150 959 3204 activa
974 3149 1017 3203 illi
1035 3156 1097 3222 apta
1112 3150 1322 3222 proportionata,

214 3249 243 3296 et
254 3242 376 3296 eiusdem
387 3241 489 3295 ordinis
500 3245 583 3312 atque
594 3238 721 3307 nominis,
733 3255 782 3310 per
794 3255 876 3308 quam
888 3237 1027 3291 adactum
1040 3237 1132 3292 reduci
1144 3237 1237 3309 possit,
1250 3243 1283 3291 ut
1294 3237 1321 3292 S.

214 3330 332 3383 Thomas
341 3330 398 3401 ipse
405 3329 506 3382 fatebar
517 3333 546 3382 et
555 3326 651 3399 probat
661 3327 768 3397 (contra
779 3330 852 3396 gent.
863 3324 909 3378 lib.
923 3324 950 3378 ii.
959 3342 981 3379 c.
993 3323 1049 3396 22):
1068 3342 1153 3395 quum
1161 3331 1253 3379 autem
1261 3343 1322 3379 sen·

214 3415 266 3469 tire
278 3415 315 3468 sit
323 3422 400 3468 actus
411 3413 562 3466 immanens
574 3416 602 3464 et
613 3410 713 3480 vitalis,
726 3428 780 3463 non
790 3409 889 3464 sufficit
897 3409 970 3479 quod
978 3409 1100 3481 potentia
1111 3410 1218 3481 passiva
1229 3427 1323 3465 sensus

214 3507 338 3556 actuetur
350 3499 384 3555 eb
397 3499 510 3568 obiecto,
523 3499 578 3566 sed,
597 3497 686 3570 posita
704 3497 879 3569 impressione
897 3495 930 3550 ab
948 3495 1053 3552 obiecto
1069 3497 1148 3566 facta
1167 3497 1321 3569 requiritur,

214 3594 246 3641 ut
258 3587 394 3642 obiectum
405 3585 503 3658 ipsum,
515 3588 596 3658 prout
607 3601 655 3656 per
673 3583 877 3656 impressionem
895 3583 929 3637 fit
948 3601 1073 3656 praesens,
1092 3584 1243 3656 attingetur
1258 3593 1322 3640 ectu

213 3675 298 3756 ipsius
310 3672 425 3728 subiecti
438 3670 586 3727 sentientis.
622 3669 674 3723 Est
686 3669 770 3741 igitur
783 3670 813 3723 in
826 3669 958 3724 sentiente
971 3687 1066 3724 sensam
1078 3687 1167 3741 egens.

248 3761 328 3827 Quod
339 3765 432 3815 autem
444 3758 544 3813 attinet
555 3757 590 3812 ad
605 3757 674 3810 illud
688 3755 869 3829 principium:
889 3758 996 3810 Fornace
1011 3757 1040 3810 in
1058 3758 1170 3810 materia
1188 3758 1323 3812 enatantes

212 3867 264 3902 acen
274 3855 334 3902 eunt
346 3845 513 3917 intcllz‘psbdca
521 3851 588 3912 actu,
596 3844 675 3898 facile
688 3843 794 3897 ostendi
806 3849 904 3915 posset,
915 3845 1018 3916 quodsi
1030 3843 1071 3897 ita
1082 3849 1160 3912 esset,
1174 3862 1322 3916 numquam

212 3935 289 3987 fieret
299 3931 411 3986 initium
423 3929 603 4001 intelligendi.
640 3929 713 3982 Nam
729 3928 885 3984 intellectus
896 3947 952 3982 non
964 3927 1061 4000 incipit
1072 3928 1182 4000 operari,
1196 3929 1248 3983 nisi
1260 3949 1321 3984 mo·

210 4025 307 4073 ventur
317 4017 351 4072 ab
364 4016 470 4071 obiecto
488 4024 549 4070 actu
564 4015 718 4085 {maereat
723 4034 730 4068 r
749 4016 798 4070 sed
808 4015 913 4070 moveri
924 4033 979 4069 non
990 4020 1082 4087 posset
1093 4015 1127 4072 ab
1140 4015 1245 4072 obiecto
1258 4025 1321 4071 actu

209 4104 377 4175 intelligibili
389 4102 443 4156 nisi
458 4102 533 4174 prius
545 4107 700 4174 operaretur
710 4101 783 4156 circa
793 4101 872 4172 illud,
881 4107 913 4155 ut
924 4102 1049 4156 redderet
1060 4101 1129 4157 illud
1141 4108 1205 4156 actu
1216 4104 1320 4158 intelli·

209 4190 293 4264 gibile
305 4190 469 4244 removendo
481 4189 648 4243 conditiones
660 4188 823 4258 materiales,
836 4193 868 4242 ut
879 4187 1040 4260 supponitur
1051 4188 1080 4242 in
1092 4189 1165 4243 dicto
1178 4189 1318 4263 principio.

210 4279 283 4350 Ergo
295 4296 349 4331 non
361 4275 458 4349 incipit
470 4275 573 4348 operari
586 4275 656 4330 circe
668 4275 745 4345 illud,
760 4275 814 4329 nisi
825 4275 900 4347 prius
912 4274 1056 4347 inceperit:
1076 4276 1148 4347 quod
1160 4282 1201 4330 est
1212 4284 1319 4332 contra-

211 4365 364 4419 dicterium.
