3200 4975
365 1165 456 1269 nn
528 1127 1159 1271 rcornuurtnus

544 1518 970 1529 ———-—-...--.-

220 1754 249 1815 l.
275 1738 471 1826 DICITUR
486 1753 625 1823 accidens
639 1756 680 1834 id,
693 1757 774 1839 quod
785 1756 867 1819 salva
881 1758 1045 1820 substaruia
1056 1756 1100 1819 rei
1109 1760 1281 1845 potestesse
1295 1757 1324 1813 et

216 1887 275 1927 nou
289 1887 358 1928 eece.
387 1927 389 1930 ,
404 1865 523 1955 Novem
538 1887 650 1949 genera
670 1866 872 1931 accidentium
897 1874 1108 1945 numerantur,
1124 1865 1182 1929 hoc
1196 1862 1321 1928 ordine:

221 1978 390 2056 Quantitas,
416 1979 542 2057 Relatio,
567 1978 713 2059 Qualitas,
734 1980 836 2059 Actio,
852 1980 970 2058 Passio,
992 1978 1060 2058 Ubi,
1080 1978 1213 2056 Quando,
1230 1976 1324 2054 Situs,-

218 2092 358 2180 Habitas.
405 2090 480 2154 llaec
509 2112 629 2169 novem,
660 2090 765 2154 addita
794 2091 860 2175 ipsa
891 2092 1074 2170 Substantia,
1105 2070 1154 2155 cui
1184 2089 1325 2157 advenire

220 2201 374 2281 dicuntur,
397 2203 591 2293 constituunt
613 2202 856 2287 predicamenta,
878 2225 932 2267 seu
952 2225 1094 2289 suprema
1109 2225 1220 2287 genera
1234 2202 1325 2280 entis,

219 2315 303 2378 iuxta
317 2314 514 2399 antiquorum
530 2314 721 2380 divisionem.
737 2398 741 2403 .

262 2430 293 2492 2.
316 2426 469 2492 Tractatio
492 2426 531 2491 de
557 2426 766 2492 accidentibus
796 2425 900 2512 plures
928 2426 1046 2512 patitur
1075 2425 1268 2491 difficultates
1292 2424 1326 2489 in

219 2549 383 2626 systemate
404 2539 613 2624 peripatetico,
635 2548 762 2625 propter
783 2562 860 2624 quas
880 2548 1019 2604 auctores
1037 2539 1129 2603 multi
1144 2539 1239 2604 coacti
1254 2548 1327 2602 sunt

218 2652 374 2737 implicare
396 2673 428 2715 se
450 2651 599 2716 abstrusis
620 2651 851 2736 quaestionibus,
873 2659 905 2715 et
918 2649 999 2715 inter
1015 2674 1046 2714 se
1061 2649 1216 2735 perpetuis
1231 2658 1327 2714 certa·

220 2762 355 2826 minibus
369 2763 570 2841 committere,
586 2771 672 2847 parta
690 2763 839 2838 haetenus
859 2762 976 2828 nemini
991 2762 1124 2838 victoria.
1170 2761 1210 2826 Id
1224 2770 1327 2826 autem

220 2873 288 2937 ideo
303 2873 422 2938 videtur
442 2853 616 2958 contigisse,
635 2874 708 2959 quia
727 2875 911 2960 plerumque
932 2874 1046 2938 iudicio
1069 2897 1215 2939 sensuum
1235 2874 1328 2939 nimis

219 2986 349 3050 fidentes
370 2994 402 3051 et
422 2986 591 3050 realitatem
614 2982 718 3051 rernm
740 3009 777 3051 ex
798 2981 1003 3072 phaenominis
1032 2985 1228 3050 materialiter
1254 3008 1326 3050 oon-

221 3099 388 3179 clndentes,
412 3099 597 3184 primitivam
623 3093 722 3184 ipsam
746 3101 896 3185 originem
921 3118 982 3165 seu
1000 3099 1229 3184 generationem
1250 3099 1328 3167 acci„

221 3210 359 3276 dentium
375 3234 438 3275 non
454 3205 527 3275 satis
541 3211 775 3296 investigarunt,
792 3234 848 3276 nec
863 3235 882 3276 a
890 3214 999 3297 priori,
1014 3212 1108 3276 idest
1124 3235 1142 3276 a
1156 3211 1327 3278 substantia

222 3324 298 3409 ipsa,
310 3323 514 3388 accidentium
526 3322 686 3387 varietates
701 3323 938 3408 exquisiverunt,
954 3323 1007 3388 sed
1022 3322 1172 3388 contrario
1186 3344 1330 3408 processu

221 3451 258 3501 ex
278 3434 531 3521 impressionibus
561 3434 766 3516 sensibilibus,
793 3458 862 3520 quae
891 3445 965 3500 sunt
987 3434 1073 3500 valde
1102 3435 1274 3520 complexae,
1297 3441 1329 3500 et

220 3550 315 3634 longo
343 3548 485 3633 indigent
514 3547 652 3612 examine
681 3547 832 3634 analytico
862 3557 1025 3632 antequam
1051 3546 1145 3632 probe
1171 3545 1329 3618 diiudicari

221 3661 350 3747 possint,
366 3661 570 3725 definiverunt
584 3668 727 3724 naturam
742 3659 956 3738 accidentium,
972 3682 1067 3744 eaque
1083 3659 1126 3724 sic
1141 3683 1160 3724 a
1168 3662 1329 3744 posteriori

222 3773 507 3858 quomodocumque
522 3772 648 3837 delinita
662 3771 702 3836 ad
717 3771 920 3836 substantiam
929 3765 931 3768 ’
940 3771 1121 3836 retulerunt.
1168 3771 1243 3835 Haec
1257 3793 1329 3856 pro·

221 3884 349 3950 cedendi
364 3885 440 3949 ratio
454 3884 562 3949 multis
581 3883 726 3968 periculis
740 3890 787 3947 est
802 3883 948 3968 exposita,
969 3905 1066 3967 quum
1080 3903 1144 3946 non
1158 3881 1248 3946 liceat
1263 3881 1328 3946 sine

221 3996 385 4082 multiplici
400 3995 521 4061 cautela
528 4002 560 4060 et
570 3994 724 4081 profunda
739 3993 871 4081 physicae
886 3992 1060 4078 cognitione
1074 3992 1149 4057 adeo
1163 3989 1328 4076 perlectam

221 4109 370 4196 analysim
392 4107 563 4186 instituere,
579 4129 647 4192 quae
669 4129 705 4170 ex
724 4104 994 4191 phaenomenisfad
1009 4102 1229 4184 determinatas,
1240 4103 1329 4184 realiq

222 4231 302 4287 tates
325 4219 514 4306 colligendas
536 4219 677 4284 deducat.
722 4217 917 4303 Quapropter
938 4215 1005 4296 uos,
1028 4239 1068 4281 ne
1087 4217 1185 4282 eidem
1206 4215 1330 4302 scopulo

224 4332 396 4412 allidamur,
408 4324 573 4416 antequam
583 4330 620 4395 de
630 4329 760 4414 singulis
771 4328 972 4394 accidentium
983 4328 1146 4413 generibus
1153 4329 1328 4414 loquamur,

266 4463 339 4506 von.
356 4463 397 4506 11.
1134 4459 1156 4502 u
