3200 4975
297 358 341 421 20
601 378 643 420 nn
661 378 1083 423 11111111111111111111.
1274 360 1359 444 [car.
1377 380 1401 421 ι.

297 542 379 627 quod
395 542 524 606 existant
540 542 717 606 substantiae
732 542 905 626 spirituales
920 542 951 606 in
966 543 1047 607 linea
1062 543 1285 628 spiritualitatis
1300 544 1400 627 specie

297 654 433 720 diversae.
479 656 580 720 Prima
592 679 662 740 pars
673 656 763 721 huius
778 656 985 741 responsionis
999 665 1084 741 patet
1095 680 1131 721 ex
1140 657 1311 741 praedictis,
1332 680 1403 722 nam

297 790 365 833 esse
384 768 573 833 individuam
594 768 797 833 substantiam
817 769 896 832 nihil
915 768 999 833 aliud
1014 768 1166 853 significet
1181 770 1241 833 nisi
1254 792 1320 834 esse
1333 753 1404 834 actu

295 903 404 959 unam,
420 880 452 944 in
469 902 500 944 se
515 880 685 960 indivisam,
702 889 733 943 et
748 879 786 944 ab
802 879 946 944 omnibus
960 879 1027 944 aliis
1043 880 1180 945 divisam.
1218 882 1312 947 ‚Sicut
1332 905 1405 967 ergo

301 992 399 1078 posita
413 1015 476 1056 una
490 991 662 1056 substantia
677 991 837 1071 eiusmodi,
852 992 930 1056 nihil
946 992 1087 1077 prohihet
1103 993 1177 1077 poni
1192 993 1282 1059 aliam
1297 1017 1404 1080 quam-

300 1104 386 1183 libet,
398 1127 466 1189 quae
480 1104 520 1169 sit
535 1104 670 1169 eiusdem
684 1103 805 1189 speciei,
821 1104 864 1168 ita
878 1104 956 1168 nihil
970 1103 1111 1189 prohibet
1126 1105 1200 1190 poni
1213 1105 1316 1191 plures
1330 1105 1403 1170 sub-

302 1216 430 1281 stantias
445 1216 617 1301 spirituales
632 1216 767 1281 eiusdem
783 1216 902 1301 speciei.
948 1216 1088 1282 Secunda
1102 1240 1172 1301 pars
1187 1227 1306 1283 constat
1321 1242 1357 1282 11
1367 1241 1403 1281 eo

301 1330 384 1415 quod
400 1330 480 1393 intra
499 1328 637 1393 eamdem
660 1328 790 1413 speciem
812 1328 908 1413 possit
930 1328 1035 1393 haberi
1055 1330 1154 1413 magis
1172 1340 1204 1394 et
1218 1330 1321 1393 minus
1335 1353 1402 1415 per·

301 1441 440 1506 fectionis
469 1441 680 1506 individualis:
704 1440 787 1525 quod
816 1440 884 1505 ideo
914 1450 1036 1506 tantum
1065 1450 1211 1525 negatum
1239 1441 1300 1506 fuit
1329 1465 1347 1506 a
1370 1442 1403 1505 S.

301 1555 427 1633 Thema,
444 1553 525 1640 quia,
541 1577 637 1639 quum
652 1553 717 1638 ipse
732 1561 854 1636 putaret
868 1552 1054 1637 principium
1073 1554 1321 1618 individuationis
1336 1577 1403 1617 esse

303 1666 470 1745 materiam,
485 1688 548 1731 non
563 1665 671 1750 potuit,
680 1665 712 1728 in
728 1664 886 1749 spiritibus
905 1664 1040 1729 invenire
1060 1666 1207 1729 rationem
1229 1665 1406 1735 differentiae

304 1777 509 1843 individualis.
555 1779 616 1842 Sed
637 1776 663 1841 si
683 1776 776 1841 semel
798 1784 937 1855 constet,
950 1776 1133 1861 principium
1156 1776 1406 1842 individuationis

299 1911 364 1954 non
383 1912 448 1955 esse
463 1889 629 1967 materiam,
645 1888 697 1952 sed
713 1887 966 1973 conspirationem
981 1896 1067 1953 actus
1081 1888 1173 1973 primi
1187 1912 1257 1953 cum
1273 1911 1328 1953 suo
1343 1899 1404 1954 ter·

303 2002 387 2067 mino
402 2000 597 2066 substantiali
611 2000 650 2064 ad
665 2000 922 2065 coincxistendum
939 2000 971 2063 in
986 1999 1105 2063 unitate
1119 2000 1307 2079 substantiae,
1319 2001 1404 2064 nulla

302 2123 349 2179 est
363 2114 449 2192 ratio,
466 2135 520 2177 cur
535 2121 664 2197 negetur
682 2133 772 2197 posse
791 2111 880 2195 plura
901 2110 1059 2175 individua
1078 2112 1248 2197 spiritualia
1261 2114 1355 2177 creari
1369 2113 1402 2177 in

303 2247 366 2289 una
380 2233 410 2289 11
425 2222 529 2287 eadem
551 2222 658 2307 specie,
682 2244 750 2307 qnae
772 2220 904 2285 habeant
926 2222 1073 2286 diversam
1095 2222 1310 2307 perlectionem
1333 2223 1429 2311 subg

303 2336 486 2401 stantialem.
532 2334 565 2399 Si
580 2334 661 2398 enim
676 2356 758 2397 unns
779 2341 865 2397 actus
886 2332 1088 2397 intellectivus
1107 2334 1149 2397 sit
1165 2334 1323 2398 entitative
1337 2357 1405 2420 per·

174 2441 181 2469 ’
300 2448 418 2528 1111111,
441 2447 526 2513 dabit
554 2469 619 2512 esse
648 2447 778 2514 termino
807 2444 961 2510 intellecto
989 2445 1171 2531 perfectiori,
1193 2455 1224 2511 et
1246 2446 1406 2512 resultabit

296 2561 451 2626 ¹intensior
469 2559 687 2645 complacentia
702 2559 740 2624 de
756 2581 811 2622 suo
825 2581 891 2622 esse
899 2583 909 2636 ;
931 2581 966 2622 ac
979 2581 1033 2644 per
1047 2559 1105 2622 hoc
1119 2568 1185 2624 tota
1198 2559 1310 2624 entitas
1324 2561 1405 2624 indi-

300 2674 386 2739 vidui
408 2672 602 2738 materialiter
631 2670 759 2755 spectati
781 2670 838 2734 erit
860 2669 1001 2734 nobilior.
1047 2671 1140 2746 Quod
1164 2681 1266 2735 autem
1295 2695 1408 2756 ponere

300 2797 404 2852 actum
424 2784 642 2849 intellectivam
664 2783 874 2867 perfectiorem
895 2804 958 2845 non
977 2783 1018 2846 sit
1033 2791 1151 2846 mutare
1165 2784 1297 2866 speciem
1313 2785 1403 2864 entis,

302 2899 378 2962 mihi
389 2897 508 2961 videtur
523 2895 597 2959 adeo
612 2894 737 2972 clarum,
747 2902 783 2957 ut
794 2893 872 2957 nihil
884 2915 985 2977 supra.
1031 2894 1124 2958 Secus
1136 2893 1299 2959 dicendum
1314 2905 1404 2975 esset,

302 3010 385 3097 quod
414 3009 475 3073 duo
504 3007 654 3072 elementa
683 3005 825 3084 materia,
853 3005 879 3068 si
908 3005 970 3068 sint
994 3005 1116 3069 11111111
1144 3006 1313 3091 inaequalis,
1344 3009 1406 3071 sint

303 3123 426 3184 diversae
448 3119 569 3204 speciei,
590 3127 622 3182 et
644 3118 727 3202 quod
749 3117 810 3181 duo
831 3116 1102 3181 hominesdiversi
1124 3117 1241 3200 ingenii
1263 3119 1405 3185 differant

304 3232 412 3317 specie,
429 3240 459 3296 11
479 3230 577 3295 multa
600 3229 719 3309 similia,
743 3251 814 3314 quae
835 3250 926 3292 nemo
948 3227 1098 3292 admittet.
1145 3229 1235 3293 Ratio
1257 3239 1313 3308 est,
1334 3233 1407 3315 quia

302 3346 397 3427 inopis
411 3351 440 3407 et
454 3345 549 3408 minus
563 3363 621 3405 aaa
640 3349 754 3404 mutuat
775 3341 908 3422 1711111111,
930 3339 1015 3403 iuxta
1036 3340 1171 3403 effatum.
1217 3341 1285 3405 Hoc
1302 3353 1406 3407 autem

303 3476 360 3518 cur
374 3452 471 3518 valere
486 3473 549 3516 non
568 3450 676 3515 debeat
696 3451 728 3512 in
750 3449 929 3513 substantiis
950 3449 1170 3533 spiritualibus,
1193 3462 1284 3516 nemo
1305 3463 1407 3538 potest

303 3563 473 3642 ostendere,
496 3563 543 3627 vel
572 3561 680 3626 saltem
710 3561 848 3626 nondum
878 3569 1035 3626 ostensum
1064 3569 1120 3640 est,
1151 3571 1186 3626 ut
1211 3586 1248 3626 ex
1270 3564 1407 3630 dicendis

304 3675 472 3762 apparebit.
1146 3734 1148 3737 .

348 3787 449 3854 Tertia
463 3809 533 3852 vero
547 3808 617 3870 pars
636 3792 756 3850 constat
770 3806 807 3848 ex
821 3784 889 3864 hoc,
904 3783 986 3868 quod
1005 3783 1105 3847 omnis
1124 3784 1298 3849 substantia
1317 3787 1407 3872 spiri·

304 3901 397 3978 tualis
410 3923 429 3964 a
443 3898 531 3963 nobis
546 3897 716 3982 concipitur
730 3905 765 3960 ut
780 3904 866 3960 actus
886 3894 1088 3960 intellectivus
1108 3896 1206 3980 primo
1224 3898 1408 3962 terminatus

304 4013 345 4078 ad
358 4035 448 4076 suum
463 4034 528 4076 esse
542 4031 596 4095 per
610 4009 816 4094 cognitionem
835 4007 893 4087 sni,
914 4017 945 4071 et
966 4007 1077 4072 ultimo
1098 4007 1268 4092 completus
1289 4010 1321 4073 in
1342 4033 1408 4074 esse

306 4121 499 4188 substantiali
514 4139 568 4205 per
586 4141 720 4184 amorem
742 4119 876 4202 primum
898 4119 1099 4182 necessarium
1120 4141 1155 4184 ac
1173 4119 1406 4185 substantialem

304 4233 502 4298 resultantem
516 4255 553 4296 ex
572 4231 738 4296 neccssaria
760 4229 960 4314 congruentia
978 4231 1095 4314 cogniti
1109 4253 1179 4295 cum
1194 4244 1407 4316 cognoscente,

301 4353 343 4408 ,nt
372 4343 554 4428 explicatum
583 4351 639 4406 est.
690 4326 795 4416 Quum
824 4363 897 4424 ergo
927 4341 959 4403 in
988 4341 1037 4404 his
1067 4341 1144 4430 solis!
1167 4350 1233 4406 tota
1261 4344 1411 4409 habeatur
