3200 4975
225 375 293 437 cap.
311 355 349 438 1.]
504 358 506 362 '
535 377 577 419 nu
594 376 797 421 suessanum
812 375 1017 421 srmrrusxr.
1286 358 1329 420 27

226 540 375 605 sumenda
393 549 450 620 est,
471 549 502 605 et
525 564 561 605 ex
587 541 786 626 sequentibus
809 542 938 626 patebit.
983 542 1075 606 Unde
1097 541 1190 605 etiam
1216 542 1327 605 rectius

226 652 352 717 dixisset
368 653 400 718 S.
416 652 559 731 Thomas,
575 653 601 717 si
616 653 777 738 posuisset,
793 652 877 737 quod
896 675 932 717 ea
946 675 1014 737 quae
1028 653 1214 717 conveniunt
1229 654 1328 738 specie

227 775 257 827 et
281 764 425 828 differunt
445 786 584 842 numero,
611 764 797 828 conveniunt
820 766 852 827 ia
867 764 1068 848 fornsolitote,
1084 785 1138 827 seu
1161 766 1329 827 iuratione

220 876 344 961 forstall
358 884 389 939 et
404 874 639 958 distinguuntur
648 874 853 940 materialiter.
897 875 969 960 Ipse
983 897 1053 939 vero
1069 875 1145 939 dixit
1159 875 1243 959 quod
1257 897 1331 938 con·

228 987 356 1057 veniunt
370 989 402 1050 ic
413 988 537 1071 forma;
559 996 590 1050 et
605 987 663 1051 hoc
677 996 723 1051 est
738 987 825 1051 valde
840 986 1012 1065 diversum3
1035 987 1107 1071 quia
1121 996 1251 1071 possunt
1264 1010 1331 1051 esse

229 1100 369 1185 plurimae
394 1099 499 1163 formae
522 1098 655 1163 eiusdem
679 1098 824 1163 rationis:
846 1108 883 1163 ut
902 1107 987 1184 patet
1013 1098 1045 1162 in
1068 1099 1166 1163 forma
1185 1098 1331 1182 spherica

230 1211 454 1290 mathematica,
478 1234 546 1296 quae
571 1212 624 1276 dat
649 1234 715 1277 esse
736 1221 862 1291 centro;
892 1221 967 1275 sunt
988 1212 1072 1277 enim
1094 1210 1332 1275 innumerabiles

230 1326 335 1389 formae
350 1324 502 1408 sphaericae
525 1322 693 1388 secundum
709 1346 741 1387 se
759 1324 921 1401 distinctae,
936 1345 1007 1408 quae
1025 1333 1155 1408 possunt
1176 1323 1249 1387 dare
1266 1344 1332 1386 esse

232 1446 336 1501 centro
362 1436 423 1501 sive
448 1436 558 1515 eidem,
574 1435 636 1499 sive
659 1435 725 1500 aliae
749 1435 838 1499 aliis:
868 1443 1026 1499 ettamen
1051 1434 1156 1499 formae
1179 1434 1334 1520 sphaericae

231 1548 429 1613 continentur
441 1570 548 1611 omnes
562 1549 616 1612 sarh
630 1570 690 1613 ana
704 1550 822 1611 ratione
829 1547 955 1631 fonnali
968 1546 1189 1630 sphaericitatis.

276 1661 374 1726 Venio
388 1660 428 1725 ad
441 1659 603 1753 paritatem
618 1682 636 1723 a
652 1660 685 1724 S.
700 1659 819 1723 Thoma
832 1658 1005 1737 adductam,
1015 1681 1070 1743 per
1084 1681 1177 1744 quam
1191 1660 1227 1723 fit
1241 1681 1333 1743 argu-

232 1782 372 1837 mentum
395 1795 431 1837 ex
453 1772 544 1836 tertio
569 1794 586 1836 e
609 1770 760 1855 capitibus
784 1771 976 1855 supradictis,
992 1771 1075 1857 qnod
1096 1793 1207 1856 nempe
1229 1772 1334 1837 formas

234 1893 378 1971 separatae
398 1894 471 1947 sunt
492 1882 685 1948 universales.
730 1883 912 1967 Respondes
931 1891 1044 1962 autem,
1060 1906 1123 1948 non
1139 1906 1206 1947 esse
1225 1884 1333 1949 simile.

235 1998 317 2061 Nam
342 1994 450 2061 albedo
474 2003 504 2059 et
528 1994 703 2059 humanitas
729 2004 804 2059 sunt
829 1994 1057 2074 abstractiones,
1076 2004 1108 2060 et
1131 1995 1200 2060 ideo
1225 2018 1334 2080 reprae-

235 2116 358 2173 sentant
377 2108 506 2171 formam
528 2107 561 2171 in
583 2106 757 2186 universali,
779 2129 848 2191 quae
866 2129 923 2172 nec
940 2116 1041 2191 potest
1062 2130 1128 2172 esse
1149 2116 1185 2171 ut
1205 2109 1257 2187 sic,
1278 2131 1334 2173 nee

155 2286 158 2291 ,
236 2219 432 2305 multiplicari
451 2228 486 2284 ut
506 2220 567 2284 sic:
594 2228 625 2283 ct
649 2218 730 2283 idem
753 2218 918 2283 dicendum
937 2219 976 2284 de
995 2219 1210 2305 spiritualitate
1231 2221 1277 2284 vel
1297 2221 1335 2285 de

237 2332 438 2417 angelicitate.
485 2330 546 2395 sed
566 2331 645 2395 sicut
659 2354 722 2395 una
741 2332 917 2396 humanitas
932 2332 964 2396 in
984 2341 1125 2397 concreto
1141 2333 1273 2396 existens
1288 2356 1335 2397 re·

234 2444 340 2530 plicari
354 2451 455 2529 potest
470 2443 527 2508 sub
542 2443 649 2508 eadem
663 2442 780 2508 ratione
796 2443 934 2528 specifica
947 2443 980 2507 in
994 2443 1134 2529 pluribus
1148 2445 1335 2526 hominibus,

217 2559 278 2622 'ita
307 2557 399 2621 etiam
425 2555 605 2640 angelicitas
628 2564 658 2619 et
684 2555 883 2640 spiritualitas
901 2555 936 2619 in
958 2565 1099 2621 concreto
1115 2558 1247 2621 existens
1272 2581 1335 2622 non
1367 2590 1370 2596 ¹

236 2669 374 2754 impedit,
395 2646 561 2754 quominus
583 2667 714 2731 existant
736 2667 802 2732 aliae
823 2667 1031 2751 angelicitates
1053 2676 1084 2732 et
1107 2668 1337 2753 spiritualitates

184 2836 185 2840 ,
236 2788 391 2845 concretae.
439 2779 500 2843 Sed
516 2779 547 2842 S.
559 2779 692 2842 Thomas
701 2778 822 2842 videtur
836 2801 957 2863 ponere,
969 2780 1052 2863 quod
1066 2779 1194 2864 quilibet
1209 2779 1336 2864 angelus

236 2893 276 2956 sit
286 2892 353 2976 ipsa
368 2890 618 2974 suaangelicitas,
630 2890 675 2952 ita
686 2898 722 2952 ut
737 2897 836 2952 tntum
850 2890 932 2974 quod
947 2891 1060 2955 dicitur
1070 2889 1215 2955 vocabulo
1227 2893 1338 2976 aspeli-

237 3005 344 3080 cilotis,
360 3001 564 3068 identificatur
585 3022 656 3064 cum
678 3022 734 3063 suo
758 3011 899 3064 concreto
921 3003 1051 3086 onychas.
1097 3001 1247 3067 Concreto
1268 3026 1337 3068 vero

237 3138 300 3180 non
315 3113 541 3178 identificantur
554 3134 625 3177 eum
641 3110 811 3190 abstractis,
826 3111 886 3174 nisi
900 3111 934 3175 in
948 3111 1013 3176 solo
1023 3111 1100 3192 Deo,
1112 3113 1166 3198 qui
1180 3123 1227 3177 est
1241 3137 1338 3198 purus

237 3237 343 3291 actus:
366 3225 491 3292 stratio
514 3232 560 3288 est
582 3223 715 3301 euidens,
734 3222 806 3306 quia
829 3223 1026 3302 abstractum,
1051 3225 1135 3309 quod
1155 3226 1338 3311 predicatur

238 3341 275 3402 de
290 3340 367 3416 Deo,
378 3360 441 3400 non
456 3345 556 3422 potest
571 3335 662 3398 latius
677 3344 789 3419 patere,
806 3357 898 3420 quam
913 3335 979 3420 ipse
992 3336 1078 3400 Deus
1091 3362 1099 3401 ι
1122 3347 1153 3401 et
1168 3339 1210 3402 sie
1226 3349 1337 3418 totum,

238 3451 320 3536 qnod
333 3450 480 3514 tribuitur
495 3448 562 3512 Deo
583 3470 636 3531 per
650 3469 737 3513 voces
754 3447 932 3527 abstractas,
946 3459 994 3512 est
1007 3449 1041 3512 in
1056 3449 1123 3512 Deo
1138 3450 1171 3513 in
1186 3461 1338 3525 concreto,

239 3573 270 3628 ct
279 3572 326 3626 est
339 3563 405 3647 ipse
416 3561 513 3625 Deus.
557 3559 632 3623 ldeo
643 3568 746 3623 autem
756 3559 945 3625 abstractum
953 3582 1017 3624 non
1031 3570 1116 3645 patet
1130 3561 1233 3642 latius,
1245 3586 1337 3648 quam

239 3676 305 3759 ipse
319 3673 415 3751 Deus,
430 3672 503 3758 quia
522 3670 608 3736 Deus
623 3679 670 3734 est
688 3692 785 3754 purus
803 3679 890 3737 actus
910 3681 941 3736 et
960 3672 1118 3738 infinitus:
1141 3697 1238 3759 quum
1255 3675 1338 3740 enim

239 3787 426 3852 abstractum
449 3784 488 3848 ad
510 3783 629 3846 infinita
653 3804 685 3846 se
707 3782 859 3861 extendat,
883 3783 982 3848 solum
1004 3784 1125 3849 infinito
1147 3796 1286 3871 aequatur
1308 3796 1339 3852 et

240 3896 424 3960 exhauritur.
470 3891 582 3971 Quare,
602 3892 724 3976 quando
747 3893 849 3976 agitur
868 3894 905 3958 de
926 3894 1054 3978 angelis,
1076 3897 1131 3981 qui
1155 3907 1230 3964 sunt
1252 3874 1339 3963 actus

239 4007 319 4072 finiti
341 4016 372 4070 et
386 4005 474 4070 mixti
495 4027 564 4068 cum
586 4005 732 4089 potentia,
749 4027 811 4070 non
834 4005 905 4070 lieet
919 4006 1106 4074 abstractum
1128 4032 1185 4094 pro
1196 4021 1340 4076 concreto

239 4141 369 4197 sumere,
377 4128 409 4182 et
420 4117 463 4181 sic
473 4115 580 4200 nequit
589 4116 736 4180 confundi
746 4117 843 4181 forma
855 4116 989 4203 physica,
999 4141 1071 4203 quae
1081 4120 1192 4188 dicitur
1200 4123 1339 4207 angelus,

239 4255 308 4300 enm
323 4233 421 4296 forma
436 4230 651 4316 metaphysica,
667 4253 736 4314 quae
750 4210 863 4296 ilicitur
877 4232 1063 4316 angelicitas.

283 4345 438 4422 Praeterea,
455 4341 538 4426 quod
556 4341 664 4406 attinet
685 4342 723 4406 ad
746 4342 926 4423 albedinem,
942 4367 1010 4428 qnae
1032 4367 1095 4408 non
1118 4346 1339 4432 multiplicatur
