3200 4975
268 299 311 361 46
560 323 602 365 nu
619 321 821 367 snasrnnrra
837 320 1035 365 saracenam.
1229 299 1315 384 [cnr.
1330 320 1368 362 11.

311 482 425 547 Utrum
441 505 510 548 vero
526 506 623 568 purus
644 483 769 568 spiritus
787 482 897 547 habeut
911 481 972 545 vim
993 480 1200 547 associat-ivam
1221 480 1367 556 idearum,

268 592 471 672 indicativam,
495 593 746 672 ratiocinativam,
769 592 996 670 recordativam,
1018 600 1076 655 etc.
1091 590 1249 676 apparebit
1269 612 1306 655 ex
1321 590 1368 665 iis,

269 726 336 790 qua
347 705 379 769 in
391 706 489 792 capite
501 706 640 791 sequenti
655 705 795 771 dicentur
811 704 848 769 de
862 704 981 771 actibus
993 703 1177 770 intellectus.
1222 702 1316 767 Nunc
1331 700 1370 765 de

269 816 425 881 voluntate
439 816 555 903 aliquid
571 815 733 881 dicendum
748 825 806 880 est.

312 932 365 995 38.
389 930 545 1007 Quaeritur
560 937 675 1008 ocmvo,
684 951 742 1013 par
756 928 831 1013 pald
841 930 1039 1001 constituatur
1044 926 1180 1012 fucatos
1192 927 1325 993 manaa.

314 1040 504 1127 Respondeo,
520 1041 613 1127 qnod,
634 1064 730 1127 quum
744 1041 911 1105 voluntatis
931 1040 1055 1105 nomine
1074 1038 1283 1123 intelligamus
1301 1061 1369 1103 eam

270 1152 539 1239 facultatemque
564 1152 680 1217 bonum
704 1161 909 1232 amatunam
931 1174 998 1220 eam
1022 1151 1184 1237 vimque
1206 1158 1238 1215 et
1260 1149 1369 1234 qnaerit

271 1265 387 1330 bonum
408 1274 440 1331 et
462 1265 495 1331 in
517 1287 554 1330 eo
572 1264 710 1349 quiescit,
725 1264 893 1331 necessario
914 1266 1032 1350 primus
1049 1271 1137 1330 octus
1156 1271 1187 1328 et
1202 1262 1369 1330 essentialis

269 1375 434 1444 voluntatis
460 1376 525 1473 (seu
552 1376 692 1443 voluntas
716 1375 747 1441 in
772 1383 844 1441 actu
869 1375 968 1460 primo
991 1374 1156 1457 essentiali)
1182 1374 1284 1441 estid
1307 1397 1369 1460 quo

271 1488 388 1573 primus
412 1510 497 1553 amor
520 1496 551 1552 et
574 1487 743 1554 essentialis
768 1487 878 1572 accipit
901 1510 974 1554 esse.
1021 1486 1127 1564 Quum
1142 1508 1212 1551 vero
1227 1508 1265 1550 ex
1281 1487 1370 1551 dictis

274 1600 316 1682 (n.
336 1601 432 1683 7-13)
450 1598 567 1683 primus
582 1621 667 1663 amor
688 1609 719 1661 et
739 1598 910 1663 essentialis
926 1597 1053 1682 accipiat
1071 1620 1138 1661 esse
1157 1620 1194 1663 en
1215 1597 1368 1678 conspira-

271 1710 355 1774 tione
376 1717 462 1775 actns
481 1707 679 1794 cognoscitivi
697 1708 745 1773 sni
763 1709 862 1793 ipsius
880 1718 911 1775 et
931 1709 1056 1773 termini
1075 1709 1191 1793 cogniti
1208 1709 1242 1773 in
1256 1730 1369 1792 cogno·

272 1830 375 1884 scente
389 1819 555 1899 existentis,
571 1821 710 1905 sequitur
716 1819 847 1904 famule
867 1821 1034 1899 uoluntatis,
1051 1842 1106 1887 seu
1120 1820 1319 1899 voluntatem,
1334 1830 1370 1884 nt

273 1932 305 1995 in
321 1940 392 1996 actu
406 1930 515 2017 primo,
531 1954 595 1997 esse
610 1931 690 1996 hane
707 1932 806 2017 ipsam
829 1942 969 1997 mutuam
991 1932 1247 2016 conspirationem
1269 1954 1370 1998 essen·

273 2042 376 2107 tialem
399 2042 480 2108 inter
502 2064 534 2109 se
556 2050 790 2127 cognoscentem
812 2053 842 2108 et
861 2066 897 2119 ,se
919 2042 978 2108 sibi
992 2043 1161 2127 cognitum.
1206 2043 1303 2107 Amor
1317 2066 1370 2109 au-

273 2163 336 2217 tem
366 2153 415 2217 sui
433 2154 584 2220 resultans
603 2176 639 2221 ex
661 2154 717 2219 hac
735 2155 958 2239 conspiratione
979 2166 1026 2219 est
1047 2158 1188 2219 terminas
1208 2157 1371 2225 murman

273 2266 429 2351 complens
452 2274 555 2331 actum
580 2266 714 2349 primum
735 2265 901 2333 voluntatis
924 2267 957 2341 in
982 2276 1055 2333 ectu
1081 2267 1226 2346 secundo,
1248 2268 1301 2352 qui
1323 2276 1370 2331 est

274 2386 361 2443 actus
395 2377 604 2443 substantialis
637 2377 815 2462 completus.
869 2377 957 2444 Idem
987 2390 1090 2445 antem
1112 2388 1199 2444 actus
1231 2381 1372 2451 secundus

275 2490 424 2575 existendi
440 2490 558 2554 dicetur
578 2500 663 2556 actus
674 2493 790 2574 primus
814 2474 972 2556 inordina
989 2492 1029 2557 ad
1049 2501 1137 2566 actus
1162 2491 1371 2570 accidentales,

275 2603 313 2666 ad
328 2624 405 2688 quos
425 2611 471 2665 est
495 2602 526 2666 in
552 2601 699 2686 potentia.
746 2602 822 2668 Haec
845 2602 911 2668 sola
924 2603 1065 2678 voluntas
1090 2603 1124 2668 iu
1147 2611 1218 2670 actu
1240 2603 1373 2669 secundo

276 2713 468 2780 substantiali
497 2714 658 2798 completa,
680 2724 726 2790 est
750 2714 881 2780 facultas
902 2715 1042 2781 volitiva:
1071 2737 1144 2779 nam
1162 2715 1313 2793 voluutas,
1337 2726 1373 2778 nt

276 2807 424 2911 accipitur
443 2849 500 2911 pro
514 2836 584 2890 actu
598 2827 697 2910 primo
714 2825 917 2906 substantiali,
933 2849 997 2892 non
1018 2836 1072 2898 est,
1088 2827 1272 2913 principium
1294 2826 1373 2913 phy-

276 2940 372 3004 sicum
402 2939 456 3003 sed
475 2939 735 3025 -metaphysicum,
758 2952 789 3002 et
819 2938 898 3004 sicut
920 2941 1027 3024 nequit
1048 2941 1176 3007 existere
1198 2949 1233 3004 ut
1256 2939 1309 3018 sic,
1332 2940 1375 3003 ita

275 3051 382 3136 nequit
402 3051 520 3137 operari
538 3060 573 3115 ut
591 3050 644 3128 sic,
666 3050 718 3116 sed
740 3059 865 3116 tantum
884 3060 920 3116 nt
938 3051 1090 3136 completa
1110 3051 1144 3115 in
1165 3073 1220 3118 suo
1237 3073 1320 3116 esse:
1343 3062 1375 3114 et

276 3163 355 3228 sicut
369 3163 467 3228 forma
480 3184 543 3226 non
558 3162 623 3246 agit
637 3162 698 3228 nisi
713 3170 748 3226 ut
758 3171 810 3227 est
823 3165 986 3238 terminata
996 3163 1036 3229 ad
1050 3186 1135 3228 suam
1151 3163 1319 3242 materiam,
1331 3163 1375 3226 ita

276 3326 405 3380 honsione
417 3325 611 3397 singularium:
630 3327 678 3380 sed
689 3326 730 3380 ita
740 3331 773 3380 ut
784 3327 919 3398 significet
930 3327 964 3381 de
976 3327 1080 3382 duabus
1092 3327 1221 3398 potentiis
1236 3324 1374 3398 cognosci·

277 3413 350 3482 tiris,
365 3429 425 3484 quas
441 3417 506 3467 sunt
521 3429 614 3469 sensus
632 3417 660 3467 et
677 3413 840 3482 intellectus,
857 3414 1003 3468 secundam
1021 3413 1105 3468 solnm
1122 3432 1200 3486 posse
1218 3404 1378 3486 cognoscere

277 3499 443 3556 universale:
461 3500 533 3554 uude
548 3500 582 3554 fit
596 3506 628 3554 ut
639 3499 789 3554 universale
801 3500 838 3556 sit
849 3500 987 3572 proprium
999 3500 1135 3572 obiectum
1146 3502 1309 3570 intellectus,
1321 3519 1376 3555 non

277 3594 369 3642 autem
388 3604 487 3641 sensus.
525 3585 662 3654 Caeterum
681 3586 853 3658 singularitas
873 3587 972 3642 obiecti
996 3588 1170 3643 nullomodo
1195 3587 1310 3661 impedit
1333 3588 1376 3640 in-

277 3674 425 3742 tellectum,
444 3677 476 3726 ut
492 3671 607 3746 ipsemet
625 3673 652 3726 S.
671 3672 789 3727 Thomas
814 3675 909 3728 docet:
946 3675 1063 3728 Materia
1086 3675 1194 3745 impedit
1214 3676 1375 3742 intellectam,

277 3761 409 3832 riapsrlare
430 3778 489 3815 aero
512 3778 564 3812 uma
565 3797 675 3814 ......
690 3760 722 3812 a·
743 3767 806 3814 casa
829 3763 901 3831 opud
921 3780 968 3815 aas
986 3762 1116 3832 scapulae
1130 3752 1273 3816 immortale
1288 3769 1312 3816 et
1326 3763 1376 3815 im-

278 3849 420 3918 materiale,
433 3887 523 3903 .....
539 3847 624 3918 apuam
636 3865 688 3917 par
702 3865 729 3901 aa
744 3847 799 3902 siae
816 3849 904 3919 aliquo
920 3835 1090 3904 manaim
1105 3852 1304 3919 copaoaceretnr,
1317 3850 1377 3921 praa

278 3935 445 4006 riapnlaritas
468 3952 519 3988 aaa
542 3933 648 4004 impona
668 3935 831 4004 intellectam,
852 3937 897 3989 aad
914 3936 1085 3991 materialiter
1115 3935 1225 4008 (Opusc
1247 3937 1323 3992 xxix.
1343 3937 1378 3990 de

279 4023 362 4095 princ.
373 4019 510 4092 indivia).
541 4019 685 4074 Materiam
693 4038 765 4089 vero,
775 4038 836 4092 quae
847 4019 888 4075 ost
897 4020 927 4075 in
934 4020 1048 4091 obiecto,
1057 4022 1188 4094 impedire
1200 4012 1377 4091 intellectum,

278 4129 332 4164 non
350 4114 416 4182 puto
427 4107 533 4180 probari
544 4124 629 4178 posse,
641 4107 694 4161 nisi
706 4108 735 4162 in
746 4107 798 4162 hoc
811 4126 899 4178 sensu,
911 4109 984 4180 quod
995 4128 1050 4163 non
1061 4114 1104 4163 est
1115 4109 1312 4183 intelligibilis:
1331 4112 1379 4164 sed

277 4199 307 4252 in
318 4197 427 4251 homine
439 4195 560 4264 materia,
574 4194 617 4250 cni
630 4193 720 4248 anima
732 4195 877 4250 coniuncta
888 4201 929 4249 est
940 4195 969 4249 in
981 4197 1087 4252 unitata
1098 4201 1210 4266 naturas,
1223 4197 1337 4270 impedit
1348 4197 1378 4250 in

279 4285 369 4356 aliquo
382 4301 461 4338 sensu
473 4282 650 4350 intellectum,
663 4286 695 4335 nt
707 4281 859 4340 videbimus
871 4282 900 4338 in
912 4288 1029 4338 tractatu
1041 4290 1176 4354 sequente.
