3200 4975
221 386 294 433 car.
310 367 364 451 ra]
675 390 718 433 nr
735 390 883 434 scurra.
1263 374 1327 436 243

220 556 362 640 gignitur
386 556 506 620 interna
530 556 723 641 experientia,
739 579 808 642 quaa
833 566 965 621 testatur
989 580 1052 621 non
1079 546 1179 623 solum
1205 558 1244 624 de
1264 560 1327 626 exi·

222 668 332 731 stantia
347 667 550 747 affectionum,
563 668 617 732 sed
630 668 721 732 etiam
737 668 776 734 de
790 691 895 733 aarum
910 668 1091 748 differentia,
1104 672 1326 756 contingentia,

221 780 410 857 necoesitate,
426 778 612 859 intensitate,
627 788 686 845 etc.

263 889 314 953 Ad
329 889 413 954 aliud
427 914 458 954 a.
473 900 554 956 ont:
581 891 621 956 ad
639 892 770 976 primam
784 892 871 976 prob.
888 892 956 957 dico
978 892 1101 973 bestias,
1117 894 1188 959 licet
1204 904 1326 960 careant

222 1001 371 1080 libertate,
395 1002 507 1067 habere
529 1002 804 1088 spontaneitatemr
836 1013 867 1069 et
890 1014 995 1069 tamen
1024 1005 1142 1071 diversa
1170 1016 1218 1071 est
1247 1008 1325 1071 ratio

220 1113 380 1178 verberum
405 1114 511 1179 bestiae
536 1111 721 1180 indictorum
744 1118 876 1181 stratio
899 1124 1060 1202 poeuarum
1086 1118 1263 1183 hominibus
1287 1141 1324 1183 ex

220 1225 288 1309 lege
302 1225 501 1314 decretarum,
514 1226 593 1290 sicut
608 1226 726 1291 diversa
739 1236 786 1291 est
800 1227 879 1291 ratio
892 1228 1004 1311 agendi
1018 1227 1124 1293 bestiae
1135 1237 1165 1293 et
1176 1228 1319 1293 hominis.

222 1338 261 1402 In
277 1337 383 1415 bestia,
399 1338 425 1401 si
439 1337 563 1402 verbera
582 1337 795 1425 consociantur
810 1360 880 1405 cum
895 1340 1028 1425 quadam
1042 1339 1228 1424 appetitione
1247 1339 1320 1403 boni

222 1448 383 1528 sensibilis,
410 1457 587 1513 occurrente
621 1449 732 1513 iterum
761 1450 867 1514 codem
897 1450 979 1515 bono
1008 1450 1153 1528 sensibili,
1183 1459 1321 1515 occurret

222 1581 343 1645 quoque
357 1560 524 1625 recordatio
533 1560 701 1639 verberum,
713 1583 781 1645 quae
796 1561 963 1646 composita
977 1583 1048 1625 cum
1063 1560 1116 1625 illo
1130 1560 1211 1625 bono
1227 1560 1320 1624 sensi-

222 1670 276 1735 bili
290 1672 401 1736 facient
414 1671 492 1736 illud
512 1672 570 1737 sub
585 1672 702 1737 ratione
716 1672 789 1737 mali
807 1682 860 1737 aut
875 1674 1001 1739 minoris
1016 1673 1089 1737 boni
1103 1672 1321 1758 repraesentari,

221 1791 252 1848 et
276 1784 379 1847 minus
403 1806 522 1848 movere
551 1785 730 1869 appetitum.
775 1785 880 1869 Atque
909 1785 966 1849 hoc
992 1784 1132 1849 similiter
1157 1784 1265 1849 accidit
1289 1784 1322 1847 in

222 1894 391 1959 infantibus
405 1903 436 1959 et
453 1894 557 1980 pueris
578 1902 649 1958 ante
668 1894 795 1959 rationis
815 1903 845 1959 et
859 1882 1008 1959 libertatis
1025 1917 1117 1958 usum
1126 1920 1136 1973 3
1158 1893 1322 1979 inquibus

222 2008 284 2073 sive
298 2007 380 2072 bona
393 2007 455 2072 sive
472 2007 550 2072 mala
563 2007 689 2095 physica
702 2006 818 2072 inflicta
832 2030 895 2072 non
909 2007 1025 2072 habent
1039 2007 1160 2093 proprie
1175 2008 1324 2071 rationem

222 2120 340 2206 praemii
354 2128 408 2185 aut
421 2142 522 2205 poenae
536 2120 619 2204 (quia
632 2120 697 2185 haec
711 2119 774 2185 duo
788 2128 968 2205 supponunt
980 2119 1121 2183 meritum
1133 2117 1181 2183 vel
1195 2117 1324 2182 demeri-

222 2235 302 2318 tum)
320 2233 374 2297 sed
389 2242 510 2297 tantum
525 2231 685 2296 allicientis
704 2240 758 2297 aut
773 2230 963 2296 deterrentis.
1009 2230 1070 2295 Sed
1083 2229 1207 2316 quando
1222 2230 1326 2314 agitur

225 2345 262 2409 de
285 2346 410 2409 homine
433 2344 551 2408 ratione
570 2351 686 2422 utente,
705 2365 797 2428 poena
820 2365 883 2408 non
907 2344 997 2409 unice
1019 2343 1172 2426 infligitur
1193 2342 1233 2431 ad
1254 2362 1325 2432 pro·

223 2457 393 2523 ducendam
432 2455 670 2522 recordationem
704 2478 793 2521 casus
829 2455 936 2521 similis
964 2465 995 2521 et
1032 2453 1248 2520 deterrendum
1281 2452 1324 2517 sic

222 2569 403 2655 appetitum,
420 2569 474 2632 sed
494 2568 642 2633 etiamad
662 2568 897 2633 restaurandum
911 2567 1050 2632 ordinem
1073 2566 1217 2630 moralem
1233 2565 1325 2630 riola-

223 2690 311 2745 tum:
333 2688 365 2744 et
387 2680 456 2744 ideo
478 2702 542 2744 non
563 2687 759 2744 mensuratur
778 2687 901 2743 tanturn
924 2657 1111 2742 attendendo
1134 2676 1173 2741 ad
1196 2676 1325 2760 disposi-

223 2793 339 2856 tionem
351 2791 558 2857 instinctivam
572 2791 717 2870 hominis,
732 2790 894 2855 sedetiam
914 2787 1100 2852 attendendo
1115 2786 1154 2850 ad
1175 2786 1324 2851 rationem

225 2901 323 2987 culpae
335 2902 456 2987 proprie
470 2903 570 2983 dictae,
582 2903 669 2967 cuius
683 2902 776 2966 homo
791 2923 824 2965 se
839 2922 925 2965 rcum
940 2899 1022 2964 facit.
1068 2899 1149 2976 Quia
1163 2921 1233 2964 vcro
1248 2900 1325 2963 ratio

224 3014 321 3098 culpae
335 3022 366 3078 et
385 3022 471 3078 totus
490 3014 565 3078 ordo
587 3012 710 3077 moralis
731 3013 905 3076 libertatem
927 2989 1030 3095 exigit,
1046 3011 1184 3094 sequitur
1205 3031 1324 3094 poenas,

224 3133 259 3189 ut
274 3149 292 3190 a
305 3124 426 3209 legibus
440 3125 634 3209 infliguntur,
649 3147 715 3188 esse
729 3124 872 3188 humana
889 3121 1038 3186 libertatis
1053 3121 1324 3186 demonstrativas:

223 3244 255 3301 et
269 3237 350 3301 idem
365 3236 415 3301 dic
431 3237 468 3301 de
482 3237 625 3322 praemiis.

267 3350 317 3414 Ad
328 3349 491 3414 secundam
506 3349 592 3434 prob.
603 3372 682 3414 corio.
694 3359 796 3428 totum,
810 3349 864 3413 sed
873 3347 962 3426 addo,
972 3369 1097 3432 poenam
1108 3356 1327 3432 consequenter

213 3461 263 3530 ¹ad
284 3460 466 3526 instinctum
491 3461 659 3526 naturalem
682 3459 855 3525 sensibilem
882 3481 1002 3524 movere
1023 3458 1115 3523 etiam
1137 3458 1325 3524 voluntatem

223 3572 400 3639 rationalem
416 3581 447 3637 et
461 3572 599 3651 liberam,
614 3581 645 3636 et
668 3571 711 3637 sic
725 3571 890 3636 utilitatem
913 3591 1013 3655 poena
1027 3591 1091 3633 uon
1108 3570 1278 3634 mensurari
1292 3570 1326 3634 in

222 3685 347 3750 homine
361 3707 379 3748 a
394 3684 459 3749 solo
474 3693 561 3751 motu
574 3685 749 3750 instinctus.

268 3797 319 3863 Ad
342 3796 465 3861 tertiam
490 3795 578 3881 prob.
593 3819 666 3880 neyo
686 3796 837 3860 iniustum
859 3817 924 3860 esse
946 3815 1055 3881 poenas
1078 3793 1327 3880 delinquentibus

224 3907 363 3992 infligere
371 3934 382 3986 ;
403 3907 452 3972 lex
466 3907 548 3971 enim
569 3907 684 3972 iniusta
696 3916 821 3971 estnon
841 3907 874 3969 in
889 3905 1056 3990 puniendo,
1072 3905 1125 3970 sed
1145 3904 1171 3968 si
1187 3905 1328 3969 decernat

153 4049 157 4058 =
223 4039 332 4102 poenas
347 4017 465 4083 delictis
479 4040 542 4082 non
560 4016 788 4102 respondentes.
834 4016 876 4079 Et
890 4022 975 4101 patet
994 4023 1062 4079 tum
1077 4037 1114 4078 ex
1128 4034 1164 4078 eo
1182 4013 1265 4099 quod
1279 4012 1328 4078 lex

223 4131 336 4211 divina,
348 4154 418 4217 quae
431 4140 478 4195 est
488 4130 624 4216 profecto
634 4130 812 4209 iustissima,
824 4150 932 4213 poenes
947 4127 1092 4204 decernit,
1102 4136 1170 4190 tum
1185 4148 1222 4190 cx
1236 4148 1328 4190 sensu

222 4266 388 4308 commum.

268 4358 321 4420 83.
344 4355 446 4420 Tertia
466 4355 594 4419 facultas
611 4353 745 4418 hominis
764 4352 846 4417 inter
864 4350 1046 4435 appetitivas
1072 4358 1119 4412 est
1138 4349 1183 4413 vis
1206 4369 1327 4412 conser-

1098 4482 1120 4522 u
1135 4465 1155 4524 2
