3200 4975
236 370 303 414 car.
322 352 361 436 1.]
684 375 726 417 nu
745 373 893 416 uourun.
1213 339 1216 347 ’
1280 349 1341 409 125

235 537 380 616 tinentes,
395 544 431 601 ut
445 536 578 619 rugitus,
593 535 732 616 latratus,
748 536 897 613 hinnitus,
913 535 1053 620 mugitus
1068 544 1099 598 et
1115 534 1234 599 similia.
1260 534 1341 611 Quia

237 671 307 713 vero
319 648 380 727 ille,
389 647 439 712 cui
453 648 489 711 fit
504 648 748 727 communicatio,
761 647 851 712 debet
865 670 931 711 esse
946 646 1127 731 inpotentia
1142 646 1181 710 ad
1192 646 1339 731 recipien-

238 760 312 824 dum
332 758 416 845 quod
431 759 476 823 illi
498 760 690 843 proponitur,
705 782 821 843 organo
835 758 997 823 locutionis
1013 759 1045 821 in
1069 780 1131 821 uuo
1146 758 1340 844 respondebit

236 872 429 957 receptivitas
448 870 610 935 locutionis
630 871 662 934 in
678 871 758 935 alio:
780 892 848 956 quae
863 869 1054 955 receptivitar
1076 870 1109 933 in
1123 869 1247 935 homine
1262 880 1292 935 et
1307 871 1340 934 in

236 984 390 1069 plerisque
404 983 509 1048 bestiis
523 992 570 1047 est
585 984 618 1046 in
633 1005 748 1067 organo
763 983 898 1047 auditus.
943 982 1003 1047 Sed
1018 982 1083 1047 haec
1097 984 1254 1047 hactenus.

281 1096 328 1160 Ex
342 1095 401 1173 hia,
418 1095 493 1179 quin
509 1094 599 1180 plura
612 1093 854 1172 accumulentur,
865 1093 1060 1178 perspicuum
1076 1102 1133 1173 est,
1144 1114 1252 1178 corpus
1267 1103 1342 1158 tuuc

236 1232 302 1275 esse
324 1208 357 1272 in
383 1206 519 1292 potentia
541 1205 580 1270 ad
606 1206 709 1285 vitam,
733 1214 764 1270 et
794 1206 918 1290 exigens
941 1205 1078 1284 animari,
1100 1205 1223 1290 quando
1249 1205 1341 1270 habet

237 1320 445 1407 organismum
469 1317 653 1383 sufficienter
669 1326 873 1401 praeparatum
896 1316 934 1380 ad
956 1316 1200 1402 participandum
1225 1317 1257 1380 iu
1280 1317 1342 1382 illis

237 1430 463 1518 operationibus
489 1428 729 1493 immanentibus
760 1429 825 1493 sine
851 1428 963 1514 quibus
992 1428 1099 1513 nequit
1128 1430 1256 1493 exerceri
1282 1430 1344 1493 vita

237 1543 407 1629 compositi.
467 1542 561 1605 Hunc
590 1549 692 1605 autem
722 1542 932 1625 organismum
962 1548 1037 1605 tunc
1066 1564 1132 1605 esse
1161 1542 1343 1607 sufficienter

237 1662 453 1741 praeparatum,
480 1652 603 1739 quando
632 1654 676 1716 ita
704 1660 806 1737 potest
836 1652 968 1738 recipere
997 1653 1210 1738 impressiones
1240 1677 1340 1719 rerum

239 1766 451 1843 materialium,
466 1774 503 1827 ut
525 1764 629 1829 adeas
644 1763 803 1828 terminari
823 1764 920 1848 possit
935 1771 1021 1828 actus
1044 1764 1214 1829 immanens
1235 1788 1342 1851 appre-

237 1878 402 1956 hendendi,
418 1889 449 1941 et
463 1886 550 1963 actus
566 1877 760 1962 appetitionis
775 1876 932 1940 naturalis.
993 1954 994 1957 Ἴ

283 1996 312 2055 7.
336 1989 493 2067 Quaeritur
507 2001 627 2075 quarto,
641 1998 741 2053 atnam
755 1990 796 2053 ad
809 1990 1039 2053 constituendum
1054 2010 1159 2073 copus
1169 1993 1343 2074 inpotentia
1435 2044 1438 2051 .

239 2104 279 2167 ad
289 2105 381 2167 vitum
394 2104 563 2186 requiratur
577 2103 685 2186 uliquis
699 2110 782 2166 actus
794 2102 1004 2166 substantialis.

283 2212 475 2297 Respondeo,
492 2234 602 2297 corpus
621 2212 806 2297 inpotentia
828 2212 868 2276 ad
882 2211 976 2277 vitam
992 2210 1100 2275 debere
1120 2233 1185 2275 esse
1200 2211 1343 2275 omnibus

239 2324 339 2389 modis
362 2333 529 2403 actuatum,
550 2333 675 2409 excepto
699 2325 766 2409 ipso
789 2332 861 2388 actu
884 2324 963 2403 vitae,
986 2346 1048 2409 quo
1071 2323 1172 2387 adhuc
1196 2325 1341 2409 privatur,

239 2459 334 2522 quum
355 2438 395 2502 sit
417 2438 449 2501 in
472 2438 610 2523 potentia
635 2436 673 2501 ad
694 2436 799 2501 vitam.
846 2436 949 2503 Habet
971 2458 1044 2520 ergo
1062 2435 1162 2521 quoad
1188 2458 1294 2500 omnes
1312 2445 1342 2501 et

239 2551 377 2636 singulas
399 2559 511 2635 partes,
527 2549 640 2635 quibus
658 2557 788 2629 constat,
805 2556 835 2614 et
858 2557 961 2613 aetum
977 2548 1214 2613 substantialem
1237 2558 1268 2613 et
1283 2549 1342 2612 vir-

240 2670 337 2726 tutem
368 2663 507 2739 activam,
537 2669 568 2724 et
598 2661 713 2725 multos
742 2670 829 2725 actus
859 2658 1071 2739 accidentales,
1097 2680 1204 2723 omnes
1230 2657 1344 2722 scilieet

239 2772 452 2856 dispositiones
467 2771 634 2856 organicas,
650 2769 763 2856 quibus
772 2769 972 2834 constituitur
987 2769 1019 2832 in
1034 2769 1173 2854 potentia
1187 2769 1341 2833 advitam.

239 2884 372 2970 Evidens
392 2892 439 2948 est
459 2906 541 2968 ergo,
557 2883 660 2947 deesse
682 2882 727 2946 illi
750 2883 874 2946 unicum
898 2889 1011 2960 actum,
1027 2881 1080 2966 qui
1100 2890 1145 2945 est
1168 2892 1255 2945 actus
1270 2881 1342 2944 vivi·

238 2996 343 3060 ficana.
411 3026 415 3031 ·

284 3105 366 3184 Quia
373 3117 476 3170 tamen
492 3129 612 3190 corpus,
621 3114 658 3169 ut
672 3106 705 3168 in
720 3105 858 3189 potentia
873 3105 964 3169 vitam
978 3103 1106 3182 habena,
1116 3103 1190 3167 dicit
1205 3102 1341 3167 ordinem

242 3217 282 3282 ad
303 3218 406 3303 ipsum
422 3217 528 3295 virere,
544 3225 575 3281 et
598 3216 657 3281 sub
678 3217 736 3280 hoc
756 3223 898 3300 respectu
917 3216 1054 3279 nondum
1075 3224 1122 3279 est
1143 3215 1175 3278 in
1192 3223 1262 3279 actu
1285 3214 1343 3278 sibi

241 3329 421 3394 naturaliter
443 3328 545 3393 debito
571 3328 621 3411 (de
640 3350 702 3413 quo
721 3327 812 3391 unice
831 3349 929 3390 sermo
956 3335 1012 3405 est,
1033 3326 1156 3412 quando
1180 3327 1282 3410 agitur
1305 3325 1342 3390 de

240 3441 457 3525 compositione
482 3448 600 3510 uaturae
625 3440 779 3522 viventis),
794 3438 864 3502 ideo
888 3439 1064 3522 simpliciter
1094 3437 1257 3502 dicendum
1286 3447 1342 3516 est,

242 3552 324 3637 quod
345 3574 455 3636 corpus
481 3551 518 3615 in
536 3551 675 3636 potentia
694 3550 787 3615 vitam
814 3548 931 3613 habens
955 3571 1017 3613 non
1042 3549 1133 3613 habet
1160 3559 1260 3614 actum
1286 3550 1344 3613 sibi

242 3660 479 3726 connaturalem.
525 3660 587 3724 Sed
606 3660 664 3724 hoc
678 3667 779 3723 totum
802 3658 914 3723 dicitur
936 3669 1056 3724 tantum
1073 3661 1241 3725 secundum
1261 3661 1344 3747 quod

241 3793 328 3836 mens
342 3780 448 3835 nostra
462 3771 625 3854 distinguit
641 3770 722 3855 quod
745 3779 858 3833 natura
872 3771 957 3854 prius
972 3778 1018 3834 est
1033 3770 1071 3834 ab
1087 3793 1122 3835 eo
1137 3772 1219 3856 quod
1234 3782 1345 3838 natura

241 3894 287 3949 est
309 3884 460 3969 posterius
471 3909 480 3961 3
503 3882 623 3947 nullum
647 3882 729 3946 enim
749 3891 797 3945 est
819 3881 898 3945 reale
914 3869 1039 3946 vinstans
1058 3884 1213 3968 temporis,
1228 3884 1261 3947 in
1281 3908 1343 3970 quo

242 4018 351 4080 corpus
377 3995 408 4082 ip
432 3995 570 4079 potentia
598 3994 636 4057 ad
663 3993 757 4057 vitam
783 3992 892 4057 existat
923 3993 988 4057 sine
1012 3995 1083 4058 vita.
1129 3993 1235 4070 Quum
1261 3997 1342 4060 enim

241 4117 360 4186 natura,
379 4129 433 4171 seu
448 4115 564 4171 naturae
579 4108 704 4184 Auctor,
721 4104 875 4190 sapienter
888 4114 1039 4190 operetur,
1056 4115 1087 4170 et
1102 4108 1344 4194 unumquodque

241 4218 433 4283 administret
449 4219 533 4282 iuxta
555 4217 724 4282 naturalem
743 4217 809 4281 eius
830 4218 1022 4302 exigentiam,
1045 4242 1107 4283 non
1124 4221 1214 4285 citius
1234 4243 1343 4306 corpus

241 4331 334 4395 ‘tabet
356 4330 478 4415 plenam
498 4330 667 4414 potentiam
690 4330 820 4408 vivendi,
836 4351 928 4414 quarn
947 4331 1050 4411 vitam,
1067 4333 1120 4396 sed
1135 4355 1196 4416 quo
1216 4334 1344 4397 instanti
