3200 4975
257 324 323 389 320
653 343 696 387 na
711 342 964 387 acornaurraua.
1217 320 1305 404 [car.
1323 339 1362 383 11.

257 532 324 577 esse
343 518 374 575 et
395 510 514 603 operari
527 518 601 575 suut
616 532 714 575 uuum
729 518 760 575 et
774 510 875 591 idem;
898 511 930 575 iu
946 511 1091 575 creaturis
1106 531 1187 590 vero,
1201 510 1235 573 in
1249 507 1361 594 quibus

259 622 395 708 operatio
409 631 456 686 est
471 621 621 701 accidens,
637 622 775 708 potentia
788 621 880 687 etiam
896 621 1049 707 operativa
1064 620 1122 685 erit
1136 620 1285 685 accidens.

302 733 484 818 Respondeo
499 734 568 801 diat.
582 734 631 798 M.
655 732 682 797 si
704 756 803 799 sermo
827 732 867 797 sit
889 732 1043 797 decausis
1064 732 1200 797 eiusdem
1231 730 1362 815 generis,

261 868 289 910 v.
301 867 349 931 gr.
359 843 539 910 formalibus
549 844 587 908 ad
602 844 731 908 invicem
747 844 929 929 comparatis
945 865 1016 908 cum
1031 843 1095 907 suis
1109 840 1268 907 effectibus
1283 864 1364 906 conc.

263 958 323 1036 M,
340 956 366 1020 si
385 964 600 1041 comparentur
622 978 720 1021 causa
746 955 856 1019 diversi
878 954 1007 1039 generis,
1022 977 1051 1019 v.
1067 976 1113 1037 gr.
1137 975 1200 1017 una
1219 950 1365 1031 formalis,

263 1067 322 1133 alia
344 1067 475 1131 efficiens
504 1088 576 1131 cum
598 1067 662 1131 suis
682 1066 842 1131 effectibus
871 1089 937 1151 nep.
960 1067 1009 1130 Μ.
1049 1068 1131 1129 Dist.
1153 1066 1223 1128 min
1240 1062 1365 1127 effectus

263 1178 405 1265 proprius
434 1178 539 1243 formae
567 1188 614 1242 est
643 1200 709 1243 esse
738 1177 951 1255 substantiale,
976 1176 1102 1241 effectus
1125 1197 1196 1239 vero
1225 1172 1367 1259 proprius

263 1290 409 1375 potentia
431 1289 591 1374 operativae
613 1298 660 1353 est
683 1289 812 1374 operari,
830 1298 861 1354 et
886 1287 951 1353 haec
976 1287 1037 1352 duo
1061 1295 1134 1351 sunt
1152 1283 1368 1370 comparabilia

264 1403 322 1467 sub
336 1401 444 1467 eodem
459 1424 569 1486 genere
584 1404 810 1479 causanma'n„
822 1399 928 1465 ethaeo
944 1399 1004 1463 duo
1019 1406 1178 1484 nequeunt
1189 1396 1366 1481 comparari,

264 1514 336 1600 quia
351 1513 460 1579 diversi
475 1513 596 1599 generis
610 1536 636 1578 c.
652 1516 722 1577 min.
738 1521 769 1577 et
783 1535 855 1597 nepo
871 1534 949 1576 cona.
979 1511 1082 1575 Posita
1096 1510 1148 1574 illa
1162 1509 1368 1594 propositione

267 1625 388 1705 maiore,
411 1635 629 1709 argumentum
652 1634 732 1689 recte
754 1624 939 1709 procederet,
961 1624 986 1687 si
1009 1622 1246 1707 subiungeretnr
1267 1621 1368 1685 minor

266 1736 462 1801 huiuamodir
484 1738 582 1821 Atqui
602 1738 724 1821 effectas
739 1738 882 1821 proprias
896 1736 1003 1821 forme
1017 1736 1226 1799 ‘mercantiam
1248 1742 1291 1798 ast
1309 1756 1369 1798 esse

265 1849 466 1927 substantiale,
481 1857 511 1913 ct
529 1849 648 1933 effectus
658 1850 800 1933 proprius
812 1848 920 1933 forma
941 1847 1128 1911 occidentalis
1149 1854 1193 1911 est
1212 1867 1273 1909 esse
1292 1847 1368 1909 acci-

267 1962 401 2037 dcntnlc3
423 1969 454 2023 et
468 1968 545 2024 tuuc
559 1960 811 2025 concluderetur:
835 1961 919 2044 Erpo
926 1961 1029 2045 sonnio
1049 1960 1173 2023 actionis
1183 1957 1370 2022 ncnmtulia

266 2081 311 2137 est
332 2072 473 2150 scamas,
495 2094 554 2135 aon
574 2073 748 2137 substantia.
792 2072 835 2135 Et
855 2072 920 2135 haec
943 2071 1096 2135 conclusio
1125 2079 1205 2134 esset
1234 2070 1370 2153 optima;

268 2182 438 2247 videbimus
449 2182 543 2261 enim,
553 2182 584 2245 in
601 2183 719 2247 actione
734 2183 911 2247 accidentali
925 2182 1031 2246 haberi
1045 2181 1160 2267 aliquid
1174 2204 1229 2266 per
1244 2179 1369 2244 modurn

269 2302 355 2357 aetus
374 2302 406 2357 et
428 2292 544 2377 aliquid
561 2316 616 2377 per
636 2293 761 2357 modum
781 2293 944 2378 potentiae;
971 2316 1067 2378 quum
1090 2301 1193 2356 autem
1213 2300 1299 2355 actus
1319 2291 1371 2355 det

268 2428 344 2484 esse,
359 2414 390 2469 et
417 2404 534 2469 esse-in
557 2426 629 2469 casu
647 2405 688 2468 sit
709 2404 902 2483 accidentale,
917 2404 969 2468 ille
989 2414 1074 2467 actus
1091 2404 1153 2473 ‚erit
1172 2402 1374 2490 proculdubio

269 2515 476 2582 accidentalis.
521 2516 582 2580 Sed
597 2516 771 2581 Goudinius
788 2517 901 2580 transit
921 2539 939 2580 a
957 2539 1047 2581 causa
1060 2515 1181 2580 formali
1196 2516 1235 2580 ad
1250 2537 1372 2580 causam
1389 2541 1391 2545 ’

270 2627 450 2692 efficientem
468 2649 538 2692 cum
559 2627 721 2692 manifesto
741 2627 954 2713 paralogismo,
973 2635 1004 2691 et
1024 2626 1067 2694 sic
1084 2626 1161 2691 nihil
1182 2634 1283 2711 potest
1301 2648 1374 2690 con-

270 2738 353 2804 cludi
368 2761 404 2802 ex
418 2739 484 2803 eius
499 2748 691 2826 argumento.

314 2849 356 2914 Et
369 2850 420 2914 hic
435 2849 551 2914 iuvabit
566 2873 662 2936 pauca
676 2850 787 2915 addere
802 2851 881 2916 circa
894 2851 1044 2915 rationem
1061 2850 1265 2915 distinctionis
1287 2859 1375 2914 actus

271 2961 481 3028 substantialis
499 2963 537 3026 ab
557 2962 745 3041 accidentali,
767 2970 803 3026 ut
820 2963 931 3026 melius
951 2963 1163 3047 intelligantur
1183 2964 1284 3027 omnia
1307 2986 1375 3048 quae

272 3073 354 3152 dicta
371 3082 454 3140 sunt.
497 3073 578 3137 Tota
593 3073 688 3156 igitur
708 3073 785 3136 ratio
801 3072 1004 3138 distinctionis
1019 3075 1135 3158 petitur
1150 3097 1186 3138 ex
1198 3073 1266 3154 hoc,
1281 3074 1373 3159 quod,

273 3207 370 3270 quum
394 3185 427 3248 in
451 3185 596 3249 creaturis
621 3185 765 3248 omnibns
785 3194 872 3250 actus
894 3187 1098 3270 coniungatur
1120 3189 1274 3271 potentiae,
1290 3197 1376 3251 actus

274 3294 392 3379 primus
412 3295 519 3379 nequit
540 3294 721 3359 naturaliter
740 3319 806 3360 esse
830 3296 891 3360 nisi
908 3297 1090 3361 terminatus
1107 3298 1146 3362 ad
1166 3299 1297 3384 aliquem
1315 3308 1376 3363 ter-

275 3405 396 3469 minum
420 3406 628 3490 potentialem,
644 3407 694 3471 cui
717 3406 769 3470 det
792 3429 858 3470 esse
883 3409 993 3474 realem
1019 3411 1188 3494 potentiam
1208 3412 1376 3495 passivam:

276 3517 377 3602 posita
401 3527 504 3582 autem
530 3518 588 3583 hac
610 3520 834 3600 terminatione,
850 3543 904 3584 ens
927 3545 985 3586 non
1008 3523 1118 3605 indiget
1143 3523 1241 3607 aliquo
1262 3524 1320 3586 ulio
1340 3525 1381 3588 nd

278 3629 435 3708 cumdum
451 3637 482 3692 et
497 3630 540 3693 sic
555 3629 667 3695 dieitur
683 3631 783 3715 primo
802 3633 1002 3696 coustitutum
1024 3633 1055 3696 in
1077 3656 1142 3697 esse
1159 3634 1286 3721 physico
1307 3634 1379 3700 sub·

279 3739 425 3806 stantiali.
470 3739 596 3822 Contra,
611 3742 695 3826 quod
716 3753 763 3806 est
781 3743 824 3806 sic
844 3743 1046 3808 constitutum
1061 3753 1094 3810 nt
1108 3768 1166 3808 non
1180 3747 1309 3829 indigent
1324 3747 1380 3810 nli·

280 3876 337 3937 pao
356 3853 415 3916 olio
433 3854 473 3917 ud
492 3854 691 3934 &sendum-si
712 3854 841 3918 ulterius
863 3863 1002 3920 actuetur
1024 3857 1056 3920 in
1080 3879 1135 3920 sua
1152 3857 1225 3921 reali
1244 3859 1381 3942 potentia

280 3965 408 4049 passiva,
424 3964 597 4030 actnabitur
619 3966 685 4029 sine
706 3967 769 4030 ulla
790 3967 943 4051 exigentia
963 3968 1034 4032 talis
1056 3970 1236 4034 actuationis
1258 3970 1381 4034 adveni·

282 4076 362 4139 entis
372 4102 383 4154 3
405 4085 437 4140 et
456 4077 589 4141 actuatio
608 4078 767 4156 eiusmodi,
785 4101 854 4163 quae
871 4088 972 4164 potest
996 4079 1029 4142 in
1049 4102 1085 4143 eo
1105 4103 1166 4144 erac
1184 4083 1231 4146 nel
1248 4105 1306 4146 nora
1323 4105 1386 4146 esse

283 4186 365 4250 salva
387 4186 558 4252 substantia
583 4190 673 4268 entis,
696 4190 814 4254 dicetur
834 4190 880 4254 illi
910 4191 1091 4277 contingens
1120 4202 1151 4256 et
1180 4195 1389 4260 accidentalis

283 4297 455 4361 Deducitur
469 4299 541 4362 hinc
556 4298 719 4378 evidenter,
735 4300 817 4384 quod
834 4301 1004 4366 differentia
1018 4303 1098 4367 inter
1117 4314 1218 4369 actum
1241 4306 1385 4374 substan·

1586 150 1589 357 l
