3200 4975
209 376 280 419 cnr.
298 357 336 440 a]
520 379 561 420 nn
578 377 780 421 suessanum
797 376 999 436 saramania.
1271 356 1311 417 17

208 540 263 603 En
277 563 333 623 quo
347 548 444 623 potet,
461 540 540 623 qnod
560 540 594 603 de
608 549 716 604 notura
730 563 784 605 satu
806 542 863 603 eibi
876 540 1052 622 relinquitur
1070 539 1169 602 unitas
1186 539 1311 601 rationis

209 654 241 715 in
263 654 520 715 communicatione
533 674 597 731 suo,
613 661 642 716 et
665 654 744 736 quod
754 653 887 716 redditur
902 652 1178 715 incommunicabilis
1194 673 1251 733 per
1264 672 1310 712 re-

208 765 367 847 ceptionem
388 786 471 827 anum
491 766 523 827 in
544 767 678 828 matario.
725 763 775 829 sie
796 763 829 827 S.
844 763 978 826 Thomas
1000 762 1135 825 ostendit
1152 760 1311 825 materiam

208 896 274 937 essa
299 875 483 960 principium
510 876 760 939 individuationis
787 876 819 939 in
845 874 936 939 rebus
962 874 1157 939 sensibilibus
1183 872 1310 957 (Opust.

210 986 331 1051 XXIX.
359 987 396 1051 de
422 987 518 1072 prino.
545 987 665 1071 indiv.).
709 987 813 1052 Tertio
842 986 1022 1064 notandum,
1052 984 1136 1071 quod
1164 984 1246 1049 idem
1276 984 1311 1049 S.

209 1096 352 1176 Thomas,
372 1096 525 1183 loquendo
549 1099 586 1163 de
609 1098 789 1163 substantiis
810 1098 965 1182 separatis,
992 1098 1025 1161 in
1048 1097 1160 1183 quibus
1182 1119 1244 1160 non
1265 1109 1312 1160 est

209 1209 344 1289 materia,
374 1210 416 1274 sie
446 1208 574 1295 explieat
603 1210 757 1296 quomodo
788 1210 997 1295 unusquisque
1026 1209 1153 1293 angelus
1182 1207 1222 1271 sit
1250 1228 1314 1272 una

210 1320 336 1403 speeies,
351 1330 382 1384 et
406 1329 508 1385 tamen
524 1344 585 1385 non
607 1321 847 1405 multiplicabilis
867 1321 899 1384 in
918 1322 1007 1406 plura
1026 1320 1202 1385 individua:
1226 1320 1313 1383 Sicut
1369 1313 1373 1323 ’

208 1432 385 1510 loeoltedo,
395 1432 497 1517 inquit
512 1442 619 1518 quaest.
630 1433 667 1497 de
683 1433 780 1518 spirit.
791 1433 937 1497 creaturis
951 1442 1008 1497 art.
1022 1435 1064 1512 8.‚
1074 1432 1313 1516 uoaprolribetur

209 1544 315 1608 holme
328 1546 381 1608 surb
403 1568 434 1609 ae
448 1546 540 1609 multu
556 1546 704 1609 individuo
719 1567 756 1608 en
775 1547 830 1609 loo
849 1546 929 1629 qnod
945 1554 990 1609 est
1008 1546 1120 1625 albedo,
1134 1545 1187 1608 sed
1206 1566 1243 1607 or
1257 1545 1312 1607 loe

210 1658 291 1739 qnod
311 1666 355 1720 ost
377 1658 408 1721 ia
428 1658 481 1721 loe
502 1658 608 1740 (idest
629 1658 753 1742 ollipotn
775 1659 844 1721 lenio
864 1659 1016 1741 subnoto),
1032 1657 1076 1721 ito
1098 1665 1205 1720 nutura
1225 1657 1314 1719 luins

210 1769 307 1851 unpeli
321 1792 379 1832 non
389 1770 564 1853 prohibetur
578 1792 638 1833 esse
654 1771 684 1832 in
699 1770 799 1833 multis
813 1766 851 1833 in
872 1771 926 1833 troo
940 1769 1019 1852 quod
1031 1776 1074 1832 est
1088 1777 1197 1831 notura
1211 1770 1243 1830 ia
1258 1767 1313 1831 toli

211 1881 310 1945 arctim
331 1904 438 1961 rerum,
455 1883 534 1964 quod
548 1883 679 1966 pertinet
694 1882 735 1944 od
754 1884 898 1945 rationem
911 1883 1027 1966 speciei
1042 1880 1095 1944 aed
1117 1903 1155 1943 eu
1168 1881 1223 1943 too
1236 1879 1316 1963 qnod

211 2016 268 2056 uon
289 2002 334 2057 eat
348 2002 420 2057 uoto
434 1996 527 2079 recipi
542 1998 573 2058 in
595 1994 693 2077 aliquo
708 1995 857 2069 audieat05
879 1995 959 2077 meod
965 1994 1098 2077 pertinet
1112 1992 1154 2055 ad
1170 1994 1315 2057 rationem

212 2106 362 2191 iredioidni.
409 2105 526 2183 Quarto
542 2105 722 2186 notandum,
734 2104 916 2169 sententiam
932 2104 1021 2183 hanc,
1036 2104 1120 2189 quod
1135 2104 1260 2168 materia
1274 2104 1315 2171 sit

211 2217 397 2302 principium
422 2217 681 2297 individuationis‚
706 2216 788 2281 salva
812 2216 915 2280 debita
940 2216 971 2280 S.
997 2216 1122 2280 Thomae
1148 2216 1315 2284 reverentia

210 2328 304 2393 tuisse
319 2351 337 2392 a
353 2328 493 2394 Suaresio
512 2330 572 2392 late
592 2338 622 2393 et
642 2339 765 2393 strenue
784 2328 948 2393 refutatam
968 2329 1000 2392 in
1015 2350 1071 2392 sua
1091 2327 1314 2415 Metaphysiea,

211 2438 336 2526 Disput.
353 2440 403 2519 V.‚
418 2462 511 2525 quam
526 2439 661 2505 consule.

256 2554 307 2616 18.
331 2552 435 2634 Nune,
458 2562 493 2617 ut
516 2575 551 2616 ex
573 2553 620 2629 iis,
643 2574 712 2638 quae
735 2552 796 2616 iam
819 2551 933 2616 seimus
955 2552 992 2616 de
1014 2553 1220 2618 constitutivis
1241 2553 1315 2618 sub·

211 2663 331 2728 stantiae
354 2662 531 2748 spiritualis,
560 2664 751 2728 inveniamus
773 2664 900 2728 modum
923 2663 1126 2730 satisfaciendi
1155 2665 1316 2750 quaestioni

211 2775 383 2859 propositae,
412 2775 605 2840 advertemus
633 2775 733 2860 primo
763 2776 846 2861 quod
875 2775 1004 2839 actualis
1032 2775 1207 2840 terminatio
1228 2784 1316 2840 aetus

212 2886 303 2970 primi
318 2895 348 2951 et
364 2887 540 2972 incompleti
554 2888 594 2952 ad
608 2887 785 2970 terminum,
806 2887 857 2952 eui
872 2886 1014 2965 dotasse,
1029 2896 1076 2951 est
1090 2887 1195 2951 relatio
1214 2897 1315 2951 trans-

213 2998 409 3077 cendentalis,
439 2999 526 3064 euius
556 2999 791 3063 fundamentum
821 3007 867 3063 est
896 2998 938 3079 id,
962 3021 1023 3083 quo
1051 3021 1149 3064 unum
1170 2999 1211 3064 ad
1232 2999 1317 3065 aliud
1361 3086 1365 3093 .
1418 3029 1420 3033 ¹

103 3117 104 3121 ’
213 3108 354 3174 refertur.
399 3110 465 3175 Iam
480 3134 550 3176 vero
565 3111 674 3174 tamin
692 3110 865 3175 substantia
883 3109 1041 3190 materiali,
1057 3134 1150 3197 qnam
1171 3112 1204 3176 in
1226 3112 1316 3197 spiri.

212 3221 298 3302 tu'ali,
322 3221 451 3287 habetur
472 3223 589 3309 aliquid
610 3246 664 3308 per
686 3222 812 3288 modum
835 3232 931 3301 actus,
954 3223 1037 3308 quod
1056 3223 1094 3287 de
1114 3246 1147 3288 se
1163 3233 1195 3288 et
1209 3246 1246 3297 ex
1261 3247 1317 3289 suo

211 3344 361 3419 conceptu
389 3335 543 3400 essentiali
572 3335 691 3420 indiget
720 3335 877 3399 terminari
905 3339 945 3400 ad
967 3358 1058 3399 snum
1087 3336 1263 3416 terminum,
1286 3346 1317 3402 et

211 3446 327 3531 aliquid
342 3470 395 3532 par
410 3447 536 3512 modum
556 3448 689 3527 termini,
704 3448 788 3533 quod
803 3448 841 3512 de
856 3471 889 3512 se
902 3457 934 3513 et
949 3470 985 3511 ex
1000 3470 1056 3512 suo
1072 3460 1222 3532 conseptu
1235 3450 1316 3514 indi-

212 3569 264 3642 get
280 3558 396 3622 actuari
410 3581 464 3643 per
480 3559 567 3622 illum
586 3572 699 3624 aetum.
744 3560 829 3644 Ergo
843 3559 876 3623 in
891 3559 1064 3624 substantia
1079 3571 1142 3624 tam
1156 3559 1320 3645 spirituali,

212 3691 304 3754 quarn
325 3669 484 3749 materiali,
499 3670 542 3750 id,
559 3693 621 3756 quo
636 3681 722 3736 aetus
736 3681 766 3735 et
782 3672 849 3736 aius
869 3671 1018 3736 terminus
1033 3672 1073 3737 ad
1092 3672 1222 3737 invicem
1240 3673 1319 3739 refe-

211 3792 332 3863 runtur,
348 3792 395 3848 est
409 3793 518 3848 mutua
533 3783 704 3868 indigentia
718 3793 749 3847 et
764 3784 916 3868 exigentia
937 3784 1097 3870 utriusque
1112 3787 1145 3848 in
1159 3784 1265 3850 ordine
1279 3785 1319 3850 ad

211 3896 462 3962 constituendum
483 3919 580 3961 unum
597 3920 651 3960 ens
666 3897 745 3962 reale
765 3897 962 3982 completum.
982 3923 985 3929 ·
1008 3896 1113 3974 Quum
1127 3907 1230 3962 autem
1246 3898 1318 3964 fun·

213 4007 392 4072 dementum
414 3997 571 4074 relationis
592 4009 760 4074 formaliter
781 4009 1007 4091 consideratum
1029 4032 1092 4073 non
1112 4009 1232 4075 sitnisi
1253 4011 1320 4096 ipsa

212 4120 319 4185 relatio
333 4120 366 4184 in
382 4131 453 4186 aetu
468 4123 577 4206 primo,
589 4135 624 4188 ut
633 4123 804 4188 videbimus
819 4123 937 4207 agendo
949 4123 987 4187 de
999 4122 1155 4208 relatione,
1167 4123 1319 4210 exigentia

212 4232 265 4298 illa
276 4235 645 4316 mutuaelcoinexistentiae
656 4236 755 4301 vocari
769 4237 881 4322 poterit
896 4235 1071 4301 terminatio
1083 4236 1116 4300 in
1127 4246 1197 4300 aetu
1209 4235 1321 4320 primo,

213 4345 260 4409 vel
271 4357 357 4412 aetus
369 4347 488 4432 primus
498 4348 702 4414 terminandi:
722 4349 788 4434 ipsa
799 4372 868 4414 vero
877 4359 986 4414 mutua
996 4348 1224 4414 eoinexistentia
1235 4359 1321 4412 aetus

258 4479 331 4525 von.
350 4481 389 4525 11.
592 4513 594 4518 .
1125 4479 1143 4522 c
