3200 4975
324 353 367 414 84
636 372 678 413 nn
694 372 896 417 sunsrsurrs
913 370 1116 415 sarnrrusnr.
1266 348 1356 434 [cra.
1375 368 1430 410 rrr.

321 536 354 594 in
372 554 434 617 quo
449 533 613 617 recipiatur
629 533 768 597 mutatio.
814 533 856 597 Et
870 534 995 618 quidem
1019 533 1192 598 intellectus
1212 532 1338 610 activus,
1354 532 1429 595 dum

325 667 344 708 a
358 646 617 729 contemplatione
633 646 725 709 unius
740 646 884 709 transfert
894 668 926 711 se
938 646 977 710 ad
991 646 1285 731 contemplationem¹
1295 645 1430 722 alterins,

325 757 403 821 nihil
419 758 536 841 patitur
550 756 723 834 intrinsece,
746 758 819 841 quia
841 760 904 842 pati
927 780 989 822 non
1004 772 1050 822 cst
1065 758 1148 821 eius:
1171 756 1344 821 intellectus
1359 778 1430 819 vero

323 870 461 952 passivus
476 891 539 934 non
554 869 661 953 recipit
675 870 735 933 nisi
750 870 866 954 species
874 895 884 947 3
907 880 938 933 ct
953 870 1002 934 hic
1018 869 1102 934 nulla
1117 870 1230 954 species
1246 868 1431 953 supponitur

323 980 426 1064 recipi.

369 1090 435 1154 Nec
449 1092 551 1171 refert,
566 1093 649 1177 qnod
664 1094 718 1157 fiat
735 1093 883 1156 transitus
905 1094 942 1156 cb
965 1101 1032 1156 cetu
1054 1094 1094 1156 nd
1113 1100 1210 1156 cetum
1231 1092 1316 1155 iuxta
1337 1090 1430 1154 citata

324 1201 415 1265 verba
431 1203 463 1266 S.
479 1202 614 1267 Thomu.
659 1204 741 1267 Nam
759 1203 909 1267 transitus
931 1204 988 1267 iste
1011 1203 1084 1267 dicit
1105 1201 1204 1266 solum
1228 1202 1428 1265 mutationem

323 1313 443 1392 obiecti,
460 1316 538 1379 circa
552 1316 635 1399 quod
649 1326 787 1381 versatur
798 1325 894 1391 actus,
905 1337 967 1379 non
983 1324 1085 1378 autem
1102 1313 1300 1377 mutationem
1317 1313 1427 1376 intrin-

323 1448 421 1488 secam
445 1426 503 1510 ipsi
525 1426 684 1491 intuitioni
706 1437 741 1490 ut
763 1438 810 1491 est
833 1427 949 1511 aliquid
971 1426 1129 1490 intuentis.
1175 1426 1216 1488 Et
1235 1425 1291 1488 hoc
1310 1424 1429 1487 videtur

323 1558 388 1600 esse
404 1536 487 1621 quod
502 1538 544 1600 ait
560 1538 592 1601 S.
607 1538 740 1601 Thomas
755 1538 822 1601 loco
838 1560 936 1624 nuper
951 1540 1055 1613 citato,
1071 1560 1167 1621 quum
1183 1537 1299 1614 asserit,
1312 1538 1344 1599 in
1360 1559 1428 1599 sue-

324 1649 458 1714 cessione
478 1648 751 1732 intelligentiarum
772 1648 952 1714 substantiae
976 1660 1121 1734 separatae
1143 1671 1206 1711 non
1224 1672 1289 1711 esse
1310 1660 1426 1711 motum

322 1762 444 1843 proprie
459 1759 587 1825 dictum.
632 1761 701 1823 Hoc
715 1762 817 1844 ipsum
834 1762 953 1825 videtur
970 1761 1125 1825 insinuare
1142 1783 1174 1845 p.
1192 1764 1221 1824 l.
1237 1783 1268 1844 q.
1284 1760 1336 1823 56.
1352 1782 1379 1823 a.
1397 1762 1427 1835 l,

323 1870 376 1934 ubi
399 1878 469 1955 post
484 1870 575 1935 verba
594 1893 612 1934 a
631 1872 720 1935 nobis
742 1872 838 1936 relata
861 1874 904 1954 (n.
921 1874 975 1953 63)
993 1872 1096 1937 addit:
1121 1872 1182 1936 Sed
1194 1870 1428 1935 considerandum

321 1992 375 2060 est,
391 1984 470 2066 quod
482 1985 620 2047 einenwdi
632 1987 740 2067 species
753 1987 857 2049 obiecti
877 1986 1048 2068 quandoque
1061 1993 1105 2048 est
1118 1988 1150 2047 in
1158 1986 1293 2067 potentin
1315 1991 1428 2046 tactum

322 2095 354 2155 irs
368 2095 560 2176 copnoscitivu
574 2096 703 2158 vitute:
727 2103 756 2158 et
770 2104 840 2158 tunc
854 2104 898 2159 est
912 2118 1083 2178 cognoscens
1097 2098 1128 2157 in
1141 2096 1277 2177 potentio
1292 2102 1426 2157 tuntum:

323 2213 352 2267 et
366 2204 407 2267 ad
412 2206 467 2268 lroc
480 2206 559 2288 quod
571 2214 639 2269 actu
653 2215 818 2289 eoprwscat,
832 2210 993 2290 requiritur
1007 2208 1086 2290 quod
1092 2208 1227 2290 potentin
1236 2205 1427 2287 cognoscitiva

322 2316 477 2379 reducatur
492 2319 524 2380 in
538 2326 634 2381 netum
648 2319 761 2400 speciei.
809 2318 846 2380 Si
859 2327 956 2382 nutem
976 2342 1038 2382 eom
1059 2340 1170 2402 seraper
1190 2319 1303 2395 hubent,
1324 2316 1428 2377 nihilo·

322 2429 417 2492 minae
425 2452 482 2512 per
496 2452 560 2494 enm
578 2452 745 2515 cognoscere
756 2438 857 2515 potent
871 2432 978 2514 absque
993 2430 1092 2513 aliqua
1106 2431 1265 2493 mutatione
1283 2450 1334 2492 eeu
1350 2449 1428 2490 rece-

317 2542 421 2621 ptione
428 2541 613 2623 praecedenti.
657 2541 711 2603 Er
726 2548 887 2623 propalet,
898 2540 976 2622 qnod
987 2540 1257 2602 moveriabobiecto
1272 2545 1383 2600 nonest
1394 2537 1429 2598 de

324 2653 437 2715 ratione
450 2653 647 2734 cognoscentis
667 2654 699 2714 in
713 2659 854 2734 quantum
868 2659 912 2714 est
926 2673 1105 2732 cognoscens,
1121 2651 1172 2714 aed
1185 2652 1215 2712 in
1230 2658 1370 2733 quactum
1384 2657 1427 2710 est

316 2767 452 2849 potentin
467 2787 647 2849 cognosceus.
692 2764 739 2827 Ex
756 2765 806 2828 his
824 2773 959 2848 apparet,
977 2764 1009 2827 S.
1025 2765 1173 2827 Thomam
1190 2763 1310 2840 sentire,
1327 2775 1427 2826 muta·

322 2876 439 2938 tionem
461 2876 526 2938 fieri
548 2877 581 2938 in
603 2875 761 2949 intellectu
775 2884 898 2938 tantum
915 2876 1042 2958 passivo,
1060 2874 1133 2937 dnm
1156 2874 1262 2958 recipit
1285 2875 1428 2958 speciem,

323 2987 409 3050 cuius
424 2995 471 3049 est
485 2987 623 3070 potentia
637 2986 797 3071 receptiva,
814 2996 844 3049 et
864 2995 986 3070 recepta
1006 2985 1099 3048 semel
1114 2986 1222 3070 specie,
1238 2984 1427 3048 intellectum

322 3099 454 3162 activum
470 3099 577 3181 absque
591 3098 691 3180 aliquo
705 3099 866 3161 mutatione
881 3119 935 3182 per
949 3096 1033 3160 illam
1048 3118 1136 3179 posse
1147 3117 1347 3178 cognoscere:
1369 3096 1427 3159 hoc

324 3220 426 3272 autem
442 3208 586 3292 estquod
602 3209 753 3291 contingit
768 3209 799 3272 in
816 3232 888 3273 casu
903 3208 1068 3294 proposito.

360 3319 470 3400 'Atque
483 3318 541 3381 hoc
556 3319 632 3381 mihi
652 3319 773 3382 videtur
791 3320 917 3382 omnino
932 3341 1047 3398 verum,
1070 3319 1140 3382 licet
1155 3319 1293 3382 videatur
1308 3318 1428 3383 difficile

323 3427 490 3491 intellectu.
536 3427 709 3493 Dicendum
725 3430 807 3492 enirn
824 3439 880 3508 est,
893 3430 976 3513 quod
988 3441 1089 3492 motus
1105 3429 1318 3494 intellectualis
1333 3429 1428 3506 habet

324 3560 355 3602 se
371 3539 472 3623 quoad
486 3539 546 3604 hoc
560 3541 638 3604 sicut
653 3549 756 3605 motus
771 3541 892 3618 localis3
915 3551 945 3604 ct
957 3541 1040 3626 quod
1052 3543 1140 3619 sicut,
1156 3541 1182 3604 si
1198 3563 1307 3624 corpus
1321 3563 1427 3625 proce·

322 3649 408 3713 deret
422 3659 511 3714 motu
525 3652 672 3715 continuo
687 3673 723 3714 ex
738 3651 875 3736 impulsu
890 3653 976 3736 prius
991 3661 1123 3736 accepto,
1136 3651 1288 3715 diceretur
1297 3653 1427 3715 transire

323 3761 362 3824 de
375 3782 438 3824 uno
452 3771 523 3825 actu
538 3762 689 3826 ubicatiro
698 3761 736 3827 ad
751 3761 857 3841 alium,
873 3764 948 3847 quin
960 3772 1129 3827 mutaretur
1137 3762 1299 3828 intrinsece
1311 3763 1427 3847 aliquid

322 3873 418 3958 ipsius
434 3874 586 3958 eorporis3
610 3874 653 3937 sic
669 3873 744 3937 dum
763 3874 937 3938 intellectus
955 3873 1092 3958 procedit
1109 3874 1146 3938 ab
1167 3883 1237 3939 actu
1257 3874 1297 3939 cd
1311 3884 1425 3954 actum,

322 4007 385 4048 non
401 3995 539 4049 mutatur
553 3985 726 4064 intrinsece.
773 3985 848 4049 Haec
864 3984 1031 4049 similitudo
1047 3985 1123 4048 mihi
1139 3985 1260 4050 ridetur
1269 3986 1356 4054 valde
1369 4009 1424 4050 no·

321 4096 416 4161 tanda
435 4095 493 4160 hoc
515 4095 593 4174 loco,
617 4105 742 4180 propter
762 4098 924 4160 maximam
949 4096 1117 4180 analogiam
1145 4098 1326 4161 existentem
1345 4099 1426 4163 inter

320 4209 485 4272 terminum
500 4207 684 4288 cognitionis
699 4219 730 4271 et
740 4208 956 4287 ubicationem,
972 4208 1229 4292 quemadmodum
1241 4209 1376 4273 dicemus
1391 4209 1424 4272 in

320 4326 452 4380 tractatu
468 4316 505 4380 de
521 4317 736 4380 accidentibus.
