3200 4975
668 342 789 415 'vii

212 543 409 627 hincinde
436 542 669 639 opinionibus
694 542 956 630 contradicant,
974 551 1012 617 et
1029 546 1170 643 magnis
1195 545 1314 642 philo-

212 668 411 763 sophorum
427 667 566 754 litibus,
584 690 665 761 quae
682 690 747 761 per
764 674 924 740 tentatas
946 668 1123 742 hactenus
1138 671 1215 743 vias
1230 671 1313 743 visae

211 800 297 877 sunt
330 815 472 888 semper
506 793 553 863 ad
587 792 881 886 componendum
914 792 1148 881 difficillima,
1183 818 1313 867 novam

211 917 411 992 concordia
428 988 429 993 ,
446 915 672 989 occasionem
705 913 813 988 facile
847 922 987 1011 parent.
1040 917 1187 999 Accidit
1214 920 1313 1002 enim

210 1064 497 1135 nonnumquam,
528 1048 571 1112 ut
604 1038 668 1134 qui
702 1037 925 1112 ferventibus
959 1040 1115 1116 aliorum
1149 1043 1313 1120 certami-

207 1146 322 1249 nibus.
352 1164 507 1262 [rigidus
536 1166 615 1260 ipse
643 1164 787 1251 assistit,
817 1165 907 1259 quid
936 1166 1109 1259 utrinque
1143 1174 1313 1262 peccetur

209 1290 352 1364 facilius
381 1290 578 1387 pervideat,
613 1290 802 1384 discatque
828 1316 873 1376 ex
898 1292 987 1389 ipsis
1012 1293 1313 1375 contendentium

209 1417 442 1515 argumentis,
461 1440 506 1489 ea
521 1440 603 1509 qua
621 1415 684 1489 alii
701 1424 828 1501 contra
844 1417 935 1492 alios
955 1415 1157 1513 proferunt,
1175 1418 1207 1491 si
1223 1418 1312 1491 levis

208 1544 281 1619 buc
309 1540 463 1621 accessio
493 1542 568 1629 fiat,
599 1541 687 1613 levis
714 1542 801 1613 inde
828 1542 1016 1629 detractio
1048 1544 1095 1617 ad
1121 1566 1234 1623 unam
1260 1544 1312 1616 lo·

208 1666 345 1761 quendi
361 1665 540 1748 rationem
558 1664 655 1749 trabi
671 1689 786 1760 posse,
799 1666 972 1758 quaeiura
988 1666 1180 1759 utriusque
1196 1667 1311 1761 partis

208 1792 387 1879 conciliet,
402 1800 440 1865 et
450 1791 651 1887 pleniorem
669 1792 938 1887 expressionem
947 1791 1109 1866 veritatis
1125 1792 1307 1867 exhibeat.

206 1919 334 2011 Atque
349 1917 420 1992 hoc
442 1914 643 2011 praesertim
670 1914 935 1989 conciliationis
961 1916 1083 1989 studio
1105 1916 1145 1988 in
1165 1918 1310 1989 duabus

206 2042 331 2139 magni
347 2038 524 2121 momenti
547 2038 808 2132 quastionibus
830 2062 917 2111 usus
935 2062 1035 2111 sum:
1063 2063 1220 2132 quarum
1235 2064 1310 2113 una

205 2175 262 2247 est
276 2140 337 2247 'da
355 2165 582 2253 amcam
613 2162 708 2251 recti
735 2164 952 2257 mattea
977 2188 1001 2237 a
1025 2163 1237 2252 adstantia,
1262 2189 1309 2238 ex

205 2315 280 2385 qua
295 2292 432 2387 pendet
448 2287 669 2385 possibilitas
689 2289 866 2362 reddendi
885 2288 1066 2362 rationem
1082 2291 1129 2361 de
1146 2290 1309 2371 acciden-

204 2417 304 2494 tibus
321 2413 586 2491 eucharisticis:
615 2412 730 2488 altera
746 2421 802 2487 est
822 2413 865 2491 dc
888 2413 1182 2494 &tentonicae
1206 2422 1308 2493 aare

203 2542 350 2636 ootittfci,
365 2566 412 2615 ex
428 2563 502 2634 qua
517 2542 654 2636 pendet
671 2539 895 2635 possibilitas
910 2537 1131 2614 defendendi
1147 2540 1306 2622 liberum

203 2665 404 2739 arbitrium.
457 2665 610 2737 Videbit
643 2671 766 2735 autem
796 2662 912 2737 lector
937 2663 976 2736 in
1001 2664 1081 2759 ipso
1106 2665 1180 2738 fine
1204 2667 1305 2738 volu·

203 2790 322 2876 minis,
333 2813 392 2868 ure
406 2787 609 2860 accidentia
625 2785 792 2858 absoluta
808 2810 883 2857 non
897 2786 1016 2858 solum
1027 2795 1150 2860 tenere
1162 2787 1303 2884 (quam-

202 2915 255 2987 vis
280 2914 385 2987 aliter
420 2910 616 3008 explicata)
645 2935 728 2982 curn
756 2910 998 2998 Scholasticis,
1026 2914 1089 2984 sed
1114 2912 1225 2985 etiarn
1250 2914 1304 2986 ita

202 3039 427 3113 vindicare'a
446 3036 680 3132 physicorum
705 3033 982 3122 obiectionibus,
1004 3044 1046 3109 ut
1067 3036 1161 3109 nihil
1186 3062 1303 3110 causae

202 3164 368 3260 supersit,
387 3185 452 3233 cur
474 3160 676 3233 accidentia
698 3159 973 3230 sacramentalia
989 3161 1036 3231 ad
1053 3184 1188 3254 purum
1205 3162 1303 3258 phae-

201 3311 400 3362 nomenum
410 3285 526 3382 redigi
537 3308 621 3356 curn
634 3283 854 3377 quibusdam
866 3283 1128 3355 recentioribus
1138 3284 1298 3358 velimus.

201 3415 248 3486 In
272 3413 386 3485 altera
402 3434 485 3484 vero
512 3408 711 3503 quaestione
736 3408 945 3480 libertatem
970 3407 1023 3479 ita
1048 3432 1177 3495 assere,
1199 3418 1242 3481 ut
1265 3419 1303 3483 et

202 3537 397 3609 concedam
429 3533 557 3606 haberi
590 3533 628 3602 in
663 3539 747 3603 actu
774 3530 923 3602 volitivo
958 3533 1300 3608 determinationem

201 3662 397 3756 quamdam
414 3684 460 3732 ex
482 3657 618 3729 iudicio
642 3655 801 3752 practico
825 3656 1109 3749 provenientem,
1128 3666 1166 3729 et
1184 3667 1301 3731 osten·

201 3789 286 3859 dam
317 3792 439 3856 actum
472 3781 580 3854 illum
613 3804 688 3851 non
714 3789 756 3852 ut
782 3779 833 3850 sic
859 3803 935 3851 esse
968 3780 1137 3867 liberum,
1164 3783 1226 3855 sed
1253 3784 1300 3855 ob

200 3909 461 3984 formalitatem
479 3905 545 3978 tali
562 3904 860 3978 determinationi
877 3905 1201 3999 supervenientem,
1220 3931 1300 3999 quae

200 4041 279 4108 tota
313 4039 368 4103 est
401 4031 441 4102 in
475 4035 655 4124 potestate
689 4027 852 4100 volentis.
916 4028 1024 4100 Hanc
1064 4029 1300 4120 questionem

97 4201 100 4204 -
201 4157 361 4230 inveniet
377 4154 493 4228 lector
508 4153 548 4224 in
566 4159 723 4224 tractatu
740 4154 786 4223 de
803 4152 952 4224 homine
970 4177 1004 4223 n.
1027 4152 1073 4223 66
1092 4160 1130 4225 et
1147 4177 1244 4247 seqq.

251 4281 344 4373 Sunt
360 4302 443 4351 vero
462 4278 535 4350 alia
551 4277 728 4370 quaedam,
747 4276 869 4348 minus
892 4273 1042 4348 fortasse
1067 4278 1239 4364 notanda,
1261 4279 1298 4350 in
