3200 4975
247 368 321 410 (aar.
337 346 408 430 111.]
696 366 739 409 nn
755 367 903 413 noman.
1288 349 1350 411 251

289 532 472 619 Respondeo
486 532 637 617 negative.
682 532 774 601 Ratio
788 540 846 611 est,
863 531 934 618 quia
950 553 1053 595 semen
1067 538 1203 597 recenter
1217 531 1348 597 effusum

245 667 307 709 non
322 653 369 708 est
384 665 494 729 corpus
508 644 686 728 organicum
702 644 735 707 in
748 644 888 728 potentis
901 642 996 707 vitam
1010 642 1137 707 habens.
1174 643 1350 708 Auctoritas

245 765 349 821 autem
371 754 575 841 quorumdam
596 754 785 819 medicorum
807 755 840 818 in
863 753 1050 819 contrarium
1073 753 1160 819 nulla
1180 764 1227 819 est
1245 755 1278 819 in
1292 756 1350 821 hac

245 868 389 932 materia:
414 869 448 931 1⁰
462 867 536 952 quia
546 866 634 930 nullo
646 866 742 931 solido
751 874 933 951 argumento
944 865 1087 951 probant,
1100 889 1213 947 semen,
1226 868 1349 952 quando

244 980 382 1065 pervenit
401 981 435 1043 in
455 989 589 1059 uterum,
604 1001 670 1043 esse
684 978 866 1059 animatum,
881 988 912 1042 et
927 978 999 1043 dare
1014 978 1103 1063 signa
1117 978 1204 1045 vitae:
1227 982 1263 1055 2⁰
1278 980 1350 1065 quia

245 1093 370 1178 plurimi
384 1091 497 1157 medici
519 1091 706 1155 dissentiunt
720 1091 759 1156 ab
773 1090 845 1171 illis,
861 1098 892 1154 ct
906 1091 1010 1175 plures
1023 1090 1159 1155 fatentur
1179 1112 1211 1154 se
1232 1090 1350 1155 nullam

243 1206 419 1290 opinionem
437 1204 598 1269 fundatam
612 1204 748 1269 invenire
762 1205 796 1267 in
811 1204 867 1268 hac
882 1202 1029 1267 materia:
1053 1206 1089 1268 3⁰
1104 1203 1178 1289 quia
1191 1204 1348 1269 tendentia

244 1317 381 1403 pharium
394 1316 582 1382 medicorum
597 1316 636 1381 ad
651 1315 904 1381 materialismum
918 1314 1020 1379 reddit
1034 1338 1140 1381 eorum
1151 1316 1349 1381 assertionem

243 1429 331 1494 valde
347 1438 529 1515 suspectam.
575 1427 638 1505 Qui
653 1430 737 1493 enim
750 1428 868 1492 nullam
885 1424 1023 1492 animam
1034 1427 1223 1513 spiritualem
1237 1428 1350 1493 admit·

244 1550 326 1621 tunt,
342 1540 395 1605 sed
411 1540 490 1605 selas
506 1540 585 1605 vires
599 1540 768 1625 organicas,
784 1539 807 1603 ii
821 1539 929 1624 procul
943 1538 1038 1604 dubio
1053 1539 1214 1619 inveniunt
1228 1538 1261 1604 in
1283 1540 1350 1625 ipso

243 1655 358 1719 semine
376 1653 528 1741 quidquid
548 1653 696 1719 advitam
712 1652 895 1738 requiritur3
918 1660 965 1716 est
980 1651 1063 1716 enim
1079 1651 1251 1717 substantia
1265 1675 1349 1737 sper·

242 1766 354 1830 metica
377 1766 423 1830 vis
445 1765 586 1852 quaedam
615 1765 769 1849 organica,
796 1772 832 1828 ut
862 1763 1006 1861 diximus,
1037 1786 1136 1849 quum
1166 1763 1349 1829 determinet

242 1876 500 1961 organisationem
515 1876 695 1942 substantiae
709 1898 728 1941 a
741 1896 866 1960 corpore
880 1874 987 1938 matris
998 1874 1031 1938 in
1040 1882 1162 1940 uterum
1175 1873 1347 1940 defluentis.

244 1988 306 2053 Sed
328 1988 355 2053 si
375 1989 435 2054 hoc
457 1988 604 2053 satisfacit
625 1986 843 2068 materialistia,
859 2008 923 2051 nen
946 1985 1015 2050 ideo
1038 1985 1091 2051 dat
1111 1986 1349 2052 fundamentum

243 2099 363 2165 dicendi
379 2100 463 2185 quod
477 2122 581 2165 semen
595 2099 629 2163 in
644 2107 731 2163 utero
749 2097 924 2183 depositum
945 2098 986 2161 sit
1003 2096 1184 2178 animatum,
1199 2106 1230 2163 et
1249 2097 1349 2163 multo

242 2211 346 2276 minus
361 2212 445 2297 quod
462 2212 503 2276 sit
524 2210 695 2276 animatum
713 2210 816 2275 anima
835 2210 979 2274 humana.
1025 2208 1118 2274 Unde
1140 2210 1266 2274 omnino
1288 2209 1348 2275 dici

243 2323 343 2402 debet,
359 2332 435 2388 tunc
458 2323 594 2388 animam
615 2322 783 2387 humanam
806 2320 930 2386 infundi
952 2321 985 2386 in
1008 2344 1129 2408 corpus,
1144 2322 1268 2408 quando
1290 2322 1348 2387 hoc

241 2435 401 2522 acquisivit
422 2434 680 2520 organisationem
702 2433 838 2500 debitam
854 2432 893 2497 ad
904 2432 1071 2498 exercenda
1086 2453 1178 2519 opera
1193 2432 1262 2499 vitae
1278 2450 1347 2500 sena

241 2548 356 2613 sitivae:
380 2548 463 2633 quod
482 2547 570 2612 aiunt
590 2545 768 2631 contingere
784 2545 867 2610 inter
884 2545 1157 2631 quadragesimum
1175 2554 1207 2610 et
1223 2568 1348 2631 sexage-

241 2659 457 2726 simumdiem.

284 2774 384 2835 Dices.
418 2772 450 2834 S.
473 2770 606 2835 Thomas
627 2770 714 2834 decet
737 2769 781 2854 (p.
804 2773 833 2832 l.
855 2791 885 2855 q.
903 2771 977 2834 118.
993 2792 1021 2833 a.
1039 2771 1070 2853 1)
1093 2768 1226 2833 animam
1250 2770 1346 2834 sensi·

240 2882 334 2946 tivam
356 2881 474 2946 traduci
495 2904 567 2946 cum
589 2880 714 2945 semine.
758 2881 856 2965 Atqui
876 2882 910 2944 in
930 2881 1055 2944 homine
1077 2880 1179 2945 anima
1201 2881 1345 2947 sensitiva

240 3003 288 3058 est
308 2994 376 3079 ipsa
397 2995 498 3059 anima
527 2993 720 3058 intellectiva.
765 2992 849 3077 Ergo
879 2992 981 3057 anima
1010 2992 1146 3057 humana
1175 2992 1347 3059 traducitur

240 3105 440 3193 cumsemine
454 3105 487 3168 in
502 3113 573 3169 actu
587 3103 805 3188 generationis.

283 3217 473 3302 Respondeo,
490 3217 575 3281 iuxta
590 3216 622 3280 S.
643 3215 792 3280 Thomam
813 3215 948 3280 animam
970 3215 1054 3279 illam
1077 3217 1254 3280 sensitivam
1275 3238 1344 3301 quae

239 3352 309 3395 cum
325 3330 440 3393 semine
454 3329 626 3393 traducitur
643 3350 795 3410 non-esse
817 3327 878 3390 nisi
900 3329 1038 3390 virtutem
1059 3331 1193 3407 activam,
1217 3351 1280 3412 quae
1302 3337 1346 3393 est

238 3444 270 3505 ia
291 3443 399 3505 senice
420 3463 458 3504 ea
479 3442 577 3504 anima
595 3443 765 3524 yerceruatis
786 3439 949 3504 Mantum
958 3467 970 3514 ‚·
993 3421 1025 3503 et¹
1037 3441 1097 3503 laec
1110 3447 1155 3504 est
1169 3443 1254 3524 quasi
1267 3463 1344 3524 quae-

239 3555 309 3618 dam
336 3555 425 3617 metio
454 3554 547 3636 ipaim
575 3554 678 3616 anima
703 3553 883 3636 genuculis,
914 3573 968 3616 nec
996 3559 1040 3615 est
1062 3554 1170 3630 aalma,
1197 3561 1250 3616 cut
1268 3576 1346 3637 pars

240 3666 352 3743 anima,
367 3666 425 3728 aiei
439 3665 471 3727 ia
484 3666 601 3743 uirtute,
616 3665 694 3728 aaut
707 3665 739 3727 ia
753 3686 835 3727 serva
849 3664 898 3727 vel
909 3666 1004 3728 secari
1018 3687 1077 3728 aaa
1091 3673 1135 3728 est
1143 3664 1246 3746 samaa
1266 3666 1344 3744 lecti,

236 3777 289 3840 sed
307 3779 396 3840 acatio
418 3776 549 3858 quaedum
570 3777 611 3838 ad
629 3776 717 3839 talem
730 3775 872 3860 formam.
918 3775 985 3839 Nos
1019 3784 1123 3839 autem
1148 3776 1342 3841 concedimus

237 3889 317 3951 hanc
344 3887 487 3951 virtutem
518 3886 646 3951 activam
676 3885 810 3966 seminis,
834 3885 888 3950 sed
909 3908 1059 3970 negamus
1081 3909 1151 3972 eam·
1173 3887 1233 3951 dici
1254 3909 1342 3971 posse

238 4000 371 4064 animam
386 4013 580 4084 quocumque
593 3997 695 4078 modo,
709 3998 878 4083 prasertim
893 4019 964 4062 vero
979 3998 1163 4062 sensitivam.
1196 3998 1343 4063 Attamen

235 4110 287 4174 illa
309 4111 411 4176 anima
433 4109 585 4188 sensitiva,
607 4130 701 4194 quam
725 4109 756 4172 S.
777 4109 911 4172 Thomas
933 4109 1021 4192 ponit
1041 4109 1075 4171 in
1095 4108 1221 4187 semine,
1244 4120 1342 4174 cessat

235 4221 362 4285 existere
390 4220 475 4284 iuxta
503 4221 615 4306 ipsum,
646 4219 769 4304 quando
798 4218 921 4282 advenit
952 4219 1054 4283 anima
1083 4218 1276 4300 intellectiva,
1306 4230 1341 4284 ut

235 4332 349 4397 ibidem
370 4331 476 4413 docet,
498 4332 581 4396 unde
601 4330 634 4396 in
654 4331 822 4396 obiectione
845 4331 945 4395 minor
968 4330 1109 4416 neganda
1128 4341 1184 4410 est,
1201 4332 1226 4395 si
1241 4333 1342 4396 anima
