3200 4975
250 378 319 423 car.
337 359 409 446 ιιι]
708 386 750 427 nu
768 383 914 429 nouruu.
1289 364 1353 427 263

250 544 383 610 animum
404 550 479 612 scire
500 571 531 613 rc
550 571 620 627 csse,
636 572 698 614 non
721 559 823 615 autem
845 552 949 615 balim
972 551 1065 615 ideam
1089 572 1120 615 cc
1145 572 1214 614 csse.
1259 549 1351 615 Ratio

248 668 305 739 cst,
328 660 401 745 quia
422 660 489 725 idea
509 662 640 726 refertur
659 662 698 725 ad
722 662 805 747 quod
822 662 897 747 quid
917 671 964 727 est
975 689 984 742 3
1009 663 1084 728 scire
1106 674 1208 728 autem
1235 684 1267 727 se
1284 680 1349 727 esse

248 792 311 834 non
326 780 373 835 est
388 771 463 836 scire
478 772 561 857 quod
580 772 655 857 quid
670 782 728 837 est.
772 772 904 857 Insuper
919 772 1030 852 anima,
1044 795 1112 857 quae
1127 772 1219 837 habet
1238 773 1349 854 ideam,

247 882 449 967 distinguitur
464 908 482 948 a
496 908 552 949 sua
565 885 634 949 idea
647 894 683 949 ut
692 884 864 949 substantia
879 908 897 948 a
912 907 967 949 suo
983 884 1092 962 m0d03
1115 893 1220 949 contra
1234 885 1346 963 anime,

247 1016 315 1079 quae
342 998 408 1074 scit,
431 996 517 1080 prius
547 996 744 1062 constituitur
772 995 880 1075 sciens,
908 1018 1001 1081 quam
1027 995 1151 1081 recipiat
1180 994 1349 1081 quamlibet

247 1106 512 1174 modificationem.
556 1108 640 1193 Ergo
654 1108 754 1193 prima
775 1106 910 1193 cognitio
925 1106 1016 1187 entis,
1031 1130 1123 1193 quam
1137 1107 1230 1173 homo
1244 1105 1347 1187 habet,

246 1240 310 1282 nou
325 1227 371 1283 est
385 1219 462 1285 idea.
507 1220 586 1285 Vide
600 1244 669 1306 quae
683 1220 815 1285 diximus
829 1243 860 1285 n.
877 1223 930 1285 96.

287 1334 364 1395 ·101.
388 1329 544 1408 Quaeritur
569 1332 696 1413 docimo,
714 1333 860 1416 quodnam
881 1335 921 1397 eit
937 1333 1067 1416 primm
1089 1332 1168 1415 quod
1187 1333 1270 1396 bomo
1292 1333 1348 1395 ecit

246 1446 573 1528 esccfflaetcrreipeum.
1305 1522 1309 1531 ¹

289 1553 481 1637 Respondeo‚
506 1554 588 1640 quod
612 1577 709 1640 quum
734 1555 870 1640 primum
895 1554 925 1618 in
951 1554 1035 1618 omni
1058 1576 1169 1638 genere
1192 1554 1233 1618 sit
1258 1576 1348 1618 causa

245 1673 433 1745 caurorum,
448 1666 490 1745 id,
505 1689 567 1751 quo
582 1675 618 1731 ut
637 1666 787 1752 principio
807 1665 980 1731 intellectus
1002 1666 1058 1731 scit
1080 1665 1195 1751 aliquid
1210 1688 1284 1745 esse,
1300 1674 1347 1729 est

245 1774 278 1838 id
293 1797 355 1860 quo
369 1776 426 1840 scit
446 1798 478 1841 sc
492 1800 567 1842 esse.
614 1777 678 1841 Scit
692 1786 796 1842 autem
817 1802 848 1843 se
864 1800 938 1857 esse,
954 1777 1153 1863 inquantum
1170 1778 1235 1842 eius
1251 1776 1347 1862 passi·

245 1886 323 1950 vitas
345 1888 550 1971 cognoscitiva
564 1897 704 1953 actuatur
717 1889 750 1952 in
773 1911 829 1954 suo
844 1890 942 1974 primo
964 1912 1030 1953 esse
1045 1898 1079 1953 ut
1097 1890 1246 1953 terminus
1261 1898 1347 1953 actus

246 1998 473 2079 substantialis3
503 2023 576 2085 ergo
600 2001 656 2065 scit
680 2001 906 2065 accidentaliter
931 2002 969 2065 de
994 2001 1096 2087 aliquo
1122 2000 1205 2086 quod
1230 2010 1286 2079 est,
1313 2001 1347 2063 in

246 2120 397 2196 quantum
412 2112 478 2177 cius
492 2113 651 2198 passivitas
665 2113 870 2197 cognoscitiva
880 2122 1021 2179 actuatur
1035 2114 1067 2179 iu
1084 2112 1216 2178 secundo
1231 2135 1296 2177 esse
1310 2122 1346 2175 ut

245 2224 396 2288 terminus
421 2235 508 2289 actus
531 2224 733 2290 accidentalis.
787 2225 834 2289 Eo
857 2225 924 2310 ipso
949 2248 1022 2311 ergo
1045 2226 1128 2312 quod
1153 2225 1305 2290 obiectum
1329 2247 1347 2288 a

245 2351 447 2420 cognoscente
470 2336 651 2402 distinctum
677 2338 795 2402 actione
814 2360 870 2402 sua
889 2338 1043 2403 modificat
1066 2337 1273 2422 passivitatem
1296 2358 1346 2402 co-

244 2448 431 2532 gnoscentis,
457 2469 644 2534 cognoscens
673 2449 778 2515 statim
808 2448 865 2514 scit
894 2448 1009 2535 aliquid
1032 2471 1097 2516 esse
1125 2457 1236 2535 prater
1259 2471 1345 2514 suam

244 2547 466 2626 substantiam:
489 2561 548 2632 sibi
572 2563 656 2628 enim
679 2563 818 2627 conscius
844 2571 900 2641 est,
923 2563 1169 2628 terminationem
1193 2561 1241 2626 sui
1261 2569 1346 2626 actus

245 2671 285 2735 cd
308 2673 513 2758 passivitatem
535 2674 772 2760 cognoscitivam
796 2675 965 2739 secundum
988 2670 1104 2760 aliquid
1121 2673 1216 2738 fuisse
1233 2671 1344 2738 immu-

244 2791 350 2847 tatam.
395 2784 534 2850 Primum
557 2808 631 2870 ergo
656 2808 722 2864 cns,
748 2785 832 2871 quod
858 2806 1044 2870 cognoscens
1068 2786 1125 2850 scit
1148 2807 1213 2850 esse
1239 2793 1348 2872 praeter

244 2915 332 2957 suam
349 2894 562 2974 substantiam,
577 2904 625 2960 est
640 2895 824 2961 modificatio
843 2919 904 2961 suae
926 2896 1114 2961 substantiae.
1161 2895 1230 2960 Hoc
1244 2904 1346 2960 autem

245 3028 309 3069 non
323 3006 494 3072 esthabere
508 3007 617 3086 ideam,
634 3008 687 3072 sed
701 3008 917 3072 conscientiam
933 3008 1159 3087 accidentalem,
1175 3013 1210 3072 ut
1225 3008 1346 3072 monui-

245 3140 333 3196 mus;
356 3118 429 3202 quia
450 3117 519 3182 idea
536 3118 669 3182 ostendit
693 3117 896 3203 quidditatem
922 3118 966 3183 rei
976 3145 986 3199 3
1009 3119 1085 3183 scire
1105 3127 1209 3184 autem
1231 3117 1346 3202 aliquid

243 3250 310 3292 esse
329 3237 438 3314 praetcr
458 3251 545 3294 suam
567 3228 771 3294 substantiam
795 3251 858 3293 non
873 3238 919 3293 est
939 3228 1110 3315 intelligere
1132 3229 1207 3314 quid
1227 3229 1276 3309 sit,
1294 3229 1347 3293 sed

246 3339 347 3404 videre
362 3341 444 3426 quod
459 3341 508 3405 sit.

289 3454 362 3516 102.
386 3450 542 3528 Quaeritur
567 3451 739 3531 undecimo,
766 3452 906 3535 quomodo
937 3454 1072 3536 acquirat
1100 3453 1183 3516 borrw
1212 3453 1348 3517 notitiam

164 3588 169 3595 ·
244 3565 406 3628 animia
419 3564 496 3627 ωιίίε
509 3563 704 3627 detoemiuuti.

288 3674 480 3759 Respondeo‚
498 3697 553 3759 per
576 3673 745 3758 simplicem
768 3674 994 3759 perceptionem
1015 3674 1127 3740 obiecti
1144 3674 1348 3754 determinati,

244 3781 306 3850 sive
325 3785 405 3852 illud
429 3785 581 3852 obiectum
606 3787 646 3850 sit
668 3786 840 3864 internum,
856 3795 892 3850 ut
917 3785 1103 3850 modificatio
1128 3785 1265 3864 subiecti,
1287 3787 1349 3849 sive

244 3907 413 3978 externum,
427 3907 464 3963 ut
485 3899 624 3963 lumen..
646 3897 688 3962 Et
707 3921 756 3962 res
777 3897 920 3963 facillime
942 3897 1110 3983 explicatur
1128 3921 1165 3962 ex
1186 3897 1348 3982 praedictis.

242 4009 335 4074 Facta
348 4011 430 4075 enim
453 4010 653 4094 impressione
676 4009 788 4095 speciei
808 4009 841 4073 in
861 4009 1038 4094 passivitate
1058 4009 1273 4092 cognoscitiva,
1287 4017 1349 4073 ter-

242 4121 378 4186 minatur
396 4122 576 4186 naturaliter
597 4131 684 4186 actus
704 4122 928 4206 cognoscitivus
949 4120 988 4184 ad
1009 4121 1162 4186 obiectum
1180 4122 1349 4186 secundum

243 4232 328 4318 quod
347 4233 510 4317 perillam
534 4233 663 4318 speciem
687 4233 722 4297 fit
745 4243 816 4298 actu
840 4231 1052 4316 cognoscibile.
1097 4231 1154 4297 Est
1174 4242 1275 4298 autem
1300 4255 1349 4297 co-

243 4344 412 4428 gnoscibile
441 4353 472 4410 et
502 4344 606 4410 sensui
635 4353 666 4408 et
700 4344 870 4410 intellectui
900 4352 1024 4431 propter
1053 4345 1283 4430 impressionem
1318 4345 1351 4408 in
