3200 4975
271 340 336 403 336
653 359 696 401 nn
713 358 968 403 soornnnrraos.
1231 335 1319 419 [car.
1336 355 1379 397 11.

270 526 424 591 materiale
446 526 592 611 ipsorum,
608 534 639 589 et
659 547 721 589 non
743 525 801 589 sub
823 525 941 589 ratione
956 523 1082 588 relativa
1096 522 1265 586 secundum
1281 544 1375 607 quam

270 647 495 724 comparantur.
539 638 581 702 llt
606 638 674 701 ideo
696 638 933 703 fundamentum
955 634 1111 700 relationis
1133 634 1214 698 inter
1236 634 1321 719 prius
1344 644 1376 697 et

270 758 341 835 post
355 750 552 835 quarendum
568 750 662 814 estin
677 749 781 834 aliquo
795 748 935 813 absoluto
950 754 1034 813 extra
1048 746 1151 831 ipsum
1167 747 1282 830 quondo
1300 746 1376 809 sub-

270 860 421 939 stantiale,
444 859 582 925 videlieet
604 860 637 924 in
659 859 846 925 virtualitate
867 858 1056 937 aeternitatis,
1075 867 1111 924 ut
1134 857 1250 921 dictum
1273 866 1319 921 est
1341 856 1375 921 in

272 980 404 1037 tractatu
418 971 457 1036 de
471 972 571 1036 tribus
584 971 749 1036 continuis.

313 1085 367 1147 42.
390 1082 441 1147 Ad
455 1080 631 1147 habendum
645 1084 696 1147 abi
710 1081 895 1149 accidentale
910 1104 974 1149 non
986 1082 1097 1147 sufficit
1109 1082 1194 1167 qnod
1204 1104 1252 1146 res
1263 1081 1374 1145 habeat

270 1192 346 1257 illud
360 1194 412 1256 abi
426 1193 625 1257 intrinsecum
640 1202 670 1258 et
685 1192 871 1273 absolutum,
884 1194 921 1258 de
936 1215 998 1279 quo
1013 1194 1145 1258 diximus
1157 1217 1250 1279 snpra
1261 1195 1305 1275 (n.
1315 1196 1349 1275 6)
1363 1220 1372 1271 3

270 1305 343 1390 quia
364 1304 431 1369 sine
451 1305 505 1369 illo
526 1306 577 1369 abi
597 1326 646 1369 res
669 1326 732 1369 non
753 1314 856 1389 potest
878 1328 960 1371 esse:
984 1315 1016 1371 et
1029 1306 1110 1370 idem
1134 1305 1253 1371 dicatur
1268 1305 1306 1370 de
1320 1306 1373 1370 illo

270 1417 330 1482 alio
343 1420 395 1481 abi
408 1416 616 1495 intellectuali,
631 1416 669 1480 de
684 1438 746 1502 quo
760 1439 793 1482 u.
810 1419 861 1481 13.
886 1417 1018 1481 Necesse
1033 1425 1079 1480 est
1095 1416 1192 1501 igitur
1204 1418 1243 1481 ad
1258 1416 1374 1481 baben·

270 1529 343 1593 dnm
358 1531 409 1593 abi
423 1528 617 1606 accidentale,
628 1528 816 1593 considerare
831 1530 882 1591 abi
897 1528 1096 1593 substantiale
1111 1551 1173 1593 non
1186 1528 1372 1613 simpliciter,

270 1642 325 1706 sed
338 1663 408 1706 curn
424 1640 528 1705 addito
542 1640 691 1704 rationem
706 1639 921 1704 accidentalem
938 1639 1160 1703 introducente.
1188 1640 1286 1731 Sicut
1301 1662 1375 1723 ergo

269 1756 320 1817 abi
333 1754 478 1837 potentia
492 1752 618 1837 passivae
632 1760 667 1815 nt
681 1750 858 1837 accipientis
872 1753 1006 1838 primum
1022 1774 1087 1815 csse
1101 1760 1149 1815 est
1165 1753 1217 1815 obi
1233 1752 1298 1816 eius
1315 1753 1373 1816 im·

269 1864 427 1943 mutabile,
442 1864 486 1927 ita
499 1865 550 1928 abi
564 1865 709 1949 potentiae
723 1862 851 1949 passivae
865 1872 900 1926 ut
917 1863 1091 1949 accipientis
1107 1864 1276 1928 secundum
1298 1887 1372 1943 esse,

269 1976 363 2040 idest
378 1975 559 2059 passionem,
574 1983 621 2039 est
635 1977 686 2040 abi
700 1975 896 2040 accidentale.
920 1976 1001 2040 Nam
1017 1976 1151 2060 primum
1167 1976 1249 2061 quod
1264 1976 1373 2041 accidit

270 2087 415 2173 potentiae
428 2087 554 2171 passivae
568 2097 615 2152 est
628 2088 711 2173 pati3
734 2096 765 2152 et
780 2087 848 2151 ideo
863 2088 998 2172 primum
1013 2090 1063 2151 abi
1074 2088 1257 2165 accidentale
1268 2098 1314 2153 est
1324 2091 1375 2153 abi

270 2198 377 2283 primae
395 2198 554 2283 passionis.
601 2199 684 2263 Hinc
699 2199 796 2277 Deus,
811 2198 845 2262 in
866 2222 927 2283 quo
950 2198 1035 2263 nulla
1053 2208 1100 2263 est
1114 2199 1275 2283 passivitas
1289 2209 1373 2264 actu-

271 2308 368 2387 abilis,
384 2308 522 2394 quamvis
544 2308 654 2374 habeat
675 2332 767 2373 suum
789 2311 841 2373 abi
859 2309 997 2373 divinum
1014 2308 1219 2374 intellectuale
1236 2310 1320 2396 (quia
1335 2312 1374 2375 ad

272 2421 406 2506 seipsum
426 2419 609 2484 terminatur
627 2443 681 2506 per
697 2420 905 2506 cognitionem
921 2431 951 2484 et
967 2443 1101 2486 amorem
1116 2420 1372 2503 substantialem),

271 2532 355 2618 qnod
377 2541 413 2597 ut
435 2542 481 2596 est
504 2533 706 2617 comparabile
728 2533 769 2597 ad
789 2535 841 2596 abi
862 2533 1017 2598 materiale
1039 2542 1244 2600 creaturarum
1264 2535 1375 2600 dicitur

272 2645 472 2724 immensitas,
497 2655 529 2710 et
554 2653 590 2709 ut
614 2654 661 2709 est
677 2645 881 2731 comparabile
901 2645 940 2709 ad
956 2647 1007 2709 obi
1028 2645 1234 2711 intellectuale
1254 2655 1374 2710 creatu-

271 2780 376 2822 rarum
405 2757 518 2822 dicitur
545 2756 756 2821 omniscientis
780 2756 828 2821 rel
856 2755 978 2822 infinita
1001 2755 1223 2839 intelligentia,
1253 2756 1374 2820 nullum

271 2879 375 2934 tamen
390 2869 500 2932 habere
515 2876 616 2953 potest
630 2870 681 2932 aar·
694 2867 897 2933 accidentale:
921 2879 951 2932 et
967 2867 1114 2947 similiter,
1128 2868 1153 2932 si
1165 2892 1226 2954 qua
1237 2879 1374 2934 creatura

273 2981 311 3046 de
325 2981 406 3045 facto
426 3003 595 3065 numquam
618 2979 763 3064 reciperet
782 2980 816 3044 in
836 3002 868 3044 se
888 2979 1060 3065 passionem
1083 2979 1178 3065 (quod
1192 2981 1312 3046 videtur
1326 2981 1376 3044 vix

273 3092 350 3176 tingi
358 3093 472 3177 posse),
481 3091 669 3176 impossibile
678 3099 757 3155 essct
766 3091 901 3156 invenire
909 3091 942 3154 in
953 3091 1253 3157 eaobiaccidentale.
1292 3093 1375 3157 Illud

273 3205 355 3268 enim
370 3207 429 3284 abi,
442 3204 525 3289 quod
540 3203 703 3289 respondet
717 3202 862 3288 potentiae
876 3204 1004 3288 passivae
1018 3213 1055 3268 nt
1068 3204 1226 3289 recipienti
1240 3204 1374 3289 primum

274 3338 348 3395 esse,
375 3316 498 3400 respicit
523 3315 769 3379 terminationem
800 3314 1042 3394 substantialem,
1069 3325 1099 3380 et
1129 3315 1235 3401 nequit
1265 3316 1375 3381 habere
1479 3322 1484 3328 ’

273 3427 421 3491 rationem
447 3425 622 3490 accidentis.
667 3425 770 3502 Quare
793 3425 957 3489 dicendum
982 3434 1039 3504 est,
1054 3427 1105 3490 abi
1124 3427 1302 3490 acddcalole
1316 3449 1376 3491 case

274 3540 426 3602 terminum
440 3540 540 3621 spatii,
556 3540 655 3621 inquo
668 3540 829 3622 passivitas
852 3539 928 3602 entra
953 3540 1057 3621 recapit
1080 3539 1285 3602 occidentales
1303 3562 1376 3623 paa-

273 3654 391 3729 sioncra,
406 3649 454 3715 vel
468 3649 588 3714 brevius
602 3651 652 3712 abi
665 3650 836 3714 substantie
850 3649 1067 3712 caumaliter
1077 3651 1240 3732 patientia:
1264 3651 1296 3713 in
1315 3673 1376 3734 qua

274 3763 449 3828 definitione
459 3765 510 3826 ubi
519 3764 688 3826 substantiae
699 3770 783 3825 tenet
797 3761 897 3824 locum
915 3761 1043 3844 grueria,
1060 3784 1113 3826 seu
1128 3762 1261 3826 materiae
1277 3762 1376 3826 deter-

273 3875 436 3952 minabilis,
462 3885 493 3939 et
518 3874 620 3958 passio
644 3873 839 3938 accidentalis
862 3873 961 3937 locum
987 3873 1167 3938 differentiae
1190 3897 1244 3937 scu
1270 3874 1376 3940 formae

273 3986 505 4052 determinantia
526 3985 603 4049 illud
620 3987 671 4048 abi
690 3986 728 4049 ad
749 4007 814 4048 esse
837 3984 1030 4050 accidentale.
1077 3985 1254 4053 Substantia
1268 3985 1374 4068 igitur,

272 4107 308 4161 ut
331 4099 383 4177 sic,
407 4107 453 4161 est
476 4097 647 4161 subiectum
671 4097 913 4183 metaphysicnm
937 4119 1000 4162 suae
1021 4095 1202 4161 ubicationis
1232 4095 1374 4160 substan·

272 4209 373 4272 tialis:
404 4209 508 4272 eadem
533 4208 713 4285 substantia,
736 4222 772 4272 ut
795 4208 924 4293 patiens,
947 4218 992 4272 est
1016 4209 1187 4273 subiectum
1211 4208 1373 4293 physicum

272 4344 335 4385 suae
357 4320 515 4403 passionis,
532 4321 586 4382 sed
606 4320 847 4402 metaphysicnm
871 4343 934 4383 suae
957 4319 1137 4384 ubicationis
1160 4319 1373 4388 accidentalis:
