3200 4975
282 345 345 408 186
736 365 779 408 na
797 365 945 409 aonruu.
1238 344 1324 429 [car.
1343 366 1383 410 11.

278 531 380 596 anima
399 539 430 596 et
448 553 574 616 corpore
594 553 657 596 non
678 531 714 595 fit
736 554 799 596 una
821 530 1002 612 substantia,
1018 530 1072 595 sed
1093 553 1156 596 una
1177 540 1287 595 natura
1309 531 1381 595 sub·

277 643 429 708 stantialis
442 662 479 707 ex
493 643 613 707 duabus
628 643 808 708 substantiis
824 643 944 708 realiter
958 643 1120 724 distinctis,
1132 642 1201 708 ideo
1217 643 1381 708 dicendum

276 764 324 820 est
346 756 480 820 animam
502 778 568 820 esse
589 765 706 840 partem
729 757 823 821 unius
845 766 964 821 naturae
992 757 1146 836 humanae,
1168 779 1232 821 non
1262 765 1380 842 partem

276 866 370 932 unius
386 867 584 933 substantiae:
607 878 638 932 et
650 890 716 932 esse
727 868 844 954 aliquid
855 868 1077 954 incompletum
1088 869 1122 933 in
1132 868 1251 934 ratione
1261 878 1380 934 naturae

276 978 430 1058 bumauae,
445 1001 507 1042 non
523 979 689 1044 iuratione
704 978 922 1044 substantiae*.

319 1092 460 1156 Instatis.
505 1092 578 1177 Ipsa
607 1092 779 1157 substantia
808 1093 918 1159 animae
947 1101 995 1158 est
1022 1093 1122 1158 forma
1148 1093 1302 1177 corporis:
1325 1093 1380 1158 sed

274 1203 374 1267 forma
395 1213 443 1268 est
464 1227 519 1269 eus
541 1203 579 1269 de
601 1227 634 1269 se
655 1204 898 1290 incompletum
920 1228 993 1290 ergo
1015 1214 1046 1269 et
1069 1204 1242 1270 substantia
1259 1205 1379 1270 animae.

275 1315 434 1395 Praeterea,
464 1317 597 1381 animam
635 1338 700 1382 esse
737 1317 940 1382 substantiam
978 1317 1170 1402 completam,
1200 1318 1260 1382 fuit
1297 1339 1380 1382 error

276 1425 420 1511 Origenis
434 1427 585 1492 refutatus
599 1451 617 1492 a
633 1427 689 1494 SS.
705 1428 861 1510 Patribus,
877 1431 931 1515 qni
946 1429 1039 1494 etiam
1052 1429 1209 1494 reddendo
1229 1431 1378 1494 rationem

276 1561 330 1604 cur
351 1540 438 1604 Deus
467 1539 601 1604 animam
629 1541 764 1605 hominis
786 1542 906 1626 corpori
927 1541 1123 1626 copulaverit,
1147 1550 1298 1622 asserunt,
1321 1542 1378 1606 ho'c

274 1650 344 1716 ideo
358 1674 434 1733 csse,
450 1651 523 1737 quia
537 1652 639 1716 anima
653 1660 699 1716 cst
714 1652 901 1738 incompleta
915 1652 1097 1717 substantia.

318 1763 501 1850 Respondeo
521 1787 600 1829 coac.
617 1766 696 1830 Mai.
715 1765 784 1830 dist.
804 1768 875 1830 min.
895 1764 994 1829 forma
1014 1771 1061 1828 est
1078 1786 1132 1828 ens
1147 1764 1378 1849 incompletum,

274 1875 301 1940 si
316 1884 456 1940 sumatur
469 1875 695 1961 reduplicative,
711 1884 743 1941 et
756 1886 833 1941 tunc
847 1898 911 1940 non
926 1885 973 1940 cst
988 1883 1089 1940 totum
1104 1876 1316 1961 compositum,
1326 1876 1380 1940 sed

274 1986 339 2050 cius
355 2010 425 2072 pars
437 2011 462 2052 c.
477 1989 548 2051 mia.
552 2013 562 2067 3
584 1988 683 2052 forma
696 1994 744 2052 est
758 2010 814 2052 ens
828 1987 1049 2072 incompletum
1065 1987 1098 2051 in
1114 2011 1146 2051 so
1160 1987 1227 2072 ipsa
1242 1987 1380 2052 absolute

273 2100 355 2163 subd.
366 2099 393 2163 si
404 2099 443 2163 sit
458 2099 557 2163 forma
570 2100 723 2164 inhaerens
737 2124 817 2164 conc.
829 2102 911 2178 min,
923 2100 950 2164 si
965 2101 1004 2164 sit
1020 2101 1116 2165 forma
1132 2099 1300 2165 subsistens
1314 2123 1378 2185 nep.

273 2214 343 2275 min.
359 2220 389 2276 et
405 2234 484 2276 cous.
527 2211 571 2275 Et
584 2211 664 2276 ratio
681 2234 718 2275 ex
731 2211 885 2297 praedictis
899 2219 995 2296 patet.

316 2322 368 2387 Ad
390 2323 521 2387 alterum
543 2323 612 2388 diat.
631 2331 692 2387 ont.
714 2322 774 2387 fuit
789 2344 874 2386 error
889 2322 1034 2406 Origenis
1050 2321 1150 2386 dicere
1165 2321 1298 2386 animam
1313 2345 1378 2387 esse

275 2433 477 2500 substantiam
497 2436 541 2500 ita
560 2435 754 2522 completam,
770 2443 807 2499 ut
824 2434 1006 2500 naturaliter
1020 2433 1168 2499 exstiterit
1183 2442 1255 2499 ante
1269 2457 1380 2521 corpus

273 2548 357 2634 quod
370 2548 527 2628 informat,
542 2548 575 2612 in
591 2557 675 2613 statu
687 2548 895 2632 separationis,
912 2547 991 2613 sicut
1006 2547 1117 2632 augeli,
1131 2569 1210 2612 conc.
1222 2557 1297 2627 out,
1319 2548 1379 2612 luit

273 2683 357 2725 error
372 2660 518 2746 Origenis
540 2661 639 2726 dicere
661 2659 794 2724 animam
817 2682 883 2724 esse
905 2659 1108 2724 substantiam
1125 2658 1170 2723 ita
1187 2660 1378 2744 completam,

273 2780 320 2852 ut,
335 2771 406 2838 licet
428 2773 609 2837 naturaliter
630 2793 693 2836 non
716 2771 843 2857 incipiat
865 2792 931 2835 csse
949 2770 1009 2835 nisi
1029 2771 1062 2834 in
1087 2792 1210 2855 corpore
1229 2770 1312 2855 quod
1330 2770 1378 2833 in·

272 2884 395 2965 format,
411 2884 521 2949 babeat
543 2894 648 2949 tamen
670 2884 704 2948 in
727 2884 826 2970 seipsa
848 2883 1000 2969 quidquid
1020 2906 1076 2968 per
1098 2905 1130 2947 se
1151 2882 1317 2968 requiritur
1339 2882 1378 2947 ad

273 2996 526 3061 constituendum
555 2996 750 3082 adaequatum
779 2994 968 3081 principium
996 2994 1181 3080 operationis
1211 2992 1381 3080 spiritualis

272 3131 336 3194 nep.
353 3118 415 3174 ont.

318 3221 411 3299 Quod
430 3222 541 3286 attinet
561 3221 601 3285 ad
618 3220 674 3285 SS.
691 3221 808 3301 Patres,
824 3242 930 3285 eorum
951 3219 1120 3284 locutiones
1139 3218 1271 3305 probant
1286 3218 1376 3285 dum-

272 3341 365 3413 taxat,
381 3334 515 3397 animam
537 3332 704 3397 humanam
725 3354 790 3396 non
812 3331 948 3410 existere,
964 3352 1020 3395 nec
1041 3331 1184 3416 cogitare,
1199 3352 1255 3395 nec
1276 3330 1376 3397 vivere

271 3444 370 3528 primo
381 3444 441 3508 nisi
452 3446 485 3509 in
497 3466 631 3529 corpore,
641 3452 672 3508 ct
682 3443 751 3508 idco
761 3466 828 3507 eam
839 3465 905 3507 esse
919 3442 1135 3527 incompletum
1149 3443 1183 3505 in
1198 3442 1256 3507 boc
1271 3465 1374 3523 sensu,

272 3555 355 3641 quod
370 3554 487 3619 nullam
503 3557 708 3641 operationem
725 3554 907 3619 naturaliter
921 3562 952 3618 et
967 3553 1005 3618 dc
1019 3556 1099 3619 facto
1121 3577 1257 3620 exercerc
1273 3563 1374 3640 potest

271 3677 436 3752 antequam
462 3669 587 3734 uniatur
610 3668 739 3754 corpori.
784 3668 845 3733 Vel
875 3668 1008 3733 secundo
1039 3667 1204 3733 dicendum
1234 3677 1292 3748 est,
1323 3692 1374 3733 cos

270 3778 403 3844 animam
419 3802 525 3846 vocare
542 3780 747 3846 substantiam
768 3779 995 3865 incomplutam,
1011 3780 1084 3864 quia
1103 3802 1216 3845 nomen
1231 3781 1374 3869 substan

271 3892 322 3957 tiae
336 3891 375 3957 ab
390 3892 474 3977 ipsis,
486 3901 522 3957 ut
537 3893 629 3957 etiam
644 3892 869 3957 aScholasticis
884 3898 955 3976 post
970 3891 1063 3975 ipsos,
1074 3914 1153 3979 saepe
1167 3892 1375 3977 usurpabatur

304 4077 449 4134 *Anima
464 4077 605 4133 brutorum
619 4080 692 4132 recte
709 4076 762 4133 dici
780 4080 894 4149 possunt
913 4074 1070 4130 substantias
1089 4074 1249 4130 naturaliter
1268 4075 1372 4131 incom-

268 4165 359 4237 pletae,
367 4183 452 4237 quum
464 4182 498 4219 ox
509 4164 670 4237 supradictis
682 4169 711 4218 et
722 4163 777 4218 sint
789 4162 957 4230 substantiae,
967 4168 996 4215 et
1007 4167 1098 4216 tamen
1105 4166 1241 4233 nequeant
1250 4179 1373 4218 exercere

269 4252 387 4324 aliquem
405 4257 496 4306 actum
513 4252 663 4307 naturalem
680 4251 733 4305 nisi
751 4257 817 4305 actu
834 4250 1012 4305 terminentur
1030 4250 1064 4304 od
1087 4266 1183 4322 corpus
1207 4250 1371 4322 organicum.

270 4340 325 4394 Sed
336 4339 396 4394 hoec
408 4339 477 4393 ratio
490 4340 616 4409 ostendit,
629 4340 662 4394 de
674 4338 765 4394 anima
776 4339 896 4393 hnmana
907 4355 964 4393 esse
977 4337 1055 4392 aliter
1066 4337 1238 4409 loquendum.
