<?xml version="1.0" encoding="UTF-8"?>
<!DOCTYPE html PUBLIC "-//W3C//DTD XHTML 1.0 Transitional//EN"
    "http://www.w3.org/TR/xhtml1/DTD/xhtml1-transitional.dtd">
<html xmlns="http://www.w3.org/1999/xhtml" xml:lang="en" lang="en">
 <head>
  <title>
</title>
<meta http-equiv="Content-Type" content="text/html;charset=utf-8" />
  <meta name='ocr-system' content='tesseract 3.04.00' />
  <meta name='ocr-capabilities' content='ocr_page ocr_carea ocr_par ocr_line ocrx_word'/>
</head>
<body>
  <div class='ocr_page' id='page_1' title='image "./realisphilosoph02baymgoog_0339.png"; bbox 0 0 3200 4975; ppageno 0'>
   <div class='ocr_carea' id='block_1_1' title="bbox 240 361 1343 445">
    <p class='ocr_par' dir='ltr' id='par_1_1' title="bbox 240 361 1343 445">
     <span class='ocr_line' id='line_1_1' title="bbox 240 361 1343 445; baseline 0.007 -24"><span class='ocrx_word' id='word_1_1' title='bbox 240 379 309 424; x_wconf 74' lang='lat' dir='ltr'><strong>oar.</strong></span> <span class='ocrx_word' id='word_1_2' title='bbox 327 361 382 445; x_wconf 90' lang='lat'><strong>11.]</strong></span> <span class='ocrx_word' id='word_1_3' title='bbox 652 384 694 425; x_wconf 84' lang='lat' dir='ltr'><strong>ns</strong></span> <span class='ocrx_word' id='word_1_4' title='bbox 710 384 963 430; x_wconf 79' lang='lat' dir='ltr'><strong>acernunmsus.</strong></span> <span class='ocrx_word' id='word_1_5' title='bbox 1280 368 1343 430; x_wconf 81' lang='lat'><strong>325</strong></span> 
     </span>
    </p>
   </div>
   <div class='ocr_carea' id='block_1_2' title="bbox 236 544 1340 641">
    <p class='ocr_par' dir='ltr' id='par_1_2' title="bbox 236 544 1340 641">
     <span class='ocr_line' id='line_1_2' title="bbox 236 544 1340 641; baseline 0.005 -34"><span class='ocrx_word' id='word_1_6' title='bbox 236 544 405 608; x_wconf 86' lang='lat' dir='ltr'><strong>essentialis</strong></span> <span class='ocrx_word' id='word_1_7' title='bbox 428 545 605 641; x_wconf 73' lang='lat' dir='ltr'><strong>substantias</strong></span> <span class='ocrx_word' id='word_1_8' title='bbox 627 548 724 631; x_wconf 90' lang='lat' dir='ltr'><strong>ipsius</strong></span> <span class='ocrx_word' id='word_1_9' title='bbox 746 547 877 632; x_wconf 86' lang='lat' dir='ltr'><strong>agentis,</strong></span> <span class='ocrx_word' id='word_1_10' title='bbox 891 549 923 611; x_wconf 92' lang='lat' dir='ltr'><strong>in</strong></span> <span class='ocrx_word' id='word_1_11' title='bbox 940 557 1090 633; x_wconf 87' lang='lat' dir='ltr'><strong>quantum</strong></span> <span class='ocrx_word' id='word_1_12' title='bbox 1111 558 1197 614; x_wconf 85' lang='lat' dir='ltr'><strong>aetus</strong></span> <span class='ocrx_word' id='word_1_13' title='bbox 1220 551 1340 613; x_wconf 88' lang='lat' dir='ltr'><strong>essendi</strong></span> 
     </span>
    </p>
   </div>
   <div class='ocr_carea' id='block_1_3' title="bbox 179 655 1379 4432">
    <p class='ocr_par' dir='ltr' id='par_1_3' title="bbox 236 655 1342 1193">
     <span class='ocr_line' id='line_1_3' title="bbox 236 655 1342 739; baseline 0.006 -21"><span class='ocrx_word' id='word_1_14' title='bbox 236 655 335 739; x_wconf 88' lang='lat' dir='ltr'><strong>primo</strong></span> <span class='ocrx_word' id='word_1_15' title='bbox 350 657 531 722; x_wconf 87' lang='lat' dir='ltr'><strong>terminatus</strong></span> <span class='ocrx_word' id='word_1_16' title='bbox 546 658 585 722; x_wconf 86' lang='lat' dir='ltr'><strong>ad</strong></span> <span class='ocrx_word' id='word_1_17' title='bbox 602 660 768 723; x_wconf 91' lang='lat' dir='ltr'><strong>terminum</strong></span> <span class='ocrx_word' id='word_1_18' title='bbox 790 659 989 724; x_wconf 90' lang='lat' dir='ltr'><strong>intrinsecum</strong></span> <span class='ocrx_word' id='word_1_19' title='bbox 1013 660 1244 725; x_wconf 76' lang='lat' dir='ltr'><strong>substantialem</strong></span> <span class='ocrx_word' id='word_1_20' title='bbox 1267 662 1342 726; x_wconf 87' lang='lat' dir='ltr'><strong>dicit</strong></span> 
     </span>
     <span class='ocr_line' id='line_1_4' title="bbox 236 766 1337 859; baseline 0.006 -28"><span class='ocrx_word' id='word_1_21' title='bbox 236 766 298 831; x_wconf 85' lang='lat' dir='ltr'><strong>vim</strong></span> <span class='ocrx_word' id='word_1_22' title='bbox 318 769 451 833; x_wconf 89' lang='lat' dir='ltr'><strong>secundo</strong></span> <span class='ocrx_word' id='word_1_23' title='bbox 473 770 697 835; x_wconf 84' lang='lat' dir='ltr'><strong>terminatiram</strong></span> <span class='ocrx_word' id='word_1_24' title='bbox 717 772 765 835; x_wconf 90' lang='lat' dir='ltr'><strong>sui</strong></span> <span class='ocrx_word' id='word_1_25' title='bbox 780 771 820 835; x_wconf 92' lang='lat' dir='ltr'><strong>ad</strong></span> <span class='ocrx_word' id='word_1_26' title='bbox 835 771 980 835; x_wconf 91' lang='lat' dir='ltr'><strong>terminos</strong></span> <span class='ocrx_word' id='word_1_27' title='bbox 995 772 1179 837; x_wconf 83' lang='lat' dir='ltr'><strong>extrinsecos</strong></span> <span class='ocrx_word' id='word_1_28' title='bbox 1194 773 1252 837; x_wconf 85' lang='lat' dir='ltr'>sibi</span> <span class='ocrx_word' id='word_1_29' title='bbox 1267 796 1337 859; x_wconf 90' lang='lat' dir='ltr'><strong>pro-</strong></span> 
     </span>
     <span class='ocr_line' id='line_1_5' title="bbox 237 880 1339 970; baseline 0.005 -27"><span class='ocrx_word' id='word_1_30' title='bbox 237 880 435 963; x_wconf 84' lang='lat' dir='ltr'><strong>portionatoa,</strong></span> <span class='ocrx_word' id='word_1_31' title='bbox 460 905 514 946; x_wconf 90' lang='lat' dir='ltr'><strong>seu</strong></span> <span class='ocrx_word' id='word_1_32' title='bbox 535 883 702 967; x_wconf 88' lang='lat' dir='ltr'><strong>receptivas</strong></span> <span class='ocrx_word' id='word_1_33' title='bbox 724 882 782 963; x_wconf 87' lang='lat' dir='ltr'><strong>s&#39;ui,</strong></span> <span class='ocrx_word' id='word_1_34' title='bbox 807 883 943 947; x_wconf 87' lang='lat' dir='ltr'><strong>subhac</strong></span> <span class='ocrx_word' id='word_1_35' title='bbox 965 883 1028 950; x_wconf 86' lang='lat' dir='ltr'><strong>sola</strong></span> <span class='ocrx_word' id='word_1_36' title='bbox 1050 883 1234 965; x_wconf 87' lang='lat' dir='ltr'><strong>conditione,</strong></span> <span class='ocrx_word' id='word_1_37' title='bbox 1257 884 1339 970; x_wconf 93' lang='lat' dir='ltr'><strong>quod</strong></span> 
     </span>
     <span class='ocr_line' id='line_1_6' title="bbox 237 991 1339 1080; baseline 0.004 -25"><span class='ocrx_word' id='word_1_38' title='bbox 237 991 415 1077; x_wconf 87' lang='lat' dir='ltr'><strong>simpliciter</strong></span> <span class='ocrx_word' id='word_1_39' title='bbox 443 993 505 1058; x_wconf 89' lang='lat' dir='ltr'><strong>sint</strong></span> <span class='ocrx_word' id='word_1_40' title='bbox 534 994 616 1059; x_wconf 91' lang='lat' dir='ltr'><strong>intra</strong></span> <span class='ocrx_word' id='word_1_41' title='bbox 645 995 795 1080; x_wconf 78' lang='lat' dir='ltr'><strong>sphaeram</strong></span> <span class='ocrx_word' id='word_1_42' title='bbox 825 1018 887 1060; x_wconf 88' lang='lat' dir='ltr'><strong>suae</strong></span> <span class='ocrx_word' id='word_1_43' title='bbox 912 994 1084 1059; x_wconf 77' lang='lat' dir='ltr'><strong>activitatis.</strong></span> <span class='ocrx_word' id='word_1_44' title='bbox 1130 996 1221 1061; x_wconf 91' lang='lat' dir='ltr'><strong>Unde</strong></span> <span class='ocrx_word' id='word_1_45' title='bbox 1247 995 1339 1060; x_wconf 89' lang='lat' dir='ltr'><strong>etiam</strong></span> 
     </span>
     <span class='ocr_line' id='line_1_7' title="bbox 237 1104 1041 1193; baseline 0.006 -26"><span class='ocrx_word' id='word_1_46' title='bbox 237 1104 333 1168; x_wconf 89' lang='lat' dir='ltr'><strong>maior</strong></span> <span class='ocrx_word' id='word_1_47' title='bbox 347 1104 516 1192; x_wconf 77' lang='lat' dir='ltr'><strong>syllogismi</strong></span> <span class='ocrx_word' id='word_1_48' title='bbox 531 1106 642 1171; x_wconf 91' lang='lat' dir='ltr'><strong>obiecti</strong></span> <span class='ocrx_word' id='word_1_49' title='bbox 656 1116 758 1193; x_wconf 88' lang='lat' dir='ltr'><strong>posset</strong></span> <span class='ocrx_word' id='word_1_50' title='bbox 773 1107 913 1172; x_wconf 88' lang='lat' dir='ltr'><strong>absolute</strong></span> <span class='ocrx_word' id='word_1_51' title='bbox 927 1107 1041 1193; x_wconf 84' lang='lat' dir='ltr'><strong>negari.</strong></span> 
     </span>
    </p>

    <p class='ocr_par' dir='ltr' id='par_1_4' title="bbox 179 1202 1339 2543">
     <span class='ocr_line' id='line_1_8' title="bbox 279 1202 1339 1306; baseline 0.003 -25"><span class='ocrx_word' id='word_1_52' title='bbox 279 1202 380 1283; x_wconf 76' lang='lat' dir='ltr'><strong>Dices.</strong></span> <span class='ocrx_word' id='word_1_53' title='bbox 411 1218 512 1284; x_wconf 89' lang='lat' dir='ltr'><strong>Omne</strong></span> <span class='ocrx_word' id='word_1_54' title='bbox 532 1242 626 1304; x_wconf 86' lang='lat' dir='ltr'><strong>agens</strong></span> <span class='ocrx_word' id='word_1_55' title='bbox 648 1220 767 1304; x_wconf 84' lang='lat' dir='ltr'><strong>agendo</strong></span> <span class='ocrx_word' id='word_1_56' title='bbox 789 1220 957 1306; x_wconf 82' lang='lat' dir='ltr'><strong>repetitur:</strong></span> <span class='ocrx_word' id='word_1_57' title='bbox 980 1242 1053 1305; x_wconf 83' lang='lat' dir='ltr'><strong>ergo</strong></span> <span class='ocrx_word' id='word_1_58' title='bbox 1075 1242 1169 1305; x_wconf 84' lang='lat' dir='ltr'><strong>agens</strong></span> <span class='ocrx_word' id='word_1_59' title='bbox 1190 1227 1225 1285; x_wconf 93' lang='lat' dir='ltr'><strong>ut</strong></span> <span class='ocrx_word' id='word_1_60' title='bbox 1245 1243 1339 1306; x_wconf 83' lang='lat' dir='ltr'><strong>agens</strong></span> 
     </span>
     <span class='ocr_line' id='line_1_9' title="bbox 237 1330 720 1414; baseline 0.008 -22"><span class='ocrx_word' id='word_1_61' title='bbox 237 1337 375 1393; x_wconf 86' lang='lat' dir='ltr'><strong>mutatur</strong></span> <span class='ocrx_word' id='word_1_62' title='bbox 388 1352 442 1414; x_wconf 89' lang='lat' dir='ltr'><strong>per</strong></span> <span class='ocrx_word' id='word_1_63' title='bbox 457 1353 544 1395; x_wconf 92' lang='lat' dir='ltr'><strong>suam</strong></span> <span class='ocrx_word' id='word_1_64' title='bbox 559 1330 720 1397; x_wconf 79' lang='lat' dir='ltr'><strong>actionem.</strong></span> 
     </span>
     <span class='ocr_line' id='line_1_10' title="bbox 184 1440 1339 1535; baseline 0.004 -31"><span class='ocrx_word' id='word_1_65' title='bbox 184 1528 188 1535; x_wconf 23' lang='lat'><em>.</em></span> <span class='ocrx_word' id='word_1_66' title='bbox 279 1440 472 1526; x_wconf 82' lang='lat' dir='ltr'><strong>Respondeo,</strong></span> <span class='ocrx_word' id='word_1_67' title='bbox 488 1442 605 1507; x_wconf 84' lang='lat' dir='ltr'><strong>axioma</strong></span> <span class='ocrx_word' id='word_1_68' title='bbox 619 1442 707 1523; x_wconf 92' lang='lat' dir='ltr'><strong>illud,</strong></span> <span class='ocrx_word' id='word_1_69' title='bbox 719 1444 745 1508; x_wconf 91' lang='lat' dir='ltr'><strong>si</strong></span> <span class='ocrx_word' id='word_1_70' title='bbox 760 1454 900 1508; x_wconf 84' lang='lat' dir='ltr'><strong>sumatur</strong></span> <span class='ocrx_word' id='word_1_71' title='bbox 916 1443 953 1508; x_wconf 89' lang='lat' dir='ltr'><strong>de</strong></span> <span class='ocrx_word' id='word_1_72' title='bbox 968 1453 1078 1529; x_wconf 87' lang='lat' dir='ltr'><strong>agente</strong></span> <span class='ocrx_word' id='word_1_73' title='bbox 1092 1452 1129 1509; x_wconf 90' lang='lat' dir='ltr'><strong>ut</strong></span> <span class='ocrx_word' id='word_1_74' title='bbox 1144 1452 1264 1528; x_wconf 82' lang='lat' dir='ltr'><strong>agente,</strong></span> <span class='ocrx_word' id='word_1_75' title='bbox 1274 1466 1339 1509; x_wconf 91' lang='lat' dir='ltr'><strong>esse</strong></span> 
     </span>
     <span class='ocr_line' id='line_1_11' title="bbox 234 1551 1339 1640; baseline 0.005 -25"><span class='ocrx_word' id='word_1_76' title='bbox 234 1551 365 1633; x_wconf 86' lang='lat' dir='ltr'><strong>falsum;</strong></span> <span class='ocrx_word' id='word_1_77' title='bbox 388 1562 434 1617; x_wconf 88' lang='lat' dir='ltr'><strong>est</strong></span> <span class='ocrx_word' id='word_1_78' title='bbox 463 1563 565 1618; x_wconf 89' lang='lat' dir='ltr'><strong>antem</strong></span> <span class='ocrx_word' id='word_1_79' title='bbox 589 1578 694 1621; x_wconf 87' lang='lat' dir='ltr'><strong>verum</strong></span> <span class='ocrx_word' id='word_1_80' title='bbox 724 1556 750 1619; x_wconf 92' lang='lat' dir='ltr'><strong>si</strong></span> <span class='ocrx_word' id='word_1_81' title='bbox 779 1564 920 1620; x_wconf 87' lang='lat' dir='ltr'><strong>sumatur</strong></span> <span class='ocrx_word' id='word_1_82' title='bbox 945 1555 983 1619; x_wconf 91' lang='lat' dir='ltr'><strong>de</strong></span> <span class='ocrx_word' id='word_1_83' title='bbox 1005 1564 1115 1640; x_wconf 82' lang='lat' dir='ltr'><strong>agente</strong></span> <span class='ocrx_word' id='word_1_84' title='bbox 1145 1554 1339 1620; x_wconf 83' lang='lat' dir='ltr'><strong>materialiter</strong></span> 
     </span>
     <span class='ocr_line' id='line_1_12' title="bbox 179 1666 1338 1750; baseline 0.003 -22"><span class='ocrx_word' id='word_1_85' title='bbox 179 1738 183 1742; x_wconf 36' lang='lat'>‚</span> <span class='ocrx_word' id='word_1_86' title='bbox 235 1674 381 1749; x_wconf 88' lang='lat' dir='ltr'><strong>spectato,</strong></span> <span class='ocrx_word' id='word_1_87' title='bbox 406 1674 441 1729; x_wconf 93' lang='lat' dir='ltr'><strong>ut</strong></span> <span class='ocrx_word' id='word_1_88' title='bbox 467 1666 599 1730; x_wconf 82' lang='lat' dir='ltr'><strong>diximus</strong></span> <span class='ocrx_word' id='word_1_89' title='bbox 621 1666 740 1750; x_wconf 85' lang='lat' dir='ltr'><strong>agendo</strong></span> <span class='ocrx_word' id='word_1_90' title='bbox 764 1666 802 1730; x_wconf 91' lang='lat' dir='ltr'><strong>de</strong></span> <span class='ocrx_word' id='word_1_91' title='bbox 827 1667 984 1731; x_wconf 88' lang='lat' dir='ltr'><strong>intellectu</strong></span> <span class='ocrx_word' id='word_1_92' title='bbox 1005 1677 1036 1731; x_wconf 92' lang='lat' dir='ltr'><strong>et</strong></span> <span class='ocrx_word' id='word_1_93' title='bbox 1056 1666 1094 1731; x_wconf 87' lang='lat' dir='ltr'><strong>de</strong></span> <span class='ocrx_word' id='word_1_94' title='bbox 1110 1666 1283 1733; x_wconf 87' lang='lat' dir='ltr'><strong>voluntate:</strong></span> <span class='ocrx_word' id='word_1_95' title='bbox 1307 1676 1338 1731; x_wconf 93' lang='lat' dir='ltr'><strong>et</strong></span> 
     </span>
     <span class='ocr_line' id='line_1_13' title="bbox 235 1776 1336 1863; baseline 0.003 -24"><span class='ocrx_word' id='word_1_96' title='bbox 235 1776 316 1839; x_wconf 91' lang='lat' dir='ltr'><strong>idem</strong></span> <span class='ocrx_word' id='word_1_97' title='bbox 331 1776 441 1841; x_wconf 89' lang='lat' dir='ltr'><strong>accidit</strong></span> <span class='ocrx_word' id='word_1_98' title='bbox 455 1777 488 1840; x_wconf 92' lang='lat' dir='ltr'><strong>in</strong></span> <span class='ocrx_word' id='word_1_99' title='bbox 508 1776 679 1842; x_wconf 89' lang='lat' dir='ltr'><strong>substantia</strong></span> <span class='ocrx_word' id='word_1_100' title='bbox 699 1777 858 1857; x_wconf 84' lang='lat' dir='ltr'><strong>materiali,</strong></span> <span class='ocrx_word' id='word_1_101' title='bbox 882 1786 917 1841; x_wconf 92' lang='lat' dir='ltr'><strong>ut</strong></span> <span class='ocrx_word' id='word_1_102' title='bbox 940 1777 1013 1841; x_wconf 88' lang='lat' dir='ltr'><strong>alibi</strong></span> <span class='ocrx_word' id='word_1_103' title='bbox 1036 1778 1128 1843; x_wconf 89' lang='lat' dir='ltr'><strong>etiam</strong></span> <span class='ocrx_word' id='word_1_104' title='bbox 1153 1778 1336 1863; x_wconf 85' lang='lat' dir='ltr'><strong>explicatum</strong></span> 
     </span>
     <span class='ocr_line' id='line_1_14' title="bbox 233 1886 1338 1974; baseline 0.004 -25"><span class='ocrx_word' id='word_1_105' title='bbox 233 1886 303 1951; x_wconf 86' lang='lat' dir='ltr'><strong>fuit.</strong></span> <span class='ocrx_word' id='word_1_106' title='bbox 349 1888 494 1972; x_wconf 87' lang='lat' dir='ltr'><strong>Superest</strong></span> <span class='ocrx_word' id='word_1_107' title='bbox 516 1889 567 1952; x_wconf 89' lang='lat' dir='ltr'><strong>hic</strong></span> <span class='ocrx_word' id='word_1_108' title='bbox 586 1888 768 1968; x_wconf 89' lang='lat' dir='ltr'><strong>notandum,</strong></span> <span class='ocrx_word' id='word_1_109' title='bbox 792 1888 876 1973; x_wconf 92' lang='lat' dir='ltr'><strong>quod</strong></span> <span class='ocrx_word' id='word_1_110' title='bbox 899 1899 1028 1953; x_wconf 86' lang='lat' dir='ltr'><strong>nonest</strong></span> <span class='ocrx_word' id='word_1_111' title='bbox 1050 1910 1173 1953; x_wconf 88' lang='lat' dir='ltr'><strong>necesse</strong></span> <span class='ocrx_word' id='word_1_112' title='bbox 1193 1898 1228 1953; x_wconf 93' lang='lat' dir='ltr'><strong>ut</strong></span> <span class='ocrx_word' id='word_1_113' title='bbox 1243 1912 1338 1974; x_wconf 87' lang='lat' dir='ltr'><strong>agens</strong></span> 
     </span>
     <span class='ocr_line' id='line_1_15' title="bbox 234 2000 1335 2086; baseline 0.003 -23"><span class='ocrx_word' id='word_1_114' title='bbox 234 2009 355 2064; x_wconf 91' lang='lat' dir='ltr'><strong>tantum</strong></span> <span class='ocrx_word' id='word_1_115' title='bbox 385 2001 552 2085; x_wconf 86' lang='lat' dir='ltr'><strong>repatiatur</strong></span> <span class='ocrx_word' id='word_1_116' title='bbox 583 2009 734 2084; x_wconf 90' lang='lat' dir='ltr'><strong>quantum</strong></span> <span class='ocrx_word' id='word_1_117' title='bbox 764 2002 839 2085; x_wconf 85' lang='lat' dir='ltr'><strong>agit.</strong></span> <span class='ocrx_word' id='word_1_118' title='bbox 894 2000 1000 2077; x_wconf 81' lang='lat' dir='ltr'><strong>Quum</strong></span> <span class='ocrx_word' id='word_1_119' title='bbox 1029 2002 1110 2065; x_wconf 91' lang='lat' dir='ltr'><strong>enim</strong></span> <span class='ocrx_word' id='word_1_120' title='bbox 1141 2003 1275 2086; x_wconf 89' lang='lat' dir='ltr'><strong>repassio</strong></span> <span class='ocrx_word' id='word_1_121' title='bbox 1304 2003 1335 2066; x_wconf 92' lang='lat' dir='ltr'><strong>in</strong></span> 
     </span>
     <span class='ocr_line' id='line_1_16' title="bbox 234 2113 1335 2198; baseline 0.003 -22"><span class='ocrx_word' id='word_1_122' title='bbox 234 2121 344 2197; x_wconf 84' lang='lat' dir='ltr'><strong>agente</strong></span> <span class='ocrx_word' id='word_1_123' title='bbox 358 2136 419 2177; x_wconf 91' lang='lat' dir='ltr'><strong>uon</strong></span> <span class='ocrx_word' id='word_1_124' title='bbox 436 2113 476 2177; x_wconf 91' lang='lat' dir='ltr'><strong>sit</strong></span> <span class='ocrx_word' id='word_1_125' title='bbox 490 2114 615 2178; x_wconf 86' lang='lat' dir='ltr'><strong>effectus</strong></span> <span class='ocrx_word' id='word_1_126' title='bbox 634 2114 762 2178; x_wconf 87' lang='lat' dir='ltr'><strong>actionis</strong></span> <span class='ocrx_word' id='word_1_127' title='bbox 787 2114 894 2198; x_wconf 91' lang='lat' dir='ltr'><strong>ipsius,</strong></span> <span class='ocrx_word' id='word_1_128' title='bbox 920 2113 973 2177; x_wconf 91' lang='lat' dir='ltr'><strong>sed</strong></span> <span class='ocrx_word' id='word_1_129' title='bbox 998 2113 1122 2179; x_wconf 88' lang='lat' dir='ltr'><strong>alterius</strong></span> <span class='ocrx_word' id='word_1_130' title='bbox 1145 2115 1274 2179; x_wconf 86' lang='lat' dir='ltr'><strong>aetionis</strong></span> <span class='ocrx_word' id='word_1_131' title='bbox 1297 2115 1335 2179; x_wconf 92' lang='lat' dir='ltr'><strong>ab</strong></span> 
     </span>
     <span class='ocr_line' id='line_1_17' title="bbox 232 2224 1335 2311; baseline 0.004 -24"><span class='ocrx_word' id='word_1_132' title='bbox 232 2233 316 2289; x_wconf 85' lang='lat' dir='ltr'><strong>extra</strong></span> <span class='ocrx_word' id='word_1_133' title='bbox 330 2225 487 2290; x_wconf 86' lang='lat' dir='ltr'><strong>afficientis</strong></span> <span class='ocrx_word' id='word_1_134' title='bbox 501 2224 707 2309; x_wconf 86' lang='lat' dir='ltr'><strong>passivitatem</strong></span> <span class='ocrx_word' id='word_1_135' title='bbox 728 2225 858 2309; x_wconf 83' lang='lat' dir='ltr'><strong>agentis,</strong></span> <span class='ocrx_word' id='word_1_136' title='bbox 880 2225 970 2290; x_wconf 88' lang='lat' dir='ltr'><strong>debet</strong></span> <span class='ocrx_word' id='word_1_137' title='bbox 991 2226 1091 2309; x_wconf 86' lang='lat' dir='ltr'><strong>passio</strong></span> <span class='ocrx_word' id='word_1_138' title='bbox 1114 2228 1335 2311; x_wconf 88' lang='lat' dir='ltr'><strong>proportionari</strong></span> 
     </span>
     <span class='ocr_line' id='line_1_18' title="bbox 232 2336 1334 2424; baseline 0.004 -25"><span class='ocrx_word' id='word_1_139' title='bbox 232 2336 402 2401; x_wconf 89' lang='lat' dir='ltr'><strong>intensitati</strong></span> <span class='ocrx_word' id='word_1_140' title='bbox 416 2337 544 2401; x_wconf 89' lang='lat' dir='ltr'><strong>actionis</strong></span> <span class='ocrx_word' id='word_1_141' title='bbox 558 2345 699 2417; x_wconf 68' lang='lat' dir='ltr'><strong>exmrnae,</strong></span> <span class='ocrx_word' id='word_1_142' title='bbox 714 2360 776 2402; x_wconf 91' lang='lat' dir='ltr'><strong>uon</strong></span> <span class='ocrx_word' id='word_1_143' title='bbox 792 2336 963 2402; x_wconf 89' lang='lat' dir='ltr'><strong>inteuaitati</strong></span> <span class='ocrx_word' id='word_1_144' title='bbox 984 2338 1112 2402; x_wconf 90' lang='lat' dir='ltr'><strong>actionis</strong></span> <span class='ocrx_word' id='word_1_145' title='bbox 1127 2361 1189 2423; x_wconf 92' lang='lat' dir='ltr'><strong>qua</strong></span> <span class='ocrx_word' id='word_1_146' title='bbox 1204 2340 1268 2424; x_wconf 81' lang='lat' dir='ltr'><strong>agit</strong></span> <span class='ocrx_word' id='word_1_147' title='bbox 1283 2339 1334 2404; x_wconf 92' lang='lat' dir='ltr'><strong>ille</strong></span> 
     </span>
     <span class='ocr_line' id='line_1_19' title="bbox 233 2449 1225 2543; baseline 0.002 -29"><span class='ocrx_word' id='word_1_148' title='bbox 233 2449 286 2535; x_wconf 91' lang='lat' dir='ltr'><strong>qui</strong></span> <span class='ocrx_word' id='word_1_149' title='bbox 300 2449 459 2534; x_wconf 90' lang='lat' dir='ltr'><strong>repatitur.</strong></span> <span class='ocrx_word' id='word_1_150' title='bbox 1218 2533 1225 2543; x_wconf 35' lang='lat'>¹</span> 
     </span>
    </p>

    <p class='ocr_par' dir='ltr' id='par_1_5' title="bbox 225 2560 1334 3876">
     <span class='ocr_line' id='line_1_20' title="bbox 273 2560 1334 2646; baseline 0.003 -21"><span class='ocrx_word' id='word_1_151' title='bbox 273 2564 327 2626; x_wconf 76' lang='lat'><strong>34.</strong></span> <span class='ocrx_word' id='word_1_152' title='bbox 349 2563 396 2625; x_wconf 83' lang='lat' dir='ltr'>le</span> <span class='ocrx_word' id='word_1_153' title='bbox 410 2561 564 2645; x_wconf 87' lang='lat' dir='ltr'><strong>praedictis</strong></span> <span class='ocrx_word' id='word_1_154' title='bbox 578 2560 825 2626; x_wconf 91' lang='lat' dir='ltr'><strong>concludendum</strong></span> <span class='ocrx_word' id='word_1_155' title='bbox 839 2568 886 2625; x_wconf 95' lang='lat' dir='ltr'><strong>est</strong></span> <span class='ocrx_word' id='word_1_156' title='bbox 903 2564 936 2625; x_wconf 81' lang='lat'><strong>1⁰</strong></span> <span class='ocrx_word' id='word_1_157' title='bbox 945 2561 1094 2626; x_wconf 86' lang='lat' dir='ltr'><strong>actionem</strong></span> <span class='ocrx_word' id='word_1_158' title='bbox 1111 2561 1231 2626; x_wconf 85' lang='lat' dir='ltr'><strong>definiri</strong></span> <span class='ocrx_word' id='word_1_159' title='bbox 1245 2584 1334 2646; x_wconf 89' lang='lat' dir='ltr'><strong>posse</strong></span> 
     </span>
     <span class='ocr_line' id='line_1_21' title="bbox 229 2673 1333 2757; baseline 0 -20"><span class='ocrx_word' id='word_1_160' title='bbox 229 2675 291 2738; x_wconf 89' lang='lat' dir='ltr'><strong>sive</strong></span> <span class='ocrx_word' id='word_1_161' title='bbox 314 2676 471 2737; x_wconf 80' lang='lat' dir='ltr'><strong>transitum</strong></span> <span class='ocrx_word' id='word_1_162' title='bbox 489 2675 631 2756; x_wconf 81' lang='lat' dir='ltr'><strong>potentie</strong></span> <span class='ocrx_word' id='word_1_163' title='bbox 653 2676 755 2737; x_wconf 76' lang='lat' dir='ltr'><strong>active</strong></span> <span class='ocrx_word' id='word_1_164' title='bbox 777 2674 812 2736; x_wconf 86' lang='lat' dir='ltr'><strong>de</strong></span> <span class='ocrx_word' id='word_1_165' title='bbox 836 2681 903 2737; x_wconf 81' lang='lat' dir='ltr'><strong>ectu</strong></span> <span class='ocrx_word' id='word_1_166' title='bbox 919 2673 1019 2757; x_wconf 70' lang='lat' dir='ltr'><strong>ptimo</strong></span> <span class='ocrx_word' id='word_1_167' title='bbox 1038 2673 1079 2737; x_wconf 88' lang='lat' dir='ltr'><strong>od</strong></span> <span class='ocrx_word' id='word_1_168' title='bbox 1090 2675 1254 2753; x_wconf 84' lang='lat' dir='ltr'><strong>secundnm,</strong></span> <span class='ocrx_word' id='word_1_169' title='bbox 1271 2674 1333 2740; x_wconf 85' lang='lat' dir='ltr'><strong>sive</strong></span> 
     </span>
     <span class='ocr_line' id='line_1_22' title="bbox 231 2784 1330 2869; baseline 0.002 -21"><span class='ocrx_word' id='word_1_170' title='bbox 231 2787 461 2848; x_wconf 79' lang='lat' dir='ltr'><strong>terminationem</strong></span> <span class='ocrx_word' id='word_1_171' title='bbox 482 2793 566 2848; x_wconf 80' lang='lat' dir='ltr'><strong>actua</strong></span> <span class='ocrx_word' id='word_1_172' title='bbox 587 2784 789 2848; x_wconf 82' lang='lat' dir='ltr'><strong>snbatantialis</strong></span> <span class='ocrx_word' id='word_1_173' title='bbox 811 2784 852 2848; x_wconf 86' lang='lat' dir='ltr'><strong>ad</strong></span> <span class='ocrx_word' id='word_1_174' title='bbox 869 2786 1022 2848; x_wconf 82' lang='lat' dir='ltr'><strong>terminum</strong></span> <span class='ocrx_word' id='word_1_175' title='bbox 1038 2786 1096 2848; x_wconf 80' lang='lat' dir='ltr'><strong>sibi</strong></span> <span class='ocrx_word' id='word_1_176' title='bbox 1110 2787 1330 2869; x_wconf 61' lang='lat' dir='ltr'><strong>continuantem,</strong></span> 
     </span>
     <span class='ocr_line' id='line_1_23' title="bbox 230 2895 1331 2980; baseline 0.003 -21"><span class='ocrx_word' id='word_1_177' title='bbox 230 2896 292 2960; x_wconf 87' lang='lat' dir='ltr'><strong>sive</strong></span> <span class='ocrx_word' id='word_1_178' title='bbox 314 2895 491 2980; x_wconf 88' lang='lat' dir='ltr'><strong>simpliciter</strong></span> <span class='ocrx_word' id='word_1_179' title='bbox 512 2897 743 2960; x_wconf 82' lang='lat' dir='ltr'><strong>terminationem</strong></span> <span class='ocrx_word' id='word_1_180' title='bbox 771 2898 984 2980; x_wconf 76' lang='lat' dir='ltr'><strong>conttnpentem</strong></span> <span class='ocrx_word' id='word_1_181' title='bbox 1012 2904 1095 2961; x_wconf 81' lang='lat' dir='ltr'><strong>actua</strong></span> <span class='ocrx_word' id='word_1_182' title='bbox 1119 2899 1331 2978; x_wconf 80' lang='lat' dir='ltr'><strong>substantialia,</strong></span> 
     </span>
     <span class='ocr_line' id='line_1_24' title="bbox 230 3006 1330 3093; baseline 0.001 -22"><span class='ocrx_word' id='word_1_183' title='bbox 230 3009 291 3072; x_wconf 90' lang='lat' dir='ltr'><strong>sive</strong></span> <span class='ocrx_word' id='word_1_184' title='bbox 305 3008 408 3087; x_wconf 87' lang='lat' dir='ltr'><strong>etiam,</strong></span> <span class='ocrx_word' id='word_1_185' title='bbox 423 3016 460 3072; x_wconf 92' lang='lat' dir='ltr'><strong>ut</strong></span> <span class='ocrx_word' id='word_1_186' title='bbox 473 3006 610 3093; x_wconf 91' lang='lat' dir='ltr'><strong>loquitur</strong></span> <span class='ocrx_word' id='word_1_187' title='bbox 626 3006 656 3070; x_wconf 80' lang='lat' dir='ltr'><strong>S.</strong></span> <span class='ocrx_word' id='word_1_188' title='bbox 674 3007 806 3071; x_wconf 83' lang='lat' dir='ltr'><strong>Thomas</strong></span> <span class='ocrx_word' id='word_1_189' title='bbox 824 3007 866 3089; x_wconf 80' lang='lat'><strong>(2.</strong></span> <span class='ocrx_word' id='word_1_190' title='bbox 883 3006 921 3070; x_wconf 91' lang='lat' dir='ltr'><strong>de</strong></span> <span class='ocrx_word' id='word_1_191' title='bbox 937 3015 1052 3090; x_wconf 89' lang='lat' dir='ltr'><strong>potent.</strong></span> <span class='ocrx_word' id='word_1_192' title='bbox 1069 3030 1096 3071; x_wconf 90' lang='lat' dir='ltr'><strong>a.</strong></span> <span class='ocrx_word' id='word_1_193' title='bbox 1114 3009 1158 3092; x_wconf 84' lang='lat'><strong>1),</strong></span> <span class='ocrx_word' id='word_1_194' title='bbox 1175 3009 1330 3072; x_wconf 85' lang='lat' dir='ltr'><strong>eommuni-</strong></span> 
     </span>
     <span class='ocr_line' id='line_1_25' title="bbox 228 3119 1331 3204; baseline -0.001 -19"><span class='ocrx_word' id='word_1_195' title='bbox 228 3123 369 3186; x_wconf 85' lang='lat' dir='ltr'><strong>cationem</strong></span> <span class='ocrx_word' id='word_1_196' title='bbox 397 3121 486 3198; x_wconf 79' lang='lat' dir='ltr'><strong>illius,</strong></span> <span class='ocrx_word' id='word_1_197' title='bbox 510 3143 569 3204; x_wconf 84' lang='lat' dir='ltr'><strong>per</strong></span> <span class='ocrx_word' id='word_1_198' title='bbox 597 3120 677 3203; x_wconf 82' lang='lat' dir='ltr'><strong>qnod</strong></span> <span class='ocrx_word' id='word_1_199' title='bbox 702 3141 791 3204; x_wconf 68' lang='lat' dir='ltr'><strong>upana</strong></span> <span class='ocrx_word' id='word_1_200' title='bbox 814 3126 858 3183; x_wconf 83' lang='lat' dir='ltr'><strong>est</strong></span> <span class='ocrx_word' id='word_1_201' title='bbox 883 3121 915 3182; x_wconf 80' lang='lat' dir='ltr'><strong>in</strong></span> <span class='ocrx_word' id='word_1_202' title='bbox 940 3127 1026 3183; x_wconf 82' lang='lat' dir='ltr'><strong>actu:</strong></span> <span class='ocrx_word' id='word_1_203' title='bbox 1050 3119 1104 3183; x_wconf 88' lang='lat' dir='ltr'><strong>sed</strong></span> <span class='ocrx_word' id='word_1_204' title='bbox 1129 3119 1193 3184; x_wconf 75' lang='lat' dir='ltr'><strong>haec</strong></span> <span class='ocrx_word' id='word_1_205' title='bbox 1222 3120 1331 3185; x_wconf 92' lang='lat' dir='ltr'><strong>ultima</strong></span> 
     </span>
     <span class='ocr_line' id='line_1_26' title="bbox 228 3229 1331 3317; baseline -0.001 -19"><span class='ocrx_word' id='word_1_206' title='bbox 228 3233 369 3298; x_wconf 89' lang='lat' dir='ltr'><strong>convenit</strong></span> <span class='ocrx_word' id='word_1_207' title='bbox 383 3232 496 3298; x_wconf 93' lang='lat' dir='ltr'><strong>actioni</strong></span> <span class='ocrx_word' id='word_1_208' title='bbox 510 3232 610 3297; x_wconf 93' lang='lat' dir='ltr'><strong>solum</strong></span> <span class='ocrx_word' id='word_1_209' title='bbox 625 3231 814 3295; x_wconf 88' lang='lat' dir='ltr'><strong>transeunti:</strong></span> <span class='ocrx_word' id='word_1_210' title='bbox 837 3233 872 3294; x_wconf 80' lang='lat'><strong>2⁰</strong></span> <span class='ocrx_word' id='word_1_211' title='bbox 887 3229 1037 3295; x_wconf 82' lang='lat' dir='ltr'><strong>actionem</strong></span> <span class='ocrx_word' id='word_1_212' title='bbox 1053 3253 1118 3295; x_wconf 89' lang='lat' dir='ltr'><strong>esse</strong></span> <span class='ocrx_word' id='word_1_213' title='bbox 1132 3231 1165 3295; x_wconf 93' lang='lat' dir='ltr'><strong>id</strong></span> <span class='ocrx_word' id='word_1_214' title='bbox 1179 3254 1234 3317; x_wconf 89' lang='lat' dir='ltr'><strong>per</strong></span> <span class='ocrx_word' id='word_1_215' title='bbox 1247 3233 1331 3317; x_wconf 92' lang='lat' dir='ltr'><strong>quod</strong></span> 
     </span>
     <span class='ocr_line' id='line_1_27' title="bbox 227 3343 1330 3429; baseline 0.001 -20"><span class='ocrx_word' id='word_1_216' title='bbox 227 3368 322 3429; x_wconf 87' lang='lat' dir='ltr'><strong>agens</strong></span> <span class='ocrx_word' id='word_1_217' title='bbox 333 3353 368 3408; x_wconf 92' lang='lat' dir='ltr'><strong>ut</strong></span> <span class='ocrx_word' id='word_1_218' title='bbox 379 3367 474 3428; x_wconf 82' lang='lat' dir='ltr'><strong>agens</strong></span> <span class='ocrx_word' id='word_1_219' title='bbox 485 3344 524 3409; x_wconf 92' lang='lat' dir='ltr'><strong>ad</strong></span> <span class='ocrx_word' id='word_1_220' title='bbox 538 3344 704 3428; x_wconf 91' lang='lat' dir='ltr'><strong>patientem</strong></span> <span class='ocrx_word' id='word_1_221' title='bbox 719 3343 867 3407; x_wconf 86' lang='lat' dir='ltr'><strong>refertur:</strong></span> <span class='ocrx_word' id='word_1_222' title='bbox 891 3344 925 3406; x_wconf 85' lang='lat'><strong>3⁰</strong></span> <span class='ocrx_word' id='word_1_223' title='bbox 934 3351 1163 3428; x_wconf 87' lang='lat' dir='ltr'><strong>consequenter,</strong></span> <span class='ocrx_word' id='word_1_224' title='bbox 1179 3345 1330 3410; x_wconf 89' lang='lat' dir='ltr'><strong>actionem</strong></span> 
     </span>
     <span class='ocr_line' id='line_1_28' title="bbox 227 3454 1329 3542; baseline 0 -21"><span class='ocrx_word' id='word_1_225' title='bbox 227 3481 292 3521; x_wconf 90' lang='lat' dir='ltr'><strong>esse</strong></span> <span class='ocrx_word' id='word_1_226' title='bbox 306 3456 543 3520; x_wconf 86' lang='lat' dir='ltr'><strong>fundamentum</strong></span> <span class='ocrx_word' id='word_1_227' title='bbox 558 3454 713 3519; x_wconf 87' lang='lat' dir='ltr'><strong>relationis</strong></span> <span class='ocrx_word' id='word_1_228' title='bbox 727 3454 808 3519; x_wconf 90' lang='lat' dir='ltr'><strong>iuter</strong></span> <span class='ocrx_word' id='word_1_229' title='bbox 818 3463 960 3539; x_wconf 86' lang='lat' dir='ltr'><strong>agentem</strong></span> <span class='ocrx_word' id='word_1_230' title='bbox 973 3463 1008 3518; x_wconf 92' lang='lat' dir='ltr'><strong>ut</strong></span> <span class='ocrx_word' id='word_1_231' title='bbox 1020 3465 1161 3539; x_wconf 87' lang='lat' dir='ltr'><strong>agentem</strong></span> <span class='ocrx_word' id='word_1_232' title='bbox 1171 3466 1202 3520; x_wconf 92' lang='lat' dir='ltr'><strong>et</strong></span> <span class='ocrx_word' id='word_1_233' title='bbox 1211 3458 1329 3542; x_wconf 87' lang='lat' dir='ltr'><strong>patien—</strong></span> 
     </span>
     <span class='ocr_line' id='line_1_29' title="bbox 225 3560 1330 3654; baseline 0.001 -21"><span class='ocrx_word' id='word_1_234' title='bbox 225 3580 287 3634; x_wconf 91' lang='lat' dir='ltr'><strong>tem</strong></span> <span class='ocrx_word' id='word_1_235' title='bbox 311 3577 347 3633; x_wconf 90' lang='lat' dir='ltr'><strong>ut</strong></span> <span class='ocrx_word' id='word_1_236' title='bbox 367 3560 554 3654; x_wconf 81' lang='lat' dir='ltr'><strong>patientem3</strong></span> <span class='ocrx_word' id='word_1_237' title='bbox 577 3591 649 3631; x_wconf 91' lang='lat' dir='ltr'><strong>nam</strong></span> <span class='ocrx_word' id='word_1_238' title='bbox 673 3568 726 3632; x_wconf 90' lang='lat' dir='ltr'><strong>dat</strong></span> <span class='ocrx_word' id='word_1_239' title='bbox 747 3565 869 3631; x_wconf 92' lang='lat' dir='ltr'><strong>duobus</strong></span> <span class='ocrx_word' id='word_1_240' title='bbox 891 3566 1014 3632; x_wconf 89' lang='lat' dir='ltr'><strong>entibus</strong></span> <span class='ocrx_word' id='word_1_241' title='bbox 1043 3566 1190 3633; x_wconf 87' lang='lat' dir='ltr'><strong>absolutis</strong></span> <span class='ocrx_word' id='word_1_242' title='bbox 1219 3568 1330 3634; x_wconf 90' lang='lat' dir='ltr'><strong>habere</strong></span> 
     </span>
     <span class='ocr_line' id='line_1_30' title="bbox 225 3678 1330 3764; baseline 0.001 -20"><span class='ocrx_word' id='word_1_243' title='bbox 225 3680 383 3745; x_wconf 79' lang='lat' dir='ltr'><strong>formalem</strong></span> <span class='ocrx_word' id='word_1_244' title='bbox 416 3679 696 3745; x_wconf 87' lang='lat' dir='ltr'><strong>denominationem</strong></span> <span class='ocrx_word' id='word_1_245' title='bbox 726 3678 846 3763; x_wconf 83' lang='lat' dir='ltr'><strong>agentis</strong></span> <span class='ocrx_word' id='word_1_246' title='bbox 867 3686 899 3741; x_wconf 93' lang='lat' dir='ltr'><strong>et</strong></span> <span class='ocrx_word' id='word_1_247' title='bbox 921 3678 1075 3762; x_wconf 89' lang='lat' dir='ltr'><strong>patientis,</strong></span> <span class='ocrx_word' id='word_1_248' title='bbox 1098 3702 1267 3764; x_wconf 89' lang='lat' dir='ltr'><strong>perquam</strong></span> <span class='ocrx_word' id='word_1_249' title='bbox 1293 3704 1330 3746; x_wconf 90' lang='lat' dir='ltr'><strong>ea</strong></span> 
     </span>
     <span class='ocr_line' id='line_1_31' title="bbox 226 3788 1313 3876; baseline 0.002 -22"><span class='ocrx_word' id='word_1_250' title='bbox 226 3791 365 3854; x_wconf 90' lang='lat' dir='ltr'><strong>absoluta</strong></span> <span class='ocrx_word' id='word_1_251' title='bbox 380 3791 545 3855; x_wconf 89' lang='lat' dir='ltr'><strong>trahuntur</strong></span> <span class='ocrx_word' id='word_1_252' title='bbox 559 3790 598 3855; x_wconf 93' lang='lat' dir='ltr'><strong>ad</strong></span> <span class='ocrx_word' id='word_1_253' title='bbox 613 3798 728 3854; x_wconf 89' lang='lat' dir='ltr'><strong>statum</strong></span> <span class='ocrx_word' id='word_1_254' title='bbox 743 3788 921 3853; x_wconf 88' lang='lat' dir='ltr'><strong>relativum:</strong></span> <span class='ocrx_word' id='word_1_255' title='bbox 945 3789 983 3852; x_wconf 89' lang='lat' dir='ltr'><strong>de</strong></span> <span class='ocrx_word' id='word_1_256' title='bbox 998 3812 1059 3875; x_wconf 93' lang='lat' dir='ltr'><strong>qua</strong></span> <span class='ocrx_word' id='word_1_257' title='bbox 1074 3813 1105 3854; x_wconf 90' lang='lat' dir='ltr'><strong>re</strong></span> <span class='ocrx_word' id='word_1_258' title='bbox 1120 3791 1209 3876; x_wconf 89' lang='lat' dir='ltr'><strong>plura</strong></span> <span class='ocrx_word' id='word_1_259' title='bbox 1222 3793 1313 3857; x_wconf 83' lang='lat' dir='ltr'><strong>infra.</strong></span> 
     </span>
    </p>

    <p class='ocr_par' dir='ltr' id='par_1_6' title="bbox 225 3900 1379 4432">
     <span class='ocr_line' id='line_1_32' title="bbox 270 3900 1331 3987; baseline 0.001 -20"><span class='ocrx_word' id='word_1_260' title='bbox 270 3903 331 3968; x_wconf 93' lang='lat' dir='ltr'><strong>Hic</strong></span> <span class='ocrx_word' id='word_1_261' title='bbox 346 3912 516 3986; x_wconf 87' lang='lat' dir='ltr'><strong>superesset</strong></span> <span class='ocrx_word' id='word_1_262' title='bbox 530 3901 728 3987; x_wconf 87' lang='lat' dir='ltr'><strong>quaerendum</strong></span> <span class='ocrx_word' id='word_1_263' title='bbox 743 3900 896 3987; x_wconf 89' lang='lat' dir='ltr'><strong>quomodo</strong></span> <span class='ocrx_word' id='word_1_264' title='bbox 911 3901 1045 3966; x_wconf 89' lang='lat' dir='ltr'><strong>actiones</strong></span> <span class='ocrx_word' id='word_1_265' title='bbox 1061 3902 1158 3987; x_wconf 88' lang='lat' dir='ltr'><strong>specie</strong></span> <span class='ocrx_word' id='word_1_266' title='bbox 1176 3903 1331 3986; x_wconf 85' lang='lat' dir='ltr'><strong>differant,</strong></span> 
     </span>
     <span class='ocr_line' id='line_1_33' title="bbox 225 4011 1379 4098; baseline 0.002 -20"><span class='ocrx_word' id='word_1_267' title='bbox 225 4025 330 4078; x_wconf 88' lang='lat' dir='ltr'><strong>utrum</strong></span> <span class='ocrx_word' id='word_1_268' title='bbox 353 4015 469 4078; x_wconf 87' lang='lat' dir='ltr'><strong>ratione</strong></span> <span class='ocrx_word' id='word_1_269' title='bbox 493 4013 638 4097; x_wconf 88' lang='lat' dir='ltr'><strong>potentiae</strong></span> <span class='ocrx_word' id='word_1_270' title='bbox 667 4012 781 4090; x_wconf 81' lang='lat' dir='ltr'><strong>activae,</strong></span> <span class='ocrx_word' id='word_1_271' title='bbox 806 4034 845 4074; x_wconf 91' lang='lat' dir='ltr'><strong>an</strong></span> <span class='ocrx_word' id='word_1_272' title='bbox 867 4011 984 4075; x_wconf 88' lang='lat' dir='ltr'><strong>ratione</strong></span> <span class='ocrx_word' id='word_1_273' title='bbox 1006 4013 1140 4090; x_wconf 87' lang='lat' dir='ltr'><strong>termini,</strong></span> <span class='ocrx_word' id='word_1_274' title='bbox 1163 4035 1203 4076; x_wconf 88' lang='lat' dir='ltr'><strong>an</strong></span> <span class='ocrx_word' id='word_1_275' title='bbox 1225 4016 1328 4098; x_wconf 90' lang='lat' dir='ltr'><strong>potius</strong></span> <span class='ocrx_word' id='word_1_276' title='bbox 1371 4023 1379 4035; x_wconf 88' lang='grc'><strong>’</strong></span> 
     </span>
     <span class='ocr_line' id='line_1_34' title="bbox 225 4123 1327 4210; baseline 0 -20"><span class='ocrx_word' id='word_1_277' title='bbox 225 4127 342 4191; x_wconf 89' lang='lat' dir='ltr'><strong>ratione</strong></span> <span class='ocrx_word' id='word_1_278' title='bbox 371 4127 542 4210; x_wconf 89' lang='lat' dir='ltr'><strong>utriusque.</strong></span> <span class='ocrx_word' id='word_1_279' title='bbox 588 4123 649 4188; x_wconf 84' lang='lat' dir='ltr'><strong>Sed</strong></span> <span class='ocrx_word' id='word_1_280' title='bbox 671 4123 828 4187; x_wconf 87' lang='lat' dir='ltr'><strong>brevitatis</strong></span> <span class='ocrx_word' id='word_1_281' title='bbox 852 4145 943 4187; x_wconf 88' lang='lat' dir='ltr'><strong>causa</strong></span> <span class='ocrx_word' id='word_1_282' title='bbox 973 4123 1113 4187; x_wconf 89' lang='lat' dir='ltr'><strong>omittam</strong></span> <span class='ocrx_word' id='word_1_283' title='bbox 1143 4123 1222 4188; x_wconf 89' lang='lat' dir='ltr'><strong>hanc</strong></span> <span class='ocrx_word' id='word_1_284' title='bbox 1244 4148 1327 4210; x_wconf 87' lang='lat' dir='ltr'><strong>quae·</strong></span> 
     </span>
     <span class='ocr_line' id='line_1_35' title="bbox 227 4234 1326 4323; baseline 0.002 -22"><span class='ocrx_word' id='word_1_285' title='bbox 227 4239 367 4318; x_wconf 83' lang='lat' dir='ltr'><strong>ationem,</strong></span> <span class='ocrx_word' id='word_1_286' title='bbox 391 4261 446 4323; x_wconf 88' lang='lat' dir='ltr'><strong>pro</strong></span> <span class='ocrx_word' id='word_1_287' title='bbox 470 4259 531 4322; x_wconf 89' lang='lat' dir='ltr'><strong>qua</strong></span> <span class='ocrx_word' id='word_1_288' title='bbox 545 4235 614 4300; x_wconf 90' lang='lat' dir='ltr'><strong>vide</strong></span> <span class='ocrx_word' id='word_1_289' title='bbox 638 4236 748 4300; x_wconf 82' lang='lat' dir='ltr'><strong>Suaren</strong></span> <span class='ocrx_word' id='word_1_290' title='bbox 778 4235 913 4320; x_wconf 92' lang='lat' dir='ltr'><strong>metaph.</strong></span> <span class='ocrx_word' id='word_1_291' title='bbox 937 4236 1051 4320; x_wconf 90' lang='lat' dir='ltr'><strong>disput.</strong></span> <span class='ocrx_word' id='word_1_292' title='bbox 1083 4234 1174 4300; x_wconf 85' lang='lat' dir='ltr'><strong>xlviii.</strong></span> <span class='ocrx_word' id='word_1_293' title='bbox 1200 4247 1272 4302; x_wconf 89' lang='lat' dir='ltr'><strong>sect.</strong></span> <span class='ocrx_word' id='word_1_294' title='bbox 1296 4242 1326 4318; x_wconf 88' lang='lat'><strong>3,</strong></span> 
     </span>
     <span class='ocr_line' id='line_1_36' title="bbox 227 4344 1329 4432; baseline 0.004 -20"><span class='ocrx_word' id='word_1_295' title='bbox 227 4349 280 4412; x_wconf 92' lang='lat' dir='ltr'><strong>ubi</strong></span> <span class='ocrx_word' id='word_1_296' title='bbox 302 4349 435 4413; x_wconf 90' lang='lat' dir='ltr'><strong>ostendit</strong></span> <span class='ocrx_word' id='word_1_297' title='bbox 457 4349 590 4413; x_wconf 91' lang='lat' dir='ltr'><strong>actiones</strong></span> <span class='ocrx_word' id='word_1_298' title='bbox 613 4344 631 4411; x_wconf 86' lang='lat' dir='ltr'><strong>a</strong></span> <span class='ocrx_word' id='word_1_299' title='bbox 652 4349 783 4411; x_wconf 90' lang='lat' dir='ltr'><strong>termino</strong></span> <span class='ocrx_word' id='word_1_300' title='bbox 807 4347 980 4432; x_wconf 78' lang='lat' dir='ltr'><strong>specificati.</strong></span> <span class='ocrx_word' id='word_1_301' title='bbox 1026 4346 1075 4410; x_wconf 90' lang='lat' dir='ltr'><strong>Ad</strong></span> <span class='ocrx_word' id='word_1_302' title='bbox 1098 4347 1234 4412; x_wconf 88' lang='lat' dir='ltr'><strong>eamdem</strong></span> <span class='ocrx_word' id='word_1_303' title='bbox 1259 4373 1329 4416; x_wconf 81' lang='lat' dir='ltr'><strong>sen·</strong></span> 
     </span>
    </p>
   </div>
   <div class='ocr_carea' id='block_1_4' title="bbox 0 0 1604 4975">
    <p class='ocr_par' dir='ltr' id='par_1_7' title="bbox 0 0 1604 4975">
     <span class='ocr_line' id='line_1_37' title="bbox 0 0 1604 4975; baseline 0 3"><span class='ocrx_word' id='word_1_304' title='bbox 0 0 1604 4975; x_wconf 95' lang='lat' dir='ltr'><strong> </strong></span> 
     </span>
    </p>
   </div>
  </div>
 </body>
</html>
