3200 4975
238 397 310 441 car.
328 376 399 460 ιιι]
688 396 730 439 ou
748 396 895 444 nonina.
1281 381 1344 441 253

237 579 301 621 non
316 556 432 642 cogitat
446 564 518 620 actu
533 555 571 619 de
591 576 694 620 earum
718 556 854 634 obiect03
878 566 980 620 manet
1003 554 1085 621 enim
1108 558 1142 621 in
1162 581 1211 623 me
1231 560 1346 644 species

238 667 386 752 impressa
419 668 565 746 hominis,
595 668 653 731 etsi
687 677 759 732 actu
793 690 856 732 non
887 668 1017 752 cogitem
1050 669 1087 733 de
1116 670 1251 735 homine.
1306 671 1346 735 Iu

238 779 373 845 secundo
402 802 475 844 casu
503 779 572 843 idea
601 780 749 864 accipitur
776 779 944 865 adaequate,
974 780 1008 844 id
1036 789 1082 845 est
1113 781 1281 847 secundum
1312 805 1347 846 ea

239 891 351 971 omnia,
381 912 451 975 quae
474 890 508 954 in
530 890 635 954 eadem
665 889 850 954 considerari
880 898 1029 976 possunt,
1052 914 1125 956 nam
1153 891 1264 978 prater
1292 892 1346 956 oh-

239 1003 364 1081 iectum,
389 1003 454 1066 eius
476 1002 672 1087 praesentiam
697 1002 731 1065 in
755 1001 864 1088 specie,
891 1010 922 1067 et
947 1012 1050 1068 actum
1074 1004 1248 1089 attingendi
1271 1004 1348 1068 illud

240 1136 295 1199 per
310 1112 450 1197 speciem,
466 1112 544 1176 nihil
559 1112 642 1176 aliud
657 1112 784 1197 cogitari
804 1121 907 1197 potest
926 1114 959 1177 in
980 1114 1079 1198 prima
1098 1115 1347 1199 apprehensione,

241 1232 277 1288 ut
299 1223 423 1288 evidens
445 1231 511 1302 est3
534 1232 564 1287 et
586 1222 661 1287 ideo
677 1223 736 1287 hoc
759 1223 893 1288 secundo
914 1226 1006 1289 modo
1025 1224 1113 1290 valde
1135 1226 1349 1291 convenienter

241 1335 373 1401 sumitur
395 1335 471 1399 idea.
517 1335 556 1398 In
580 1335 670 1399 tertio
692 1356 765 1399 casu
786 1334 855 1399 idea
876 1335 1024 1420 accipitur
1046 1357 1105 1421 pro.
1124 1336 1250 1401 materia
1272 1337 1350 1402 circa

242 1470 334 1533 quam
366 1454 453 1512 actus
482 1446 686 1531 perceptionis
708 1455 856 1525 versatur,
879 1446 927 1511 vel
949 1448 1060 1512 versari
1091 1456 1210 1533 potest:
1238 1456 1270 1513 et
1301 1449 1349 1512 bic

242 1582 331 1625 casus
354 1583 373 1624 a
397 1560 497 1645 primo
527 1558 638 1637 differt,
669 1558 742 1644 quia
771 1580 828 1643 pro
857 1560 956 1644 specie
985 1560 1133 1645 impressa
1161 1560 1200 1623 ab
1229 1559 1350 1625 obiecto

244 1671 442 1736 substituitur
456 1672 559 1756 ipsum
574 1671 727 1735 obiectum
742 1681 779 1735 ut
793 1671 1009 1756 productivum
1023 1672 1094 1736 talis
1110 1672 1229 1757 speciei.

288 1784 398 1869 Itaque
413 1783 490 1863 idea,
506 1782 532 1847 si
547 1783 714 1866 accipiatur
727 1788 783 1868 pro
797 1786 905 1848 notitia
925 1784 1078 1864 habituali,
1094 1793 1140 1848 est
1154 1784 1221 1869 ipsa
1236 1783 1351 1869 species

244 1897 277 1959 in
298 1896 473 1981 passivitate
494 1894 668 1959 intellectus
690 1894 848 1979 impressa,
871 1917 926 1979 per
947 1918 1038 1981 quam
1062 1895 1235 1960 intellectus
1258 1895 1351 1961 semel

244 2008 377 2071 intuitus
392 2016 439 2071 est
453 2006 617 2086 obiectum,
633 2015 726 2091 atque
743 2006 820 2071 illud
840 2008 951 2072 iterum
974 2008 1139 2092 recogitare
1160 2016 1272 2094 potest.
1318 2010 1351 2073 Si

245 2120 409 2203 accipiatur
431 2139 489 2203 pro
505 2120 693 2203 perceptione
714 2119 857 2202 afferente
877 2120 1013 2183 notitiam
1035 2122 1089 2199 rei,
1113 2128 1159 2183 est
1181 2120 1247 2204 ipse
1266 2129 1352 2185 actus

245 2230 450 2295 intellectivus
464 2228 648 2294 terminat-us
663 2228 703 2293 ad
713 2228 869 2315 obiectum
885 2250 941 2313 per
956 2229 1097 2313 speciem.
1140 2230 1173 2295 Si
1188 2230 1354 2316 accipiatur

246 2364 302 2427 pro
316 2344 440 2406 materia
448 2343 657 2424 perceptionis,
672 2350 719 2405 est
733 2341 811 2406 illud
825 2341 927 2426 ipsum
949 2341 987 2406 de
1009 2348 1071 2426 quo
1092 2342 1224 2408 habetur
1244 2345 1354 2409 notitia

247 2454 310 2519 sive
325 2451 452 2518 actualis
467 2452 529 2517 sive
542 2452 718 2518 habitualis.

290 2569 345 2632 93.
371 2565 527 2642 Quaeritur
551 2565 695 2645 secundo,
716 2569 747 2630 ia
767 2589 824 2650 qao
847 2589 932 2631 caasa
958 2569 1121 2652 accipiatur
1144 2569 1219 2647 idea,
1239 2571 1354 2653 quando

250 2681 371 2744 dicimus
385 2703 412 2742 v.
425 2701 473 2762 pr.
485 2701 539 2742 noa
553 2679 658 2742 labae
672 2678 766 2742 ideam
780 2680 851 2758 Dei,
867 2680 962 2744 ideam
976 2685 1069 2744 caasa
1084 2690 1138 2745 etc.

292 2788 483 2874 Respondeo,
496 2787 576 2852 sumi
591 2788 623 2851 in
635 2787 734 2872 primo
750 2810 853 2854 sensu.
898 2790 981 2853 Nam
996 2789 1105 2874 aliquis
1120 2788 1231 2855 dicitur
1245 2791 1356 2856 habere
1468 2868 1471 2876 Ἰ

250 2901 350 2965 ideam
364 2901 434 2981 Dei,
449 2913 548 2966 causae
562 2907 593 2964 ct
608 2900 765 2980 similium,
786 2908 849 2965 non
870 2901 942 2986 qnia
956 2911 1027 2967 actu
1042 2902 1156 2987 cogitat
1171 2903 1209 2968 de
1224 2904 1301 2984 Deo,
1318 2904 1355 2969 de

250 3035 341 3077 causa
365 3021 396 3076 ct
421 3011 582 3090 similibus,
607 3011 661 3075 sed
674 3010 756 3097 ¹quia
777 3010 871 3079 habet
895 3011 927 3074 in
952 3034 1008 3076 suo
1033 3003 1190 3078 intellectu
1215 3015 1356 3080 notitiam

249 3123 447 3202 habitualem,
462 3135 624 3207 perquam
637 3129 750 3207 potest,
771 3122 895 3208 quando
910 3123 986 3203 vult,
1003 3132 1074 3188 actu
1088 3125 1221 3209 'cogitare
1237 3125 1274 3190 de
1289 3127 1357 3191 Deo

251 3244 309 3300 etc.
354 3234 396 3298 nt
418 3235 542 3299 evidens
567 3241 633 3313 est,
656 3256 729 3298 nam
750 3235 805 3320 qui
825 3234 994 3321 interrogat
1020 3236 1162 3322 aliquem,
1187 3260 1226 3302 an
1246 3238 1357 3303 habeat

251 3346 352 3412 ideam
366 3346 436 3426 Dei,
451 3367 514 3410 non
534 3345 667 3411 intendit
686 3347 874 3431 interrogare
889 3370 929 3410 an
944 3356 1015 3411 actu
1029 3347 1143 3432 cogitet
1158 3348 1196 3413 de
1211 3349 1288 3428 Deo,
1305 3350 1358 3414 scd

252 3482 292 3524 an
302 3457 589 3522 habitualiter-sciat
605 3457 679 3542 qnid
691 3457 730 3522 sit
742 3458 839 3524 Deus.
883 3459 966 3544 Ergo
980 3460 1133 3544 expressio
1148 3462 1253 3525 babere
1263 3462 1357 3526 ἰάεαιιι

252 3593 315 3635 ιιοιι
327 3569 478 3655 significat
489 3579 561 3635 actu
572 3569 809 3655 apprehendero,
823 3570 875 3635 sed
887 3570 1083 3637 habitualiter
1093 3572 1204 3638 hahere
1216 3575 1358 3660 speciem,
1416 3657 1418 3661 y

253 3675 458 3746 abstrahendo
473 3681 511 3746 ab
526 3690 606 3762 actu,
622 3681 677 3766 qui
690 3703 754 3746 non
769 3681 903 3766 exigitur
917 3683 958 3746 ad
971 3682 1143 3749 habendam
1161 3685 1271 3751 ideam.
1316 3688 1358 3750 Et

255 3793 313 3858 hoc
327 3792 448 3857 ostendi
464 3802 568 3877 posset
582 3814 619 3856 ex
638 3792 705 3877 ipso
722 3792 812 3857 verbo
832 3795 937 3858 babere
956 3794 1039 3879 quod
1058 3795 1184 3861 denotat
1205 3797 1357 3878 habitum,

139 3992 141 3995 Ι
254 3905 333 3968 sicut
352 3903 480 3969 verbum
499 3917 559 3968 essa
581 3903 707 3968 denotat
729 3912 843 3968 actum.
889 3903 1119 3987 Concludimus,
1143 3907 1225 3992 quod
1247 3909 1358 3974 habere

254 4017 426 4108 ideam-'est
452 4015 563 4079 babere
592 4015 722 4100 speciem
751 4015 940 4099 impressam,
967 4039 1021 4101 per
1047 4039 1138 4103 quam
1168 4019 1237 4103 quis
1267 4021 1359 4086 semel

243 4128 387 4192 ‚intuitus
416 4135 464 4192 est
493 4126 656 4208 obiectum,
686 4134 717 4191 et
746 4149 812 4191 esse
840 4150 911 4192 cum
940 4128 1078 4213 proxima
1101 4129 1359 4198 ,faemtatessillud

256 4241 370 4304 iterum
392 4249 423 4305 et
445 4240 558 4312 iterum
584 4262 639 4325 per
668 4238 821 4303 eamdem
836 4239 1173 4326 sibirepraesentanda
1214 4243 1359 4309 Conditio

244 4374 327 4424 ‚vero
341 4352 416 4431 baec,
428 4351 514 4439 'quod
529 4351 598 4436 quis
618 4350 726 4415 saltem
746 4351 839 4414 semel
858 4359 930 4416 'actu
950 4353 1185 4437 apprehenderit
1206 4355 1358 4421 obiectum
