3200 4975
236 369 305 414 can.
323 349 379 435 in]
693 377 735 421 nu
753 379 898 424 nonme.
1276 353 1340 418 223

280 539 464 625 Praeparatio
485 549 588 604 autem
611 540 675 605 haec
696 541 761 639 fieri
782 550 884 627 potest
914 541 1090 628 tripliciter:
1116 545 1148 606 1⁰
1163 543 1342 628 simpliciter

235 649 385 715 intuendo
414 651 562 716 rationem
592 652 675 731 boni,
708 675 800 737 quam
831 653 924 718 habet
953 653 1114 733 obiectum,
1141 676 1178 720 ex
1199 675 1235 718 eo
1256 657 1340 741 quod

235 770 340 826 causat
364 762 414 826 hic
437 770 469 826 et
492 785 575 828 nunc
603 772 722 827 motum
748 764 884 849 primum
914 765 1156 849 complacentiam
1181 769 1215 829 2⁰
1237 767 1339 851 inqui-

235 873 330 936 rendo
353 880 384 937 et
407 873 597 958 inspiciendo
620 875 754 940 diversas
782 876 915 940 rationes
938 875 1012 939 boni
1034 876 1068 939 in
1090 876 1198 940 eodem
1221 877 1339 942 obiecto

235 984 399 1069 implicitas
407 1011 417 1064 3
447 1008 502 1070 per
530 987 613 1070 quod
641 987 729 1072 quasi
762 987 923 1051 resolvitur
958 995 1060 1052 motus
1094 1010 1175 1052 unus
1201 989 1339 1073 compla-

236 1097 344 1162 centiae
366 1097 399 1160 in
423 1097 536 1183 plnres,
560 1099 624 1162 fere
649 1099 728 1163 sicut
751 1099 906 1163 resultans
927 1099 1038 1163 virium
1061 1098 1094 1162 in
1120 1122 1191 1164 suas
1216 1123 1339 1186 compo-

236 1217 362 1273 nentes:
385 1211 421 1272 3⁰
435 1209 638 1294 comparando
657 1209 738 1274 inter
753 1233 786 1274 se
799 1218 831 1274 et
851 1233 922 1274 cum
942 1210 1079 1275 subiecto
1093 1220 1129 1275 ut
1143 1210 1194 1277 hic
1209 1220 1240 1276 at
1254 1234 1338 1276 nunc

235 1319 343 1384 affecto
358 1319 460 1405 aliqua
474 1321 619 1386 distincta
631 1321 714 1386 bona
734 1322 904 1387 secundum
926 1321 1074 1407 quasdam
1093 1322 1226 1390 rationes
1246 1345 1338 1408 appe-

236 1431 403 1496 tibilitatis.

279 1542 403 1606 Primus
420 1543 531 1607 modus
548 1544 648 1608 utitur
667 1543 797 1629 simplici
812 1545 980 1609 attentione
994 1553 1026 1609 et
1040 1545 1215 1612 reflexione:
1239 1555 1337 1612 attan·

235 1657 319 1720 tione
334 1655 374 1720 ad
387 1655 551 1735 obiectum,
562 1665 594 1720 et
607 1656 768 1721 reflexione
779 1656 819 1720 ad
833 1665 951 1721 motum
967 1657 1101 1742 primum
1112 1658 1337 1743 complacentia

235 1767 275 1832 ab
289 1790 326 1832 eo
339 1767 514 1832 excitatum.
558 1769 657 1832 Actus
671 1769 792 1834 volendi
810 1768 922 1833 cadens
942 1769 975 1832 in
992 1767 1146 1834 obiectum
1164 1771 1222 1834 hcc
1238 1771 1338 1855 primo

237 1879 396 1944 dumtaxat
407 1879 498 1944 modo
507 1888 726 1963 praesentatum
737 1881 851 1945 dicitur
860 1881 984 1964 simpla
994 1903 1147 1946 emmenum
1155 1883 1321 1947 voluntatis
1333 1909 1340 1947 ε

236 2000 268 2055 et
281 1991 315 2055 in
329 1992 454 2056 homine
466 2013 529 2055 non
541 2000 622 2055 caret
634 1993 813 2072 temeritate,
826 1993 933 2056 saltem
945 1992 1070 2077 quando
1080 1992 1165 2058 nulla
1176 1995 1339 2058 necessitas

237 2104 319 2189 cogit
341 2102 380 2168 ad
401 2103 555 2187 agendum
578 2103 644 2167 sine
665 2125 761 2168 mora
808 2105 898 2168 Ratio
919 2112 976 2182 est,
992 2103 1064 2188 quia
1087 2125 1149 2168 non
1167 2104 1339 2169 adhibendo

239 2237 378 2293 examen,
389 2237 489 2300 nequa
500 2214 764 2296 consultationem,
774 2239 838 2279 non
849 2215 949 2279 utitur
959 2213 1067 2279 mediis
1078 2215 1143 2280 suis
1153 2217 1342 2282 naturalibus

238 2328 278 2392 ad
291 2336 371 2391 recte
385 2334 415 2390 et
430 2333 499 2390 tuto
510 2325 686 2389 volendum.

282 2437 442 2505 Secundus
464 2436 574 2501 modus
591 2436 691 2501 utitur
709 2435 920 2522 disquisitione
934 2444 966 2502 et
980 2437 1096 2525 analysi
1111 2444 1178 2502 tum
1194 2436 1287 2503 relate
1301 2436 1341 2503 ad

237 2549 400 2626 obiectum,
412 2557 480 2612 tum
491 2547 584 2612 relate
595 2547 635 2611 ad
646 2546 820 2611 affectiones
831 2547 969 2612 subiecti.
1002 2547 1108 2612 Relate
1119 2547 1158 2611 ad
1167 2547 1319 2612 obiectum
1328 2574 1338 2626 3

238 2663 271 2725 in
285 2683 347 2745 quo
362 2659 598 2743 distinguuntur
615 2659 747 2724 rationes
767 2658 841 2722 boni
860 2681 937 2743 quas
954 2658 1057 2739 habet,
1073 2658 1112 2723 ob
1127 2659 1272 2723 viitutcm
1292 2682 1341 2723 ex-

238 2772 352 2837 citandi
372 2770 571 2835 diversimode
592 2778 679 2834 actus
693 2769 808 2856 primos
823 2770 1067 2855 complacentia:
1089 2770 1183 2834 relate
1207 2770 1246 2833 ad
1269 2771 1340 2835 affe-

238 2873 353 2949 ctiones
368 2883 507 2962 subiecti,
523 2882 557 2945 in
572 2882 685 2967 quibus
700 2882 938 2965 distinguuntur
952 2882 1063 2945 diversi
1081 2880 1195 2965 gradus
1210 2902 1340 2965 congru·

238 2995 329 3058 entiae
339 3016 410 3057 cum
422 2992 547 3057 diversis
558 2992 693 3057 motibus
704 2993 811 3077 primis
826 2991 865 3056 ab
876 2991 993 3057 obiecto
1008 2992 1162 3077 impressis
1173 2993 1339 3057 secundum

237 3104 371 3170 diversas
384 3104 515 3167 rationes
530 3102 589 3168 sub
610 3102 725 3188 quibus
741 3103 904 3186 cogitatur.
949 3103 996 3167 Ex
1016 3104 1072 3169 hac
1092 3103 1207 3189 duplici
1225 3103 1340 3189 disqui-

237 3218 346 3282 sitione
359 3224 391 3280 et
405 3214 522 3301 analysi
535 3214 664 3279 resultat
679 3214 815 3300 cognitio
828 3215 981 3300 graduum
992 3215 1230 3301 appetibilitatis,
1246 3240 1338 3301 quam

237 3328 330 3393 habet
343 3328 394 3391 hic
409 3336 440 3392 et
454 3349 537 3391 nunc
551 3326 715 3406 obiectum,
730 3325 763 3389 id
777 3336 824 3391 est
838 3328 1018 3412 appretiatio
1033 3328 1134 3392 meriti
1148 3329 1230 3413 quod
1247 3328 1339 3393 habet

236 3441 388 3508 obiectum
400 3448 609 3524 comparatum
618 3437 658 3502 ad
668 3438 729 3503 vim
739 3438 945 3523 appetitivam.
991 3440 1088 3503 Actus
1097 3438 1216 3503 volendi
1228 3440 1339 3503 cadens

236 3553 270 3616 in
294 3552 448 3617 obiectum
474 3551 532 3615 hoc
557 3549 650 3614 modo
673 3550 815 3615 distincte
840 3558 1091 3635 repraesentatum
1117 3550 1229 3615 dicitur
1247 3552 1338 3635 plena

235 3664 335 3728 nolitia
350 3662 398 3728 vel
405 3663 516 3746 plenus.
527 3684 688 3726 commus.

280 3774 401 3839 Tertius
415 3773 526 3838 modus
541 3773 640 3837 utitur
654 3772 865 3860 disquisitione
880 3779 911 3836 et
926 3772 1043 3860 analysi
1053 3795 1117 3837 non
1132 3773 1231 3837 solum
1246 3774 1339 3837 unius

237 3886 359 3965 obiecti,
382 3884 437 3950 sed
459 3884 525 3949 eius
545 3883 688 3949 contrarii
705 3882 934 3968 cuiuscumque,
961 3892 992 3947 et
1014 3893 1159 3969 praeterea
1184 3893 1339 3969 comparat

236 3999 318 4063 inter
332 4020 365 4061 se
378 3997 510 4061 rationes
524 3995 598 4059 boni
617 4018 672 4081 per
686 3994 747 4059 tale
761 4017 886 4059 examen
903 3994 961 4059 sibi
975 3984 1113 4080 cognitas
1128 3997 1161 4059 in
1176 3995 1293 4060 obiecto
1308 4005 1339 4059 et

237 4110 269 4173 in
284 4109 349 4173 eius
364 4108 529 4187 contrario,
544 4130 579 4171 ac
594 4106 743 4191 ponderat
758 4106 834 4191 quid
847 4105 898 4170 hic
913 4114 944 4170 et
958 4129 1042 4172 nunc
1060 4106 1171 4171 habeat
1193 4108 1338 4171 maiorem

237 4220 390 4284 sationem
412 4218 652 4302 appetibilitatis.
698 4216 777 4281 Tota
795 4217 860 4281 haec
877 4218 1012 4303 operatio
1027 4228 1151 4283 vocatur
1166 4220 1338 4283 consultatio

237 4340 268 4396 et
293 4354 372 4415 saepe
397 4328 627 4414 comprehendit
651 4328 740 4413 plura
764 4328 885 4407 iudicia,
907 4339 937 4392 et
962 4329 1126 4409 ratiocinia,
1145 4340 1175 4395 et
1199 4338 1338 4395 mutuam
