3200 4975
256 366 322 432 312
645 383 688 427 os
705 384 964 431 rccrnnnrraus.
1216 365 1304 449 [car.
1321 383 1360 425 11.

258 566 332 631 ergo
346 546 405 611 lroc
419 546 559 612 accidens
572 547 724 613 inutiliter
737 552 938 633 proponitur:
961 552 998 615 2⁰
1012 550 1038 615 si
1052 549 1105 615 dat
1119 571 1186 613 esse
1200 549 1272 613 huic
1286 548 1363 613 acci-

258 657 344 723 denti
354 666 503 742 tamqnam
516 680 605 723 causo
612 660 762 744 samuelis,
775 670 850 725 tuno
862 660 919 724 hoc
930 661 1069 726 accidens
1080 683 1144 725 nou
1158 668 1205 725 est
1221 660 1364 737 activum,

258 772 353 837 immo
382 792 446 834 non
475 780 555 835 esset
580 770 714 855 amplius
739 770 898 835 accidens:
928 794 992 836 non
1018 771 1160 850 activum,
1184 769 1257 856 quia
1282 768 1366 855 quod

259 881 369 968 accipit
393 903 459 946 esse
481 904 500 946 a
520 903 611 947 causa
636 882 756 947 formali
779 881 872 948 habet
897 884 1048 948 rationem
1071 881 1205 961 termini,
1231 890 1263 946 et
1288 881 1365 945 ratio

258 993 383 1059 termini
411 991 485 1059 dicit
514 993 732 1077 passivitatem,
761 1016 826 1058 non
855 995 1058 1061 activitatem:
1083 1016 1139 1059 nec
1168 994 1261 1058 etiam
1286 1001 1365 1057 essct

258 1104 408 1183 accidens,
430 1103 503 1187 quia
524 1103 650 1168 effectus
671 1102 808 1169 formalis
830 1104 904 1170 dicit
927 1104 1057 1169 formam
1077 1105 1111 1168 in
1126 1112 1197 1168 actu
1212 1103 1364 1179 secundo;

258 1239 355 1302 quum
370 1236 441 1280 vero
455 1215 520 1281 haec
535 1215 633 1280 forma
647 1215 687 1280 sit
705 1216 926 1295 substantialis,
949 1228 1036 1281 actus
1059 1215 1211 1280 secundus
1233 1215 1299 1279 eins
1318 1225 1365 1277 est

258 1326 438 1393 substantia.
484 1326 569 1410 Ergo
591 1347 655 1390 nou
677 1326 768 1391 datur
789 1326 892 1413 aliqua
906 1327 1004 1392 virtus
1025 1328 1123 1393 activa
1145 1348 1214 1412 quae
1233 1325 1273 1389 sit
1288 1325 1364 1389 acci-

258 1439 334 1506 dens
349 1461 412 1503 suoe
426 1437 615 1503 substantiae.
864 1436 867 1441 “
1389 1516 1396 1521 ,

301 1550 414 1630 Tertio,
426 1550 561 1637 primum
577 1549 763 1634 principium
774 1551 807 1614 in
820 1550 877 1616 hac
889 1550 1016 1615 materia
1026 1559 1072 1615 est
1083 1549 1160 1615 illud
1172 1572 1190 1613 a
1202 1550 1234 1614 S.
1247 1548 1365 1613 Thema

258 1663 422 1747 saepissime
444 1662 631 1728 inculcatum
653 1662 762 1725 Formo
783 1671 828 1725 eat
850 1663 883 1725 id
903 1685 960 1747 qao
982 1685 1071 1746 opens
1092 1663 1173 1745 apia:
1197 1660 1250 1725 sed
1267 1659 1366 1723 forma

257 1776 324 1841 haec
344 1785 473 1839 nonest
495 1772 654 1851 accidens3
677 1794 751 1856 ergo
773 1772 946 1838 substantia
967 1795 1031 1837 non
1054 1774 1118 1858 agit
1140 1795 1195 1856 per
1209 1772 1365 1850 virtutem,

258 1908 327 1971 qnoe
356 1885 396 1949 sit
426 1884 575 1950 accidens.
621 1883 727 1948 Minor
761 1894 881 1950 constat
909 1906 945 1948 cx
975 1884 1129 1948 constanti
1163 1882 1365 1968 applicatione

257 1996 400 2081 principii
435 1995 602 2077 supradicti
631 1994 671 2058 ad
699 1994 814 2059 formas
849 1993 1083 2073 substantiales;
1113 1994 1195 2080 quia,
1227 2004 1262 2057 ιιι
1291 1992 1366 2056 dicit

259 2107 290 2172 S.
307 2106 450 2182 Thomas,
470 2105 535 2178 Quo
550 2106 665 2188 aliquid
682 2113 751 2171 actu
765 2114 819 2184 est,
834 2128 867 2169 eo
882 2108 954 2189 opit,
970 2118 1001 2170 et
1017 2106 1096 2170 actio
1116 2105 1268 2169 transiens
1287 2102 1366 2166 nihil

256 2216 341 2282 aliud
363 2224 420 2294 est,
443 2238 535 2300 quam
557 2216 778 2279 communicatio
800 2217 890 2293 illias,
898 2239 957 2299 per
979 2218 1058 2300 qnod
1073 2238 1162 2300 nqeue
1176 2224 1220 2280 est
1234 2217 1266 2279 in
1280 2223 1366 2278 acto:

256 2351 320 2393 non
346 2337 393 2392 est
417 2334 520 2391 autem
546 2326 579 2389 in
605 2336 677 2391 actu
703 2349 758 2411 per
777 2328 923 2391 virtutem
953 2327 1181 2414 accidentalem,
1206 2337 1241 2392 ut
1270 2336 1366 2411 patet.

256 2440 336 2506 Vide
365 2462 457 2525 supra
485 2439 519 2504 in
549 2447 684 2504 tractatu
714 2439 752 2504 de
780 2439 906 2504 homine
935 2462 968 2505 n.
996 2443 1047 2520 ll,
1077 2440 1234 2524 integrum
1263 2438 1364 2504 locum

258 2555 291 2619 S.
306 2552 458 2617 Doctoris.
505 2552 581 2617 Haec
604 2565 705 2616 autem
730 2551 869 2636 probatio
892 2564 940 2616 est
962 2553 1127 2617 fortissima
1141 2562 1173 2615 et
1188 2551 1364 2636 perspicua:

255 2674 289 2729 et
303 2663 372 2729 ideo
386 2685 421 2727 ea
435 2663 483 2726 usi
499 2685 607 2727 sumus
622 2662 737 2747 pluries
751 2662 785 2726 in
799 2664 980 2728 tractatibus
1001 2663 1259 2749 praecedentibus3
1281 2663 1364 2727 unde

256 2798 314 2841 nec
328 2774 457 2840 ulterius
472 2775 568 2838 evolvi
583 2775 728 2858 postulat.

299 2886 428 2965 Quarto,
442 2885 504 2950 late
518 2885 713 2970 probavimus
727 2886 800 2965 iam,
821 2886 941 2971 agendo
962 2887 999 2952 de
1019 2887 1191 2954 substantia
1213 2885 1364 2971 spirituali

259 3000 302 3081 (n.
318 3001 371 3076 32,
391 3000 445 3076 33,
466 3020 498 3061 n.
521 3000 575 3077 39,
597 2998 668 3081 40),
697 2997 781 3082 quod
811 2999 984 3064 intellectus
1013 3009 1044 3064 et
1067 3000 1208 3065 voluntas
1237 3007 1268 3061 et
1297 2997 1363 3062 aliae

256 3110 383 3173 virtutes
407 3109 510 3172 activae
535 3107 708 3193 spirituales
728 3131 791 3173 non
810 3126 884 3174 sunt
904 3110 1080 3191 accidentia,
1106 3111 1160 3175 sed
1185 3111 1251 3195 ipsc
1276 3119 1363 3174 actus

255 3220 475 3299 substantialis,
492 3229 527 3284 ut
542 3220 671 3284 ulterius
691 3222 895 3286 terminabilis
915 3222 1160 3287 accidentaliter:
1182 3232 1213 3287 et
1234 3221 1362 3287 difficul-

256 3332 371 3396 tatibus
399 3334 433 3396 in
462 3332 649 3396 eontrarium
678 3333 904 3416 respondimus.
950 3335 1041 3414 Item,
1072 3334 1192 3418 agendo
1221 3333 1260 3397 de
1290 3333 1361 3398 snb-

256 3445 370 3508 stantia
392 3442 552 3520 materiali,
568 3442 701 3507 vidimus
723 3443 865 3526 pluribus
888 3445 921 3507 in
941 3444 1025 3522 locis,
1041 3454 1072 3508 et
1087 3444 1253 3528 praesertim
1270 3467 1302 3508 n.
1318 3447 1359 3508 41

255 3565 286 3620 et
303 3557 375 3634 131,
392 3555 581 3639 praecipuum
595 3554 734 3620 accidens
749 3554 834 3639 qnod
848 3569 894 3618 est
910 3555 942 3618 in
957 3555 1093 3635 materia,
1110 3555 1253 3640 quodque
1268 3554 1362 3620 videri

255 3676 358 3752 posset
379 3665 510 3730 maxime
531 3665 675 3745 activum,
699 3666 814 3730 scilicet
836 3667 1026 3744 oehmtatem,
1049 3689 1109 3752 qua
1131 3689 1229 3731 unum
1251 3689 1361 3751 corpus

254 3779 376 3864 impetit
390 3777 484 3857 aliud,
499 3800 562 3841 non
578 3800 643 3841 essc
657 3799 778 3842 causam
795 3777 933 3857 actionis,
949 3777 1003 3842 sed
1018 3786 1140 3842 tantum
1155 3776 1360 3840 conditionem

254 3892 432 3977 requisitam
456 3890 494 3955 ad
521 3889 755 3956 determinatam
784 3889 951 3974 qnamdam
979 3889 1213 3974 applicationem
1239 3889 1362 3954 ιἰιιιιιίε

255 4002 463 4068 substantialis
492 4024 560 4085 quae
589 4009 635 4064 est
660 4000 693 4064 in
723 4022 858 4086 corpore.
905 4001 996 4065 Unde
1025 4013 1087 4064 tam
1118 4022 1174 4084 pro
1204 4000 1361 4084 spiritibus

255 4136 347 4198 quam
373 4135 428 4198 pro
454 4112 631 4195 corporibus
656 4110 900 4177 concludendum
925 4122 971 4176 est
995 4113 1101 4177 eodem
1125 4112 1226 4190 modo,
1251 4135 1361 4198 nempe

255 4225 384 4289 dicendo
406 4224 540 4288 actiones
563 4235 764 4308 utrorumque
787 4247 850 4289 non
871 4247 936 4289 esse
956 4225 994 4289 ab
1011 4225 1110 4308 aliqua
1126 4225 1239 4288 virtute
1253 4224 1359 4301 activa,

255 4358 323 4421 quae
338 4336 377 4400 sit
392 4334 540 4398 accidens.
