3200 4975
241 310 306 371 344
641 334 684 376 ue
701 333 956 379 sccrnnurraus.
1184 311 1271 394 [cna.
1289 329 1343 371 111.

243 498 382 555 mentum
398 490 530 557 solitarie
545 503 703 577 acceptum
718 506 798 559 esset
813 517 867 557 ens
883 493 1112 578 incompletum,
1133 492 1269 576 adeoque
1283 511 1346 554 non

244 600 404 685 physicum
427 604 481 669 sed
502 603 763 689 metaphysieum3
786 613 818 668 et
838 604 886 678 siex
901 603 1008 669 relatio
1029 626 1092 668 non
1115 613 1194 667 esset
1216 600 1348 686 amplius

245 712 518 795 predicamentalis
532 712 586 779 sed
605 715 885 780 transcendentalis.
932 716 1102 780 Distinotas
1121 737 1243 800 qnoque
1262 713 1347 778 reali-

191 878 197 885 .
247 832 294 886 ter
319 823 400 889 inter
422 849 473 905 se;
496 849 582 892 secus
607 835 710 891 essent
735 850 817 891 unus
843 828 994 892 terminus
1019 827 1126 892 realis:
1150 826 1259 890 unicus
1281 847 1351 891 vero

248 936 399 1001 terminus
414 940 520 1024 nequit
534 940 638 1005 referri
652 940 691 1005 ad
711 939 843 1025 seipsum
869 940 1038 1005 secundum
1057 939 1174 1025 aliquid
1189 938 1276 1018 reale,
1292 940 1352 1003 nisi

250 1047 459 1113 consideretur
481 1051 538 1115 sub
569 1052 690 1116 duobus
718 1051 916 1137 conceptibus
945 1051 1163 1137 inadaequatis:
1187 1060 1217 1115 et
1243 1052 1270 1115 si
1294 1051 1353 1115 hoc

248 1158 312 1236 fiat,
324 1159 430 1225 relatio
440 1162 582 1246 procedet
594 1163 762 1228 secundum
777 1164 938 1229 entitatem
953 1162 1169 1247 incompletam
1183 1162 1354 1247 utriusque.

252 1268 292 1332 In
307 1270 365 1335 hoc
383 1273 478 1357 igitur
497 1296 579 1354 casu,
601 1284 693 1359 prout
714 1276 827 1339 entitas
849 1275 901 1340 illa
922 1274 1107 1361 incompleta
1128 1275 1186 1339 erit
1207 1274 1295 1339 realis
1310 1274 1358 1339 vel

254 1382 390 1463 rationis,
413 1385 518 1450 relatio
541 1387 598 1451 erit
619 1386 666 1451 vel
687 1387 960 1453 transcendentalis
976 1387 1023 1451 vel
1044 1386 1188 1465 rationis3
1209 1409 1273 1451 uon
1288 1408 1358 1450 vero

255 1495 537 1579 praedicamentalis,
573 1522 641 1585 quae
676 1499 813 1585 procedit
850 1499 1019 1564 secundum
1055 1499 1198 1563 entitatos
1234 1498 1359 1585 physice

257 1608 432 1694 completas.
1112 1610 1115 1617 ’

303 1722 386 1788 Hinc
408 1732 558 1787 eruuntur
586 1724 776 1788 conditiones
798 1723 836 1788 ad
859 1723 1037 1789 relationem
1067 1722 1361 1808 praedicamentalem

259 1835 430 1919 requisitae:
454 1834 593 1900 videlicet
617 1839 650 1899 1⁰
671 1836 753 1919 quod
775 1835 886 1900 habeat
915 1834 1152 1900 fundamentum
1175 1835 1254 1899 reale
1276 1833 1364 1899 abso·

260 1946 361 2010 lutum
384 1945 505 2011 realiter
527 1947 704 2011 distinctum
728 1948 766 2012 ab
788 1948 917 2012 entitate
940 1946 1080 2011 absoluta
1105 1946 1234 2011 subiecti
1253 1955 1284 2011 et
1303 1956 1365 2013 ter-

262 2054 357 2119 mini:
381 2059 417 2119 2ο
435 2056 519 2140 quod
541 2057 712 2122 subiectum
734 2068 766 2121 et
787 2059 937 2123 terminus
958 2057 1096 2122 absolute
1118 2058 1239 2123 realiter
1258 2058 1367 2121 distin-

263 2176 398 2251 guantur
418 2168 498 2232 inter
518 2191 567 2233 se:
591 2171 627 2232 3⁰
647 2169 730 2253 quod
751 2180 973 2254 consequenter
994 2178 1057 2233 tam
1082 2169 1252 2235 subiectum
1276 2193 1367 2255 quam

265 2279 415 2342 terminus
430 2278 492 2342 sint
506 2278 659 2343 realitates
672 2280 816 2367 physicae.

310 2390 426 2455 Contra
436 2390 468 2453 in
485 2389 629 2455 relatione
644 2392 902 2455 transcendentuli
918 2392 973 2476 (sic
989 2392 1079 2471 dicta,
1096 2392 1169 2476 quia
1182 2393 1371 2457 transcendit

266 2504 397 2589 quodvis
418 2505 689 2588 praedicamentum
709 2514 740 2570 et
762 2528 817 2590 per
839 2505 942 2570 omnia
963 2506 1372 2590 praedicamenta'vagatur),

268 2639 336 2700 quae
361 2615 462 2680 lacum
492 2617 584 2681 habet
614 2617 695 2681 inter
723 2617 846 2703 quasvis
875 2620 1018 2681 entitates
1047 2617 1195 2682 habentes
1224 2619 1373 2682 rationem

269 2738 355 2792 actus
369 2737 401 2792 et
417 2728 559 2813 potentiae
576 2728 625 2811 (ad
642 2751 710 2813 quae
725 2729 786 2792 duo
802 2729 906 2793 reduci
920 2739 1050 2813 possunt
1065 2729 1147 2793 entia
1167 2730 1375 2815 metaphysica

270 2839 418 2923 relativa),
441 2840 612 2905 fundantur
641 2841 674 2902 in
704 2841 866 2924 exigentia,
893 2863 986 2925 quam
1021 2849 1107 2904 actus
1137 2840 1254 2924 primus
1282 2842 1376 2906 habet

271 2952 414 3016 actuandi
433 2976 519 3016 suam
540 2953 718 3037 potentiam,
735 2964 766 3016 et
781 2953 814 3015 in
830 2952 992 3035 exigentia,
1014 2975 1106 3036 quarn
1126 2952 1219 3017 habet
1239 2955 1377 3039 potentia

272 3062 439 3146 accipiendi
454 3087 518 3127 esse
533 3087 550 3128 a
565 3063 619 3126 tali
639 3073 719 3128 actu.
767 3063 842 3127 Haec
862 3063 958 3146 igitur
978 3063 1133 3146 exigentia
1152 3073 1199 3128 est
1219 3065 1295 3129 ratio
1315 3066 1377 3129 for-

273 3175 361 3238 malis
375 3175 530 3238 relationis
544 3184 630 3238 actus
645 3173 683 3236 ad
698 3173 886 3258 potentiam:
910 3171 962 3236 sed
977 3171 1083 3235 eadem
1103 3171 1265 3256 exigentia,
1282 3196 1378 3258 quum

274 3289 315 3352 sit
337 3286 434 3371 ipsius
455 3294 541 3350 actus
563 3296 593 3349 et
616 3285 712 3370 ipsius
736 3284 889 3369 potentia,
913 3305 976 3346 non
998 3292 1044 3346 est
1067 3282 1184 3368 aliquid
1205 3284 1326 3349 realiter
1348 3295 1379 3350 et

276 3399 414 3463 absolute
429 3397 608 3460 distinctum
628 3397 667 3461 ab
689 3397 782 3482 ipsis3
806 3418 899 3481 quare
921 3398 953 3458 in
973 3395 1114 3458 relatione
1136 3398 1381 3462 transcendentali

271 3511 495 3596 fundamentum
524 3532 583 3572 non
613 3510 804 3593 distinpnitar
832 3507 951 3572 realiter
980 3529 999 3568 a
1026 3506 1155 3570 subiecto
1188 3515 1218 3571 et
1249 3511 1381 3573 termino.

279 3623 428 3687 Praeterea
444 3621 548 3684 relatio
569 3621 838 3698 tramcaadentalis,
854 3618 955 3703 inquit
977 3617 1087 3681 Suarea
1106 3616 1173 3700 (loc.
1191 3617 1242 3682 cit.
1260 3630 1332 3684 sect.
1349 3623 1380 3684 4.

279 3759 310 3799 n.
333 3735 378 3815 2),
400 3756 460 3797 nan
480 3755 591 3818 semper
611 3734 736 3816 requirit
762 3731 916 3794 terminum
938 3729 1054 3806 realem,
1084 3729 1137 3792 sed
1156 3730 1301 3794 interdum
1323 3755 1383 3796 esse

274 3855 375 3932 potest
389 3847 430 3911 ad
441 3869 491 3910 cras
498 3844 613 3929 fletam,
628 3844 675 3906 oet
688 3843 729 3906 ad
745 3844 932 3906 intrinsecam
951 3842 1081 3925 aliquam
1102 3841 1381 3908 denominationem:

280 3969 315 4023 at
329 3967 483 4042 carmeptas
504 3979 556 4020 sen
578 3957 718 4038 capitatia
740 3956 775 4018 de
796 3962 862 4018 ente
883 3954 1018 4031 rationis,
1038 3974 1089 4016 sca
1100 3955 1269 4035 priuatione
1283 3966 1318 4020 nt
1331 3959 1383 4036 sic,

282 4072 558 4137 transcendentatem
580 4067 777 4131 tabitudinem
796 4067 867 4130 dicit
887 4065 928 4130 ad
944 4065 1020 4128 illud
1032 4066 1182 4143 obiectum,
1198 4068 1277 4148 qnod
1289 4075 1385 4133 tamen

281 4207 332 4248 ern
353 4184 432 4248 reale
453 4206 511 4246 nan
532 4191 585 4246 est.
630 4178 727 4243 Addit
749 4187 863 4259 autem,
889 4185 1059 4262 respectum
1089 4179 1385 4246 transcendentalem

284 4294 404 4359 nullum
421 4293 571 4377 requirere
591 4291 838 4368 fundamentum,
859 4289 940 4375 quod
963 4288 1090 4372 probare
1110 4289 1243 4352 intendit
1260 4290 1387 4358 dicendo
