3200 4975
267 367 330 429 166
715 387 757 429 on
775 387 921 430 nonina.
1227 365 1311 449 [oar.
1330 385 1368 428 11.

263 575 356 641 buius
371 578 514 642 motionis
531 580 564 641 1⁰
578 585 624 641 est
642 599 720 661 pura
738 576 869 640 mutatio
889 575 1008 660 passiva
1033 575 1217 640 relationum
1239 575 1367 640 ubicati-

263 711 380 768 varum,
395 694 430 755 2⁰
444 689 530 754 nullo
550 689 641 753 modo
662 689 869 773 cognitionem
891 697 944 752 aut
970 688 1164 752 intuitionem
1180 697 1282 773 potest
1296 711 1368 752 oon-

263 802 399 883 stituere,
415 805 450 866 30
466 802 568 866 locum
591 799 684 865 babet
707 800 799 866 etiam
821 801 853 864 in
867 800 1010 865 cadavere
1029 809 1061 865 et
1080 801 1112 864 in
1134 800 1278 864 omnibus
1302 801 1368 864 aliis

263 915 437 999 compositis
451 912 658 978 materialibus
673 935 735 977 non
751 912 974 996 cognoscitivis.

306 1025 372 1090 Nec
386 1025 510 1091 tandem
534 1024 594 1089 dici
615 1032 726 1109 potest,
742 1023 885 1110 quodvis
900 1024 1106 1108 cognoscitiva
1121 1023 1311 1088 sensibilium
1327 1023 1367 1088 sit

262 1135 363 1222 aliqua
385 1137 519 1201 materiae
544 1135 739 1201 modificatio.
788 1135 872 1200 Nam
896 1139 929 1200 10
950 1136 996 1199 vis
1027 1136 1231 1220 cognoscitiva
1253 1144 1300 1200 est
1322 1136 1367 1199 vis

261 1249 359 1312 activa
366 1273 376 1325 3
399 1248 452 1312 sed
468 1249 512 1312 vis
527 1248 624 1312 activa
638 1246 719 1312 entis
734 1255 781 1311 est
795 1246 969 1311 formaeius
981 1246 1212 1326 substantialis3
1236 1257 1266 1312 et
1281 1247 1366 1312 nulla

260 1359 445 1424 modificatio
465 1370 511 1423 est
528 1359 627 1424 forma
649 1358 879 1439 substantialis3
911 1380 993 1443 ergo.
1043 1361 1087 1423 20.
1112 1359 1195 1423 Illud
1219 1359 1258 1423 ad
1282 1361 1365 1444 quod

261 1470 467 1556 praestandum
488 1492 552 1535 uon
572 1493 604 1535 se
627 1470 764 1535 extendit
781 1469 879 1534 virtus
899 1470 1004 1534 formae
1026 1469 1127 1534 dantis
1142 1493 1207 1534 esse
1222 1471 1364 1549 materiae,

261 1581 359 1644 multo
374 1581 476 1644 minus
491 1580 628 1665 praestari
645 1586 748 1665 potest
763 1603 781 1643 a
795 1579 893 1643 forma
913 1579 1101 1658 accidentali,
1125 1603 1193 1664 quae
1212 1581 1364 1645 modificet

259 1693 544 1778 quomodocumque
568 1693 745 1771 materiam3
777 1714 874 1776 quum
900 1691 965 1756 haec
991 1714 1054 1756 non
1081 1692 1227 1757 subsistat
1251 1692 1310 1756 nisi
1337 1695 1366 1757 vi

259 1805 352 1870 illius.
397 1807 441 1869 30.
465 1804 576 1870 Omnis
591 1814 622 1868 et
637 1803 701 1868 sola
721 1803 906 1867 modificatio
926 1803 1112 1887 receptibilis
1126 1804 1159 1867 in
1175 1806 1301 1868 materia
1318 1815 1365 1869 est

260 1925 362 1981 motus
376 1916 481 1980 localis
490 1944 499 1996 3
524 1925 626 1980 motus
641 1925 744 1979 autern
759 1923 806 1979 est
821 1916 933 2000 passio,
948 1924 980 1978 et
996 1916 1060 1980 haec
1074 1915 1160 1980 nullo
1181 1917 1273 1980 modo
1291 1940 1364 1980 oon·

256 2029 335 2092 tinet
350 2029 412 2094 vim
427 2029 565 2092 activam.
611 2027 704 2090 Unde
717 2024 861 2090 omnibns
877 2025 976 2090 modis
988 2048 1110 2090 necesse
1119 2036 1165 2090 est
1175 2026 1363 2104 concludere,

257 2160 294 2202 ex
307 2140 366 2202 boc
381 2139 465 2224 quod
478 2139 574 2202 homo
588 2138 628 2201 sit
643 2137 867 2221 cognoscitivus
888 2136 1089 2214 sensibilium,
1105 2160 1171 2201 esse
1185 2137 1218 2200 in
1239 2137 1363 2201 homine

257 2250 372 2336 aliquid
387 2260 496 2336 praeter
510 2251 667 2314 materiam
683 2259 713 2313 et
728 2251 862 2313 materiae
877 2248 1126 2314 modificationes.

299 2367 353 2428 40.
379 2364 465 2428 Idem
481 2387 498 2427 a
513 2363 631 2427 fortiori
653 2362 863 2441 concludetur,
879 2362 905 2424 si
920 2361 1116 2425 attendamus
1131 2361 1170 2425 ad
1185 2361 1245 2426 vim
1267 2362 1362 2426 sensi-

256 2473 363 2539 bilium
380 2474 588 2560 appetitivam.
634 2473 715 2538 Nam
728 2474 793 2538 baec
808 2473 852 2537 vis
864 2476 992 2539 exerceri
1007 2473 1124 2559 nequit,
1140 2473 1201 2538 nisi
1210 2473 1361 2539 obiectum

256 2587 511 2672 apprehendatur,
534 2597 565 2650 et
588 2586 787 2671 apprehensio
810 2586 875 2649 eius
901 2587 934 2649 in
957 2586 1205 2670 apprehendente
1231 2587 1362 2650 existens

255 2698 411 2783 imprimat
430 2708 550 2762 motum
564 2698 597 2761 iu
617 2698 738 2762 affectu.
783 2699 948 2783 Appetitas
972 2699 1053 2761 euim
1078 2706 1217 2762 movetur
1237 2721 1255 2761 a
1281 2698 1361 2760 bono

256 2812 388 2895 cognito,
404 2820 440 2873 ut
460 2810 572 2875 scimus
581 2836 591 2889 3
614 2810 698 2873 unde
713 2809 777 2873 baec
794 2809 860 2873 fieri
880 2818 982 2893 potest
1001 2809 1146 2873 facillima
1161 2810 1252 2872 simul
1267 2819 1297 2872 et
1313 2832 1361 2872 so-

256 2920 405 2985 lidissima
413 2923 656 3005 argumentatio:
674 2920 852 2984 Subiectum
865 2920 1060 3006 appetitionis
1071 2921 1238 2985 necessario
1250 2920 1362 2984 babere

256 3033 346 3097 debet
362 3033 436 3097 duas
456 3034 647 3118 passivitates
662 3033 789 3097 diversae
802 3032 929 3117 speciei:
953 3055 1056 3111 unam,
1079 3054 1147 3118 quae
1169 3042 1308 3097 movetur
1322 3032 1361 3097 ab

255 3144 374 3210 obiecto
408 3144 621 3209 antecedenter
642 3144 681 3208 ad
706 3145 910 3228 coguitionem
935 3144 1054 3222 obiecti,
1081 3154 1112 3208 et
1134 3153 1181 3207 est
1203 3144 1361 3229 passivitas

255 3257 410 3321 facultatis
434 3257 665 3341 cognoscitivae:
700 3254 800 3335 aliam,
824 3278 894 3339 quae
915 3263 1054 3319 movetur
1076 3263 1296 3340 consequenter
1321 3256 1360 3319 ad

255 3370 461 3454 cognitionem
475 3369 595 3447 obiecti,
606 3377 636 3431 et
651 3374 698 3431 est
712 3368 872 3452 passivitas
887 3366 1041 3431 facultatis
1056 3368 1239 3451 appetitivae.
1263 3368 1360 3452 Atqui

254 3480 381 3543 materia
403 3503 465 3544 non
487 3479 580 3543 habet
602 3480 679 3543 (luas
701 3478 891 3563 passivitates
914 3478 1039 3543 diversae
1059 3478 1178 3563 speciei,
1195 3478 1248 3542 sed
1263 3478 1358 3541 solam

254 3590 459 3677 passivitatem
477 3600 578 3654 motus
598 3590 711 3655 localis.
756 3590 840 3675 Ilrgo
861 3590 915 3653 ubi
930 3598 976 3653 est
992 3612 1069 3674 pura
1084 3591 1220 3669 materia,
1234 3589 1278 3654 ibi
1293 3612 1358 3653 om·

254 3702 328 3766 nino
343 3702 539 3786 impossibilis
554 3712 600 3766 est
615 3712 717 3766 motus
732 3703 865 3765 excitans
880 3701 1061 3785 appetitum.

297 3814 445 3878 Praeterea
467 3824 609 3898 appetere
631 3836 693 3877 non
717 3823 762 3876 est
785 3820 908 3875 tantum
932 3814 1006 3897 pati,
1031 3812 1084 3876 sed
1105 3812 1196 3877 etiam
1213 3834 1311 3896 agere,
1328 3823 1359 3876 et

253 3925 375 4011 quidem
393 3934 462 3989 actu
479 3925 602 3989 diversae
624 3924 734 4009 speciei
756 3924 794 3987 ab
818 3932 890 3987 actu
912 3924 1127 4008 cognoscitivo.
1174 3924 1261 3987 Sicut
1284 3944 1357 4007 ergo

253 4039 365 4121 duplex
379 4038 547 4122 passivitas,
563 4037 606 4099 ita
621 4035 711 4099 etiam
723 4034 854 4118 duplicis
868 4035 977 4120 speciei
992 4034 1129 4099 activitas
1143 4034 1309 4119 requiritur
1323 4035 1355 4097 iu

252 4173 288 4213 eo
303 4150 351 4213 cui
367 4150 508 4212 convenit
531 4155 681 4231 appetere.
728 4146 825 4231 Atqui
845 4146 878 4209 in
902 4148 1026 4210 materia
1045 4169 1107 4209 non
1129 4154 1176 4209 est
1191 4146 1250 4209 nisi
1267 4146 1356 4209 unica

251 4261 387 4325 activitas
402 4270 431 4324 et
447 4259 569 4344 quidem
586 4281 712 4343 prorsus
731 4259 1004 4343 improportionata
1019 4259 1057 4322 ad
1073 4258 1193 4343 proprie
1209 4270 1355 4343 appeten-

252 4373 335 4436 dum.
374 4372 465 4452 Ilugo.
505 4370 636 4454 insuper
647 4379 733 4434 actus
745 4370 908 4454 appetendi
918 4379 963 4434 cst
973 4380 1058 4435 actus
1070 4372 1241 4434 immanens
1251 4396 1260 4448 3
1284 4392 1357 4453 ergo
