3200 4975
222 351 295 394 car.
312 330 367 413 ιι]
405 383 407 386 .
676 354 719 396 un
738 354 884 397 nonius.
1265 334 1326 395 241

222 516 355 580 centiam
370 539 436 580 esse
450 516 537 581 valde
552 517 724 582 inferiorem
744 541 799 582 sua
815 520 843 582 vi
859 518 1076 603 complacendi,
1092 528 1122 581 et
1142 540 1197 602 per
1211 516 1328 593 bouum

222 628 255 693 in
278 651 340 713 quo
365 628 423 693 sibi
445 629 614 714 complacet
636 653 699 693 non
720 631 824 695 satiari
845 631 1036 715 appetitum:
1060 652 1096 694 cx
1116 630 1210 694 ultera
1232 638 1326 713 parte,

153 813 160 821 x
213 735 295 825 'quia
308 763 363 825 per
378 741 594 825 experientiam
608 742 708 806 noscit
730 765 810 827 saepe
825 742 937 806 iudicia
951 742 1082 826 practica
1096 763 1159 804 non
1173 763 1239 805 esse
1254 740 1327 803 satis

224 852 372 931 discussa,
386 862 418 918 et
437 853 509 919 dare
523 854 624 919 locum
643 856 844 939 poenitentiae,
860 877 971 940 anceps
988 855 1081 919 haeret
1101 854 1327 939 aliquantisper,

223 988 263 1028 an
290 964 399 1029 debeat
428 989 515 1030 suam
539 967 795 1032 consultationem
821 968 929 1032 melius
958 967 1139 1045 examinare,
1163 977 1325 1050 antequam

224 1076 360 1160 quiescat
381 1076 415 1140 in
429 1078 485 1141 tali
498 1078 617 1144 obiecto
638 1101 692 1163 per
711 1079 843 1143 liberum
857 1101 1049 1143 consensum.
1094 1079 1134 1145 In
1148 1078 1203 1142 tali
1225 1088 1328 1142 autem

222 1189 413 1254 haesitatione
424 1191 460 1254 fit
472 1191 583 1275 aliquis
598 1200 786 1276 spontaneus
797 1214 938 1259 recursus
950 1192 1128 1275 opomerum,
1139 1190 1251 1275 quibus
1262 1189 1328 1253 aliae

224 1309 255 1364 ιι
274 1300 342 1365 aliae
356 1325 437 1387 saepe
455 1302 655 1382 associantur,
670 1303 710 1367 ob
728 1303 897 1368 naturalem
912 1303 1087 1369 intellectus
1107 1301 1326 1366 mobilitatem:

225 1422 257 1477 et
272 1413 315 1478 sic
330 1414 370 1478 ad
389 1436 482 1479 novas
497 1414 752 1479 considerationes
766 1424 797 1479 et
812 1414 852 1479 ad
869 1437 982 1479 novum
997 1414 1144 1479 iudicium
1160 1414 1328 1498 practicum

227 1534 375 1590 sternitur
399 1527 456 1589 via.
501 1527 552 1591 De
572 1526 632 1591 hoc
654 1528 788 1592 secundo
812 1527 924 1592 iudicio
946 1527 1026 1591 idem
1050 1526 1211 1591 dicendum
1234 1548 1269 1589 ac
1292 1525 1329 1590 de

226 1639 336 1723 primo,
351 1638 491 1703 videlicet
505 1639 582 1704 illud
597 1663 661 1704 non
675 1640 834 1704 excludere
849 1639 1079 1725 possibilitatem
1094 1638 1276 1723 procedendi
1290 1636 1330 1701 ad

226 1750 353 1815 tertium
374 1751 458 1815 etad
481 1752 549 1830 alia,
566 1751 662 1816 donec
677 1752 819 1816 voluntas
839 1753 873 1815 in
888 1774 951 1815 uno
971 1773 1008 1813 ex
1022 1750 1139 1815 actibus
1154 1750 1330 1845 spontaneis

226 1861 339 1927 iudicia
353 1864 611 1947 consequentibus
625 1864 733 1928 reflexe
748 1887 803 1928 seu
817 1862 910 1927 libere
925 1863 1128 1947 conquiescat.

180 2020 184 2024 ,
272 1974 326 2038 80.
350 1972 421 2051 Sed,
433 1994 559 2057 quaeres,
569 1973 652 2037 unde
667 1982 714 2037 est
728 1973 812 2058 quod
826 1973 860 2037 in
868 1995 931 2038 uno
946 1995 983 2036 ex
991 1972 1052 2036 illis
1067 1972 1185 2037 actibus
1196 1972 1331 2057 quiescat

229 2084 439 2168 potiusquam
454 2085 487 2147 in
505 2107 568 2148 uno
583 2086 642 2149 alio
657 2085 868 2171 praecedente?
913 2062 1105 2169 Respondeo,
1120 2083 1159 2149 ad
1173 2084 1330 2168 quiescen-

158 2183 160 2188 ’
228 2195 302 2259 dum
324 2196 358 2258 in
383 2203 454 2261 actu
476 2196 609 2260 naturali
635 2220 754 2281 semper
776 2196 882 2262 haberi
904 2198 1057 2281 rationem,
1077 2196 1275 2260 sufficientem
1298 2196 1332 2258 in

227 2305 366 2370 bonitate
380 2306 476 2391 ipsius
491 2316 578 2373 actus
600 2308 759 2372 naturalis.
804 2307 855 2371 Ad
870 2306 1087 2392 quiescendum
1110 2316 1213 2371 autem
1228 2306 1261 2370 in
1275 2306 1332 2369 hoc

229 2426 301 2482 actu
315 2418 419 2503 potius
434 2440 526 2504 quam
541 2420 574 2482 in
596 2418 649 2482 illo
663 2419 741 2483 nihil
756 2418 842 2482 aliud
863 2418 1037 2504 requiritur,
1054 2418 1113 2483 nisi
1128 2428 1163 2482 ut
1179 2418 1332 2496 voluntas,

229 2530 305 2594 dum
319 2529 456 2595 adhunc
470 2531 642 2596 naturalem
654 2531 881 2617 complacentiae
895 2541 997 2596 actum
1013 2531 1150 2610 reflectit,
1166 2553 1229 2594 ιιοιι
1238 2531 1330 2604 ⁴illum

227 2650 380 2722 retractet,
396 2653 450 2706 aut
464 2642 568 2722 elidat,
584 2643 663 2708 sicut
683 2645 906 2728 praecedentes,
930 2667 966 2710 ιο
980 2645 1047 2729 ipso
1062 2645 1142 2708 enim
1164 2643 1332 2728 quodcum

230 2753 390 2816 reflexione
412 2755 492 2818 sinat
515 2764 618 2819 actum
642 2754 762 2834 durare,
787 2755 862 2819 dum
885 2763 987 2840 potest
1009 2777 1080 2819 eum
1098 2754 1217 2832 elidere,
1240 2753 1334 2818 libere

229 2863 276 2927 illi
297 2866 458 2929 consentit.
505 2866 569 2930 Cur
590 2889 661 2931 vero
685 2867 760 2930 alios
783 2867 880 2946 elidit,
906 2868 989 2931 hunc
1011 2888 1074 2930 non
1098 2865 1207 2956 elidit?
1252 2864 1333 2941 Quia

230 2998 294 3040 non
309 2985 408 3061 potest
421 2987 570 3062 perpetuo
585 3001 708 3043 manere
722 2979 755 3042 in
770 2979 1002 3056 consultatione,
1019 2977 1154 3042 sedeam
1170 2977 1333 3062 aliquando

231 3088 410 3152 concludere
432 3089 522 3154 debet
543 3113 599 3174 per
620 3090 819 3170 electionem3
843 3113 939 3176 quum
960 3090 1042 3154 enim
1065 3089 1247 3154 consultatio
1271 3110 1336 3151 non-

229 3200 341 3265 habeat
355 3201 415 3264 nisi
430 3201 579 3266 rationem
602 3202 705 3283 medii,
721 3201 812 3267 debet
826 3195 968 3274 voluntas
982 3201 1066 3266 illam
1084 3199 1246 3285 aliquando
1261 3222 1333 3264 oon·
1369 3233 1371 3238 .

231 3312 363 3392 cludere,
380 3323 415 3376 ut
429 3313 563 3397 attingat
577 3315 669 3378 finem
684 3313 857 3398 proximum
873 3313 912 3378 ad
926 3336 1018 3399 quem
1033 3313 1185 3396 dirigitur.
1231 3309 1333 3386 Quare

231 3447 304 3508 ergo
318 3424 401 3488 illam
418 3424 572 3489 concludit
595 3426 668 3488 dum
684 3435 732 3489 est
745 3425 779 3488 in
793 3425 852 3489 hoc
873 3425 1083 3510 potiusquam
1098 3423 1151 3489 illo
1166 3433 1237 3487 actu
1252 3441 1333 3518 conf

230 3535 412 3619 placentiae?
458 3535 539 3612 Quia
553 3537 627 3601 dum
642 3539 735 3602 estin
755 3537 814 3601 hoc
829 3547 910 3615 actu,
925 3538 1135 3622 potiusquam
1150 3536 1225 3600 dum
1240 3544 1287 3599 ιιι
1301 3535 1334 3598 in

212 3647 294 3728 illo,
317 3647 469 3732 contingit
490 3649 518 3712 ei
538 3649 636 3732 magis
657 3648 811 3713 reflectere
827 3648 866 3712 ad
886 3649 934 3727 sui
956 3647 1085 3712 subiecti
1104 3645 1333 3731 dispositionem

232 3769 412 3844 praesentem
427 3760 466 3824 ad
481 3761 698 3845 quiescendum
712 3761 746 3824 in
761 3782 817 3825 suo
832 3768 911 3840 actu,
928 3759 967 3823 ad
982 3759 1164 3844 capiendum
1179 3758 1332 3822 consulta-

230 3872 325 3935 tionis
348 3871 493 3936 fructum.
541 3871 601 3936 Sed
626 3872 709 3936 unde
731 3872 796 3937 haec
820 3871 931 3956 cupido
953 3870 1128 3956 quiescendi
1149 3870 1185 3934 fit
1207 3868 1333 3933 efficax?

231 3983 279 4047 ux
299 3983 384 4047 nulla
397 4005 488 4048 causa
509 3984 638 4068 positive
651 3993 772 4068 agente,
788 4007 884 4068 quum
904 3984 1029 4048 effectus
1050 3983 1089 4060 sit
1111 3982 1234 4046 omissio
1248 3993 1334 4046 actus

233 4095 385 4174 contrarii,
401 4117 469 4180 quae
484 4105 608 4158 nonest
630 4094 747 4180 aliquid
761 4095 925 4180 positivum
937 4122 946 4175 3
970 4106 1000 4160 et
1015 4102 1234 4180 consequenter
1248 4092 1336 4157 nulla

232 4206 325 4276 huius
340 4208 384 4271 rei
405 4208 482 4272 ratio
497 4208 650 4272 sufficiens
669 4216 716 4272 est
731 4208 798 4286 alia,
815 4208 875 4272 nisi
896 4231 955 4272 aon
969 4209 1123 4272 ιιιιιιιιιιι
1142 4206 1335 4292 repugnandi

231 4318 314 4384 actui
339 4320 507 4404 spontaneo
531 4330 563 4385 et
589 4320 703 4385 directo
729 4319 964 4404 complacentia.
1026 4318 1086 4382 Sed
1112 4317 1187 4401 quid
1213 4339 1334 4382 causare

277 4451 352 4494 von.
369 4449 409 4496 ιι.
740 4483 745 4490 .
1142 4451 1164 4490 a
