3200 4975
275 312 339 375 212
723 330 765 372 on
783 328 927 372 neurus.
968 335 974 348 =
1234 307 1320 392 [car.
1338 329 1381 371 11.

274 491 399 557 materia
423 503 541 556 moveat
564 491 716 576 spiritum,
740 490 824 576 quod
848 499 895 554 est
918 490 1105 575 impossibile
1116 516 1126 570 3
1156 491 1208 554 sed
1233 514 1286 576 per
1309 492 1376 579 hoe,

273 604 357 690 quod
375 606 502 670 mutatis
523 605 749 669 accidentaliter
763 604 990 668 conditionibus
1012 604 1219 668 materialibus
1242 605 1376 683 termini,

272 717 304 780 in
320 739 381 802 quo
396 718 457 781 vita
471 725 621 797 acturtur,
636 716 702 801 ipse
723 724 810 780 actus
825 715 978 780 vivificans
1000 715 1058 779 alio
1073 723 1104 780 et
1119 715 1178 780 alio
1193 716 1285 781 modo
1300 718 1376 780 aeci-

274 827 436 892 dentaliter
449 827 606 892 terminari
621 827 749 907 debeat;
772 850 869 913 quum
884 827 965 891 enim
982 837 1067 892 actus
1083 827 1236 892 vivificans
1257 829 1297 892 sit
1312 828 1377 913 ipsa

273 938 443 1002 substantia
465 939 583 1017 animae,
598 939 632 1002 iu
654 961 715 1024 qua
728 948 775 1003 est
793 947 824 1002 ct
838 938 1011 1003 intellectus
1033 946 1065 1002 ct
1087 939 1252 1024 appetitus,
1268 940 1375 1024 nequit

272 1050 375 1113 anima
389 1072 451 1114 non
469 1050 624 1135 percipere
638 1050 842 1114 diversitatem
865 1049 1080 1114 accidentalem
1096 1051 1329 1130 terminationis,
1345 1061 1376 1114 et

273 1183 336 1225 non
362 1160 439 1225 bene
461 1170 516 1226 aut
535 1162 615 1226 male
636 1162 725 1241 affici,
740 1169 833 1247 prout
855 1162 902 1226 vel
924 1161 1007 1225 iuvat
1029 1162 1205 1226 exercitium
1227 1162 1307 1242 vitae,
1327 1163 1374 1227 vel

272 1273 369 1337 eidem
394 1283 493 1338 nocet.
540 1273 719 1338 Notandum
749 1284 862 1353 autem,
888 1272 971 1357 quod
1000 1273 1101 1337 anima
1130 1296 1192 1337 non
1219 1275 1375 1358 cognoscit

273 1405 412 1468 quaenam
428 1385 468 1448 sit
483 1385 604 1464 entitas,
616 1384 730 1470 species
745 1393 775 1447 et
790 1393 901 1449 natura
915 1384 1095 1449 mutationis
1110 1384 1197 1450 factae
1211 1385 1245 1449 in
1260 1409 1375 1471 organo

272 1518 290 1560 a
312 1519 345 1560 ae
368 1496 527 1576 vivificato,
548 1496 603 1560 sed
627 1496 783 1580 cognoscit
807 1495 985 1580 simpliciter
1007 1496 1208 1560 mutationem
1229 1497 1373 1561 termina·

272 1607 365 1672 tionis
387 1630 450 1671 suae
469 1607 509 1671 ad
527 1607 615 1686 illud,
630 1607 703 1692 quia
724 1606 823 1670 noscit
842 1629 874 1670 se
897 1606 928 1669 in
946 1607 998 1670 illo
1019 1629 1084 1670 non
1099 1607 1209 1671 babere
1232 1607 1372 1672 eumdem

271 1717 380 1803 agendi
404 1718 530 1783 modum
549 1741 584 1783 ae
605 1726 677 1782 ante
700 1718 956 1799 immutationem.
1003 1718 1085 1781 Hinc
1107 1740 1170 1782 non
1192 1727 1238 1783 est
1261 1719 1373 1784 mirum

271 1828 354 1912 quod
374 1828 484 1914 aliquis
507 1829 605 1894 doleat
627 1829 664 1893 de
684 1829 817 1908 vulnere,
838 1829 996 1893 affectione
1011 1829 1198 1895 rheumatica
1213 1842 1282 1910 etc,
1297 1833 1372 1917 quin

270 1940 367 2024 possit
382 1940 480 2005 dicere
499 1941 532 2004 in
555 1963 616 2026 quo
631 1941 753 2026 praecise
775 1940 914 2004 consistit
936 1941 1043 2024 organi
1058 1941 1140 2005 laesio
1156 1941 1202 2005 vel
1225 1942 1372 2007 alteratio.

271 2050 451 2116 Notandum
471 2052 606 2136 insuper,
622 2053 704 2138 quod
724 2076 819 2137 quum
839 2051 1014 2116 informatio
1031 2075 1094 2116 non
1118 2054 1157 2116 sit
1172 2055 1275 2139 aliqua
1294 2055 1373 2120 actio

269 2161 374 2240 libera,
391 2163 443 2226 sed
458 2163 605 2227 naturalis
619 2163 794 2228 terminatio
810 2163 988 2228 substantiae
1003 2164 1112 2228 animae
1127 2165 1165 2229 ad
1180 2188 1299 2251 corpus,
1316 2167 1372 2229 im-

270 2272 401 2337 mutatio
420 2274 563 2356 organica
582 2296 646 2337 non
667 2274 813 2358 relinquit
833 2273 942 2338 animae
960 2274 1136 2338 facultatem
1157 2274 1308 2339 sentiendi
1326 2277 1373 2340 vel

269 2407 331 2448 non
347 2385 498 2449 sentiendi
512 2407 568 2471 pro
583 2385 718 2464 arbitrio,
733 2385 785 2448 sed
809 2385 934 2448 omnino
950 2385 1132 2449 determinat
1148 2386 1371 2450 sensationem:

268 2520 332 2561 non
347 2506 451 2562 tamen
466 2498 595 2583 positive
610 2497 729 2581 agendo
744 2499 777 2561 in
791 2498 938 2576 animam,
954 2498 1008 2561 sed
1023 2498 1247 2564 accidentaliter
1262 2500 1371 2564 immu-

268 2609 362 2673 tando
384 2610 550 2673 terminum
573 2617 659 2672 actus
680 2608 877 2687 informativi,
898 2608 951 2693 qui
969 2618 1055 2673 actus
1078 2617 1124 2673 est
1147 2610 1309 2673 sensitivus
1333 2610 1371 2673 ob

268 2721 364 2807 ipsam
381 2744 467 2785 suam
483 2720 729 2785 terminationem
746 2718 785 2783 ad
799 2718 891 2783 talem
908 2719 1084 2783 terminum.

312 2832 353 2895 Et
368 2854 422 2917 per
435 2833 500 2895 baec
510 2831 631 2896 videtur
646 2830 775 2894 breviter
789 2837 820 2894 et
832 2829 910 2894 clare
926 2831 1026 2894 soluta
1040 2853 1153 2915 magna
1167 2831 1220 2895 illa
1234 2832 1371 2916 quaestio,

269 2944 421 3029 quomodo
432 2965 542 3028 corpus
554 2951 712 3007 concurrat
722 2942 759 3005 ad
776 2950 862 3007 actus
878 2942 987 3005 animae
1002 2941 1032 3005 in
1047 2942 1214 3026 composito
1226 2943 1371 3009 humano.

261 3056 405 3133 -Quaestio
421 3058 455 3119 de
476 3058 643 3119 commocio
658 3054 753 3117 animi
767 3062 798 3117 et
821 3054 963 3138 corporis,
980 3053 1050 3118 licet
1069 3054 1110 3118 sic
1126 3055 1257 3119 resoluta
1272 3057 1371 3140 quoad

268 3192 358 3232 suum
370 3168 563 3253 principium,
573 3166 665 3230 babet
674 3176 777 3229 tamen
789 3163 903 3229 multas
915 3165 987 3229 alias
999 3165 1165 3249 peculiares
1174 3166 1372 3231 obscuritates

268 3281 300 3344 in
323 3281 415 3345 rebus
437 3278 680 3366 particularibus,
696 3286 732 3341 ut
754 3300 851 3361 quum
875 3278 1021 3361 quaeritur
1036 3299 1104 3361 quae
1123 3298 1239 3361 organa
1260 3278 1371 3363 quibus

268 3392 495 3477 operationibus
517 3391 692 3467 inserviant,
708 3389 820 3474 quibus
837 3389 981 3453 vehiculis
1004 3387 1253 3475 transmittantur
1267 3398 1370 3453 motus

268 3505 330 3567 sive
356 3504 395 3567 ad
419 3502 586 3582 cerebrum,
610 3502 672 3565 sive
694 3500 733 3565 ad
755 3522 816 3580 cor,
832 3508 889 3564 etc.
936 3499 997 3563 Sed
1018 3499 1082 3563 haec
1105 3500 1208 3563 omnia
1230 3500 1372 3565 videntur

269 3614 366 3698 magis
392 3613 429 3677 ad
450 3613 584 3677 medicos
608 3613 769 3697 pertinere,
791 3634 884 3697 quam
911 3611 949 3674 ad
975 3610 1173 3695 philosophos
1199 3611 1369 3690 rationales,

267 3726 322 3811 qui
336 3725 415 3789 solas
430 3724 562 3789 rationes
577 3746 734 3809 supremas
749 3746 851 3787 rerum
864 3722 1045 3806 investigare
1057 3721 1165 3786 solent.
1201 3721 1370 3807 Opiniones

267 3845 369 3903 autem
385 3836 572 3900 medicorum
584 3844 614 3899 et
629 3836 881 3920 philosophorum
897 3834 975 3898 eirca
989 3833 1068 3898 hanc
1083 3833 1239 3897 materiam
1255 3834 1368 3918 passim

267 3950 349 4034 apud
364 3957 501 4014 auctores
515 3948 660 4012 invenies.

310 4064 362 4126 63.
386 4062 488 4146 Igitur
509 4082 616 4125 sensus
638 4060 754 4124 externi
774 4068 847 4123 sunt
861 4082 976 4145 organa
998 4059 1142 4137 animata,
1158 4080 1287 4143 quorum
1311 4057 1369 4121 im·

265 4174 451 4238 mutationes
484 4173 522 4237 ab
558 4172 683 4237 obiectis
714 4171 920 4236 materialibus
952 4180 1081 4235 causatae
1113 4178 1213 4234 actum
1247 4170 1369 4233 vitalem

265 4286 490 4353 accidentaliter
516 4286 702 4350 modificant.
765 4284 1012 4367 Distinguuntur
1026 4291 1146 4381 ''autem-
1173 4278 1211 4346 ab
1241 4282 1369 4346 invicem
