3200 4975
258 353 324 415 254
709 374 753 417 nn
771 373 917 418 nonina.
1201 350 1287 433 [ear.
1307 368 1363 410 111.

258 556 313 621 per
327 534 457 621 speciem
473 536 675 622 propositum,
694 546 742 602 est
764 539 892 603 omnino
917 536 1093 616 necessaria,
1116 535 1155 600 sd
1169 536 1228 599 hoc
1243 543 1279 598 ut
1294 532 1366 618 quis

258 646 356 733 possit
369 646 430 714 dici
444 647 556 714 habere
570 648 670 715 ideam
684 649 807 731 obiecti,
823 658 859 715 ιιι
874 672 910 715 ex
924 649 1063 714 dicendis
1077 648 1205 734 patebit.

302 762 355 826 94.
379 760 535 837 Quaeritur
555 761 658 840 tertio,
676 770 778 827 cetram
798 764 873 842 ideo,
889 784 977 847 quom
997 764 1064 846 qnia
1084 760 1368 845 acceptasse

259 872 370 937 diecto
384 874 417 937 ia
429 895 516 937 masa
529 874 740 959 ontolcponam.

303 982 486 1069 Respondeo
500 985 652 1069 negative.
697 985 780 1050 Nam
793 985 863 1050 idea
878 984 993 1050 directa
1013 984 1165 1069 signifieat
1180 981 1263 1068 apud
1277 986 1368 1044 onto-

261 1096 349 1181 logos
371 1095 521 1161 intuitum
550 1096 762 1162 immediatum
784 1106 815 1161 et
837 1104 1078 1182 permanentem,
1103 1096 1141 1160 de
1162 1116 1224 1180 quo
1246 1092 1369 1157 animus

261 1206 320 1273 sibi
353 1208 493 1274 conscius
519 1230 585 1273 non
613 1221 670 1288 est,
700 1210 774 1295 qnia
804 1232 868 1274 non
900 1208 1028 1275 reflectit
1058 1208 1097 1273 ad
1127 1229 1217 1272 suum
1253 1214 1367 1269 actum.

260 1319 380 1386 Dicunt
394 1320 476 1385 enirn
496 1320 621 1406 quidam
640 1322 787 1406 ipsorum,
803 1331 839 1385 ut
855 1320 1002 1401 Gioberti,
1018 1343 1076 1385 nos
1090 1318 1203 1385 habere
1217 1316 1368 1382 intuitum

261 1431 473 1497 immediatum
492 1442 524 1498 et
542 1442 773 1519 permanentem
786 1433 848 1497 Dei
865 1434 969 1520 (quem
980 1433 1046 1518 ipse
1059 1439 1147 1499 vocat
1161 1431 1289 1513 Ideessa),
1305 1426 1368 1505 alii,

261 1552 299 1610 ιιι
313 1544 464 1625 Rosmini,
479 1566 535 1610 nos
554 1545 667 1610 habere
687 1545 838 1611 intuitum
859 1545 1072 1610 immediatum
1092 1552 1123 1608 et
1137 1556 1369 1629 permanentem

261 1657 343 1722 entis
369 1656 589 1743 generalissimi
614 1658 719 1742 (quem
742 1656 836 1720 multi
860 1678 931 1721 cum
955 1656 1024 1720 Deo
1050 1655 1257 1742 confundunt)
1268 1685 1278 1739 ;
1305 1682 1369 1724 non

262 1779 367 1836 tamen
388 1769 499 1837 habere
525 1769 741 1836 conscientiam
764 1770 803 1835 de
824 1770 883 1835 hoc
905 1776 976 1834 actu
998 1767 1123 1848 directo,
1145 1791 1202 1833 nec
1225 1770 1291 1835 eius
1311 1772 1368 1835 ob-

262 1881 377 1947 iectum
391 1882 499 1947 reflexe
513 1882 677 1966 percipere,
693 1881 753 1946 nisi
767 1881 844 1945 dnm
864 1881 1034 1965 cogitamus
1056 1880 1140 1945 entia
1161 1882 1368 1965 particularia,

263 1994 351 2059 etin
380 2000 531 2079 quantum
553 1992 728 2057 continetur
749 1993 782 2057 in
806 1992 1052 2078 particularibus.
1098 1991 1192 2068 Quod
1221 1993 1368 2056 ultimum

264 2105 335 2170 lioet
356 2125 495 2188 expresse
515 2124 580 2168 non
601 2103 705 2168 dicant
727 2126 835 2170 omnes
856 2103 1005 2188 ontologi,
1031 2102 1246 2189 aequivclenter
1267 2112 1369 2168 tamen

264 2240 371 2284 omnes
399 2217 554 2295 intentum
574 2224 688 2302 putant
709 2216 792 2281 enim
814 2239 871 2281 nos
893 2216 1088 2301 particularia
1113 2239 1296 2301 cognoscere
1317 2240 1371 2301 per

264 2330 364 2396 ideam
378 2328 440 2394 Dei
453 2328 501 2392 vel
514 2350 569 2413 per
583 2327 681 2407 ideam
701 2329 791 2407 entis,
807 2337 838 2393 et
853 2328 1037 2393 reflectendo
1052 2330 1091 2394 ad
1106 2338 1246 2393 nostrum
1267 2338 1370 2394 actum

265 2464 327 2529 quo
349 2441 561 2528 cognoscimus
582 2441 785 2527 particularia,
809 2442 961 2526 attingere
982 2443 1094 2525 refleoee
1114 2442 1215 2508 ideam
1236 2442 1307 2522 Dei,
1323 2441 1371 2506 vel

265 2556 366 2621 ideam
394 2554 485 2633 entis,
514 2561 607 2639 prout
628 2553 662 2618 in
684 2553 891 2638 singularibus
913 2554 974 2618 illis
996 2555 1177 2638 attingibilis
1200 2565 1256 2618 est.
1304 2555 1372 2618 Hoc

266 2675 369 2733 autem
383 2673 431 2731 est
445 2665 554 2744 dicere,
573 2664 674 2730 ideam
694 2665 753 2729 Dei
769 2665 816 2730 vel
838 2664 938 2730 ideam
960 2665 1040 2730 entis
1061 2667 1105 2730 ita
1127 2689 1192 2731 esse
1215 2665 1370 2744 directam,

265 2787 302 2844 ut
316 2801 476 2863 nunqnam
491 2778 643 2863 possimus
657 2800 713 2863 per
732 2787 836 2842 actum
855 2778 1001 2843 reflexum
1023 2799 1214 2864 cognoscere,
1235 2801 1293 2842 nos
1307 2799 1372 2841 esse

266 2891 423 2956 intuentes
441 2890 544 2955 Deum
559 2889 608 2954 vel
630 2912 685 2953 ens
706 2889 740 2953 in
762 2889 925 2954 universali
948 2889 1117 2954 secundum
1138 2888 1171 2953 id
1193 2889 1277 2974 quod
1299 2897 1371 2954 sunt

266 3005 384 3069 ratione
410 3002 468 3083 sui,
494 3001 547 3067 sed
572 3010 694 3066 tantum
724 3002 893 3067 secundum
922 3002 1007 3087 quod
1029 3025 1085 3087 per
1108 3001 1372 3086 participationem

268 3115 399 3181 suntin
423 3114 639 3200 singrlnribus.
684 3114 763 3179 Dico
791 3114 897 3199 igitur,
923 3114 1041 3179 nidlam
1071 3114 1171 3179 ideam
1197 3114 1255 3178 hoc
1281 3113 1372 3178 modo

268 3227 414 3294 directam
429 3249 494 3292 esse
509 3227 542 3291 in
555 3225 691 3290 homine.
736 3225 829 3290 Ratio
858 3233 914 3305 est,
930 3225 1003 3311 quia
1021 3226 1123 3290 omnis
1138 3233 1224 3291 actus
1239 3226 1372 3290 directus

269 3337 527 3425 apprehendendi,
547 3337 716 3422 praesertim
731 3337 758 3401 si
771 3359 964 3423 permanens,
980 3346 1015 3402 ut
1030 3337 1168 3422 ontologi
1183 3347 1372 3422 supponunt,

269 3452 356 3518 affert
378 3472 482 3514 secum
503 3449 673 3534 proximam
694 3448 929 3534 possibilitatem
951 3458 1037 3516 actus
1059 3449 1171 3530 reflexi,
1194 3472 1255 3535 quo
1276 3449 1372 3536 perci-

269 3563 357 3648 piens
372 3571 535 3644 cognoscat
549 3583 583 3626 sc
598 3560 751 3646 percipere
770 3560 803 3624 id
824 3560 907 3645 quod
925 3560 1065 3646 percipit.
1110 3561 1194 3646 Ergo
1208 3561 1313 3626 nullus
1327 3569 1373 3626 est

269 3675 303 3740 in
328 3673 453 3738 homine
476 3681 563 3736 actus
585 3694 769 3757 permanens
797 3671 948 3752 intuendi,
973 3673 1027 3758 qui
1050 3673 1090 3736 sit
1113 3672 1157 3736 ita
1182 3672 1315 3738 directus
1338 3655 1373 3736 ut

270 3795 403 3873 nequeat
416 3785 482 3850 fieri
496 3785 644 3862 reflexus3
666 3785 772 3864 immo,
788 3785 815 3848 si
829 3793 908 3850 esset
923 3785 956 3849 in
971 3785 1095 3849 homine
1113 3785 1223 3870 aliquis
1242 3785 1373 3849 intuitus

271 3900 405 3966 directus
428 3920 613 3984 pensamus,
648 3895 836 3981 impossibile
870 3905 959 3976 esset,
988 3896 1146 3961 hominem
1175 3918 1276 3961 carere
1304 3905 1374 3961 actu

271 4014 381 4078 reflexo
404 4033 466 4097 quo
491 4017 654 4095 eognoscat
680 4031 713 4074 se
738 4009 851 4073 directe
875 4017 905 4073 et
928 4019 1142 4094 permanenter
1167 4008 1320 4094 percipere
1343 4007 1375 4071 id

255 4125 355 4210 ,quod
376 4124 516 4210 percipit.
561 4121 753 4188 Antecedens
775 4129 913 4199 constat;
938 4121 1009 4206 quia
1029 4129 1118 4186 actus
1134 4121 1262 4185 reflexus
1279 4120 1374 4205 perei-

270 4237 376 4323 piendi
396 4258 460 4300 non
482 4233 628 4320 postulat,
650 4232 712 4297 nisi
733 4241 770 4298 ιιι
791 4233 941 4298 habeatur
962 4241 1032 4296 actu
1062 4251 1194 4318 praesens
1223 4231 1374 4296 obiectum

270 4349 437 4414 internum.
477 4347 667 4429 Quumergo
681 4345 814 4409 intuitus
830 4345 955 4411 actualis
970 4368 1151 4430 permanens
1167 4345 1206 4410 sit
1221 4345 1374 4410 obiectum
