3200 4975
219 381 289 423 cnr.
306 360 375 443 ιιι]
615 379 657 421 nu
677 378 932 422 nccrnnnnrsns.
1260 358 1324 420 349

218 560 359 615 mentum
373 550 557 614 relationum
576 549 797 613 ubicativarum
813 550 904 615 debet
918 573 983 615 esse
997 550 1075 615 illud
1088 549 1273 629 absolutum,
1289 552 1320 613 in

217 685 279 748 quo
304 662 479 727 continetur
503 670 568 725 tota
598 662 675 725 ratio
700 662 839 726 omnium
868 661 1060 747 possibilium
1090 662 1320 727 ubicationum:

217 776 274 840 hoc
289 783 391 839 autem
407 782 453 838 est
468 774 638 839 virtualitas
659 774 875 838 immensitatis
890 774 1009 852 divinae,
1025 783 1061 837 ut
1076 774 1148 838 alibi
1163 784 1321 839 ostensum

217 899 273 952 est.
335 887 482 951 Similiter
509 886 542 950 in
571 886 662 949 tertio
691 908 813 971 genere,
844 886 1026 971 comparatis
1055 886 1176 951 duobus
1206 888 1321 971 qnando

218 1000 384 1073 secundum
411 999 494 1084 quod
518 999 652 1070 existunt
675 999 708 1062 in
732 999 838 1063 eadem
862 999 1023 1063 duratione
1051 998 1199 1077 absoluta,
1224 998 1322 1063 oritur

216 1112 322 1177 relatio
358 1111 535 1191 extrinseca,
565 1134 634 1195 quae
668 1111 742 1175 dicit
770 1110 818 1175 vel
851 1110 1121 1175 simultaneitctem
1152 1110 1320 1175 durationis

217 1222 402 1297 successivae,
416 1221 463 1286 vel
486 1222 675 1286 durationem
696 1223 866 1286 secundum
881 1222 967 1307 prins
989 1230 1128 1306 etpost:
1151 1231 1198 1285 est
1218 1231 1320 1287 autem

215 1334 392 1413 extrinseca,
408 1334 480 1418 quia
499 1356 590 1397 omne
605 1335 721 1417 qimam
743 1332 927 1397 accidentale
942 1342 988 1397 est
1003 1333 1196 1412 indivisibile,
1211 1343 1243 1397 et
1258 1356 1321 1397 non

215 1447 352 1510 continet
368 1445 569 1523 durationem,
582 1446 635 1509 sed
650 1454 697 1508 est
713 1445 883 1509 durationis
898 1447 1058 1510 terminus.
1104 1446 1197 1523 Quod
1211 1448 1321 1510 attinet

215 1558 254 1622 ad
276 1566 420 1642 quartum
444 1579 553 1640 genus,
569 1557 596 1620 si
614 1560 690 1621 sitas
708 1579 779 1620 cum
803 1560 864 1621 situ
887 1566 1088 1642 comparetur,
1107 1558 1259 1643 oportebit
1281 1558 1321 1622 ad

215 1691 321 1733 eorum
337 1668 514 1732 relationem
536 1668 648 1732 habere
669 1668 836 1731 terminum
859 1667 1022 1751 quemdam
1045 1676 1129 1733 extra
1144 1668 1221 1733 duos
1243 1669 1321 1733 situs

215 1781 307 1864 ipsos,
323 1791 359 1844 ut
381 1802 435 1865 per
449 1781 532 1845 hunc
551 1790 708 1864 tamquam
732 1802 788 1864 per
812 1781 936 1844 unicum
960 1779 1196 1844 fundamentum
1218 1782 1321 1845 unitas

215 1893 372 1958 relationis
401 1903 553 1977 exsurgat.
600 1894 650 1957 Sic
677 1892 756 1957 datis
786 1892 908 1957 duobus
933 1894 1058 1977 punctis
1087 1893 1120 1957 in
1150 1894 1259 1979 spatio,
1285 1903 1320 1958 ut

215 2016 365 2091 punctum
391 2007 421 2069 A
447 2006 507 2070 dici
530 2007 626 2091 possit
652 2008 851 2071 adorientem
874 2009 980 2090 puncti
1007 2008 1044 2086 B,
1059 2007 1106 2071 vel
1126 2008 1167 2071 ud
1188 2008 1321 2072 mrtem

215 2120 321 2202 puncti
345 2119 383 2197 B,
408 2118 456 2182 vel
480 2119 560 2202 infra
589 2128 740 2203 punctum
770 2120 809 2198 B,
833 2129 902 2199 etc,
927 2120 1010 2205 quod
1039 2131 1084 2183 est
1108 2119 1219 2185 habere
1243 2121 1320 2185 situs

214 2231 337 2294 relative
361 2230 502 2309 diversos,
522 2252 644 2295 necesse
669 2242 716 2294 est
738 2254 773 2294 ea
791 2241 908 2316 puncta
928 2232 1032 2295 referri
1056 2231 1095 2295 ad
1114 2231 1214 2295 locum
1236 2232 1319 2297 unde

214 2342 260 2404 sol
274 2342 380 2421 oritur,
396 2342 443 2405 rel
459 2342 497 2405 ad
514 2341 649 2405 dextram
672 2341 858 2427 aspicientis,
874 2343 920 2407 vel
936 2343 976 2407 ad
990 2352 1130 2407 centrum
1147 2352 1243 2423 terrae,
1259 2357 1316 2408 etc.

215 2453 304 2519 [stud
333 2464 446 2532 autem,
471 2453 555 2539 quod
584 2454 732 2539 accipitur
759 2465 796 2519 ut
827 2454 1063 2520 fundamentum
1092 2454 1131 2519 ad
1160 2476 1212 2520 eos
1241 2455 1318 2520 situs

213 2566 443 2651 comparandos,
462 2578 509 2629 est
532 2566 686 2630 evidenter
703 2565 817 2651 aliquid
839 2567 914 2653 ipsis
935 2567 1055 2632 duobus
1076 2567 1186 2631 sitibus
1205 2567 1318 2632 extrin-

213 2683 351 2742 secum*.

256 2791 308 2852 53.
333 2787 488 2864 Quaentur
503 2789 621 2873 quinto,
636 2791 776 2873 quomodo
790 2791 946 2856 relationes
959 2793 1177 2876 distinpuuntur
1191 2795 1294 2876 speeie.

256 2900 448 2985 RespondeO,
476 2901 624 2984 distingui
649 2902 748 2985 specie
770 2902 942 2982 relationes,
969 2914 1061 2988 prout
1084 2904 1183 2988 specie
1209 2904 1316 2968 distin-

212 3023 352 3098 guuntur
374 3013 573 3078 fundamenta
595 3013 763 3077 formaliter
783 3025 916 3099 sumpta,
931 3016 962 3079 id
985 3017 1083 3080 estin
1105 3011 1316 3081 ratione'fun-

212 3125 315 3190 dandi.
358 3127 401 3190 Et
415 3135 499 3211 patet
508 3153 517 3205 ς
541 3128 612 3211 quia
627 3126 738 3190 entitas
760 3125 915 3190 relationis
930 3137 976 3192 est
991 3129 1102 3192 entitas
1122 3129 1315 3193 fundamenti

245 3324 263 3363 ¹*
282 3321 369 3395 Cupio
387 3323 516 3378 lectorem
531 3339 586 3374 non
601 3320 701 3390 mirari,
714 3319 738 3375 si
755 3339 811 3374 non
826 3337 922 3392 sequor
938 3320 1005 3376 alim
1023 3325 1144 3376 auctores
1159 3321 1188 3375 in
1205 3321 1315 3377 notione

210 3409 289 3463 cittis:
314 3426 398 3480 quum
411 3408 484 3462 enim
502 3408 602 3464 diversi
620 3409 727 3462 diversa
744 3407 863 3462 sentiant
877 3409 915 3479 (v.
930 3405 1029 3462 Suurez
1047 3408 1166 3480 metaph.
1179 3408 1246 3482 disp.
1260 3409 1314 3481 lii.)

210 3502 238 3550 et
250 3497 297 3550 vix
309 3497 415 3568 possint
430 3496 519 3551 dicere
530 3513 578 3567 per
589 3495 656 3566 quid
669 3495 733 3549 sitas
745 3494 779 3549 ab
790 3495 837 3549 aot
846 3493 1036 3566 distinguatur,
1048 3496 1106 3550 vidi
1124 3514 1178 3550 non
1190 3514 1268 3568 posse
1285 3497 1315 3551 in

208 3584 330 3656 ipsorum
345 3582 488 3637 sententiis
506 3582 669 3637 sufficienter
685 3581 777 3636 omnia
791 3582 928 3654 explicari.
966 3581 1057 3635 Situm
1074 3589 1142 3654 puto
1157 3583 1263 3639 differre
1281 3585 1315 3639 ab

209 3671 255 3724 uti
273 3688 320 3742 per
339 3670 398 3739 hoc,
418 3669 491 3741 quod
508 3669 554 3723 sor
568 3669 605 3723 sit
624 3669 756 3723 terminus
773 3668 910 3724 distmtiae
928 3668 1084 3738 simpliciter,
1104 3669 1173 3723 situs
1194 3687 1257 3724 vcro
1278 3672 1315 3725 sit

210 3757 341 3810 terminus
362 3756 499 3811 distantiae
517 3763 547 3810 ut
565 3757 643 3810 talem
661 3756 827 3810 directionem
845 3755 976 3809 totana:
996 3773 1030 3809 ex
1048 3773 1102 3827 quo
1119 3756 1152 3811 fit
1169 3762 1202 3810 ut
1217 3758 1254 3812 ad
1271 3759 1316 3812 aot

209 3844 374 3898 accidentale
392 3843 508 3898 sufficiat
519 3843 617 3898 habere
633 3843 687 3898 duo
703 3843 838 3897 elementa
853 3841 982 3912 materiae,
995 3847 1027 3896 ut
1045 3843 1110 3897 alibi
1126 3843 1260 3899 diximus:
1279 3845 1314 3898 ad

209 3930 292 3984 sitnm
312 3947 377 3985 vero
399 3929 550 4000 requiratur
573 3929 677 4001 aliquid
695 3928 816 3994 tertium,
838 3947 873 3984 ex
897 3945 951 3999 qno
971 3929 1118 4001 accipiatur
1141 3930 1313 3986 accidentalis

208 4017 330 4086 directio
350 4033 410 4087 quae
431 4015 510 4070 iuxta
527 4034 572 4070 me
596 4022 638 4070 est
657 4016 814 4085 formalitas,
839 4015 987 4070 secundum
1011 4033 1093 4087 quam
1117 4017 1185 4071 situs
1206 4019 1314 4074 excedit

208 4104 398 4160 nbicationenu
429 4102 509 4158 Unde
521 4103 604 4157 etium
616 4111 691 4175 puto,
703 4122 783 4174 snpra
796 4110 820 4157 et
832 4102 913 4176 infra,
923 4104 960 4156 ad
970 4103 1101 4174 manum,
1113 4106 1150 4158 ad
1160 4106 1312 4161 madenam

209 4196 259 4245 etc.
270 4190 375 4263 proprie
387 4190 521 4263 pertinere
533 4191 568 4244 ad
579 4191 670 4260 situm,
680 4191 751 4245 sicut
762 4193 835 4261 lotape
847 4197 871 4244 et
878 4209 961 4262 propre
973 4192 1110 4263 pertinent
1122 4192 1157 4247 ad
1168 4194 1218 4246 ati.
1243 4195 1311 4260 Quae

208 4277 324 4331 sufficiat
346 4277 503 4332 brevissime
524 4278 676 4345 monuisse3
703 4295 745 4330 res
769 4277 842 4331 enim
865 4294 920 4331 non
944 4283 985 4330 est
1009 4279 1088 4348 tanti,
1112 4284 1145 4333 ut
1169 4281 1311 4352 specialem

209 4362 420 4434 disputationem
432 4368 571 4417 mereatur.
