3200 4975
215 402 288 445 car.
305 382 376 466 ma]
615 400 658 444 on
674 396 929 443 accinnmrrsus.
1254 374 1318 441 367

214 572 296 636 idem
311 592 377 634 esse
393 568 589 647 substantias,
602 590 656 653 per
670 567 754 652 qnod
768 566 883 631 hahent
894 564 987 629 talem
1002 572 1153 629 naturam.
1198 564 1318 628 Distin-

214 684 352 769 gnebant
367 691 469 746 autem
484 681 647 767 qualitates
662 688 883 764 consequentes
901 676 1031 763 speciem
1046 676 1085 741 ab
1100 675 1168 741 aliis
1182 675 1318 741 adventi·

214 794 266 858 tiis
283 793 378 879 (quod
393 800 424 857 et
438 813 496 856 nos
509 791 648 870 facimus,
661 791 735 856 dum
747 788 1145 874 distinguimussecundum
1162 810 1284 853 sensum
1299 810 1318 852 a

214 905 318 989 tertio)
330 931 338 971 ι
361 905 414 969 sed
429 904 502 990 quia
515 902 722 989 praedicabant
736 903 775 967 de
794 909 905 966 natura
919 901 1082 986 qualitates
1097 909 1317 986 consequentes

213 1016 344 1102 speciem
359 1025 517 1103 tamquam
531 1015 740 1095 accidentales,
756 1014 911 1100 ponebant
926 1036 976 1079 eas
995 1014 1116 1078 realiter
1131 1012 1280 1099 distingui
1299 1036 1319 1077 a

213 1128 409 1193 constitutivo
424 1136 543 1192 naturae
552 1127 666 1213 ipsius:
690 1127 733 1191 sic
747 1147 774 1191 v.
792 1148 840 1211 gr.
855 1125 1060 1211 liquiditatem
1076 1124 1108 1189 in
1124 1146 1203 1211 aqua
1217 1125 1316 1189 consi·

214 1240 361 1305 derabant
375 1249 533 1326 tamquam
553 1238 730 1324 qualitatem
745 1238 950 1303 accidentalem
964 1258 1059 1323 aquae,
1075 1236 1146 1302 licet
1160 1236 1317 1323 liquiditas

213 1353 253 1417 sit
268 1351 479 1416 determinatio
495 1351 633 1436 qnaedam
654 1351 816 1415 maculatis
837 1348 871 1413 in
888 1358 998 1414 natura
1015 1370 1112 1434 aquae.
1156 1347 1315 1413 Ponebant

213 1488 283 1530 vero
301 1464 501 1549 frigiditatem
520 1474 678 1549 tamquam
698 1464 789 1529 aliam
807 1463 986 1548 qualitatem
1005 1460 1220 1527 accidentalem
1242 1482 1315 1526 con·

213 1586 391 1662 sequentem
407 1578 537 1661 speciem
552 1598 648 1661 aquae,
663 1587 694 1641 et
709 1575 894 1640 caliditatem
910 1584 1067 1659 tamquam
1084 1572 1261 1659 qualitatem
1277 1573 1316 1637 ab

213 1687 381 1752 extrinseco
402 1688 614 1755 advenientem
637 1696 669 1752 et
692 1696 810 1751 naturae
832 1687 930 1772 ipsius
949 1708 1039 1772 aquae
1058 1685 1259 1751 contrariam:
1282 1685 1315 1750 in

213 1821 275 1885 quo
289 1798 450 1883 dupliciter
464 1799 623 1864 errabant:
646 1798 746 1884 primo
760 1798 833 1883 quia
850 1820 930 1883 aqua
949 1806 996 1861 est
1016 1795 1055 1861 de
1075 1820 1107 1861 re
1127 1792 1253 1861 omuino
1266 1797 1315 1859 in-

213 1910 356 1975 differens
370 1910 410 1974 ad
429 1910 596 1995 quamlibet
615 1918 854 1995 temperaturam
871 1909 952 1973 inter
971 1908 1100 1993 glaciem
1118 1917 1148 1973 et
1164 1929 1316 1993 vaporem,

213 2045 270 2087 nec
284 2034 331 2088 est
345 2022 457 2107 frigida
471 2046 508 2087 ex
522 2030 632 2087 natura
651 2044 716 2102 sua,
732 2021 786 2086 sed
799 2044 837 2085 ex
851 2029 995 2086 contactu
1011 2022 1090 2086 airis
1109 2020 1223 2104 frigidi,
1238 2028 1318 2085 etc.a

213 2135 346 2199 secundo
360 2135 432 2220 quia
446 2134 578 2199 calidum
593 2142 625 2198 et
644 2133 792 2218 frigidum
807 2134 938 2197 obsolute
956 2142 1029 2197 sunt
1043 2132 1076 2196 in
1091 2132 1197 2197 eadem
1215 2133 1315 2218 specie

213 2246 378 2332 qualitatis,
388 2246 459 2311 licet
469 2255 504 2310 at
517 2246 612 2310 relato
627 2246 669 2309 od
681 2253 907 2329 temperaturam
920 2248 1015 2309 nostri
1030 2247 1159 2329 corporis
1172 2247 1232 2309 siat
1246 2266 1314 2309 coa-

212 2360 317 2426 traria.
362 2357 521 2422 Ponebant
543 2357 633 2421 etiam
657 2357 836 2442 gravitatem
851 2364 883 2421 et
902 2355 1055 2421 levitatem
1073 2377 1138 2421 esse
1153 2357 1315 2441 qualitates

211 2490 372 2556 corporum
387 2469 552 2549 absolutas,
567 2470 655 2555 quasi
669 2468 734 2534 haec
748 2468 810 2534 duo
825 2477 927 2535 essent
949 2467 1088 2534 absolute
1108 2468 1232 2535 diversae
1248 2491 1314 2554 spe-

211 2583 284 2662 ciei;
316 2583 400 2668 quod
422 2604 485 2646 non
510 2590 557 2646 est
580 2604 695 2661 verum,
719 2603 816 2666 quum
842 2603 932 2645 omne
958 2580 1113 2645 materiale
1138 2579 1316 2646 subiiciatur

211 2695 324 2758 actioni
348 2694 515 2778 gravitatis,
538 2703 569 2758 et
591 2695 788 2758 contrarietas
811 2693 935 2759 illorum
955 2695 995 2758 sit
1021 2693 1121 2758 solum
1145 2693 1313 2760 secuudum

212 2805 310 2888 magia
324 2813 355 2868 et
370 2805 484 2884 minus,
496 2812 531 2868 ut
546 2804 584 2868 de
598 2795 697 2869 calore
710 2813 742 2869 et
756 2805 868 2888 frigore
884 2805 1000 2870 dictum
1011 2814 1069 2870 est.
1113 2803 1242 2890 Propter
1249 2805 1314 2870 haec

212 2925 243 2982 et
258 2916 378 2997 similia,
401 2917 582 2981 recentiores
604 2915 779 3002 philosophi
803 2916 1031 3002 dereliquerunt
1049 2917 1262 3003 peripateticos
1281 2918 1314 2980 in

211 3031 269 3096 hac
283 3029 410 3094 materia
425 3030 463 3094 de
477 3028 677 3114 qualitatibus
685 3054 695 3107 3
718 3028 772 3093 sed
786 3051 930 3113 magnam
948 3029 1131 3095 invenerunt
1153 3031 1315 3096 diffior1lta-

210 3153 285 3223 tem,
307 3142 430 3227 quando
451 3141 567 3226 aliquid
592 3139 724 3205 solidum
748 3140 914 3226 subrogare
937 3142 1097 3208 sententiis
1118 3143 1313 3228 antiquorum

210 3255 383 3320 voluerunt.

253 3368 297 3430 At
312 3387 379 3444 nos,
397 3365 452 3451 qui
473 3365 622 3429 theoriam
644 3364 801 3450 physicam
821 3372 962 3428 tenemus
984 3364 1022 3428 ab
1044 3366 1129 3429 omui
1150 3364 1313 3451 hypothesi

209 3479 368 3544 arbitraria
382 3477 521 3556 alienam,
532 3475 692 3555 habemus,
703 3477 822 3561 opinor,
835 3475 967 3540 solidum
982 3474 1217 3540 fundamentum
1233 3497 1312 3540 asse·

208 3590 307 3669 rendi,
331 3590 502 3674 qualitatum
525 3588 704 3652 essentialem
727 3587 860 3652 cuiusvis
883 3598 1000 3651 naturae
1026 3586 1235 3651 substantialis
1261 3588 1313 3652 ad·

208 3709 326 3785 mquate
340 3708 496 3785 sumptam
510 3721 576 3763 esse
591 3697 886 3779 determinationem,
902 3719 963 3783 qua
977 3707 1079 3784 partes
1094 3699 1255 3786 compositi
1271 3701 1313 3764 sic

209 3818 433 3876 connectuntur
447 3819 567 3893 mutuo,
583 3819 619 3874 ut
640 3810 830 3875 constituant
851 3832 950 3875 unum
973 3810 1156 3895 principium
1172 3810 1312 3895 adaequa·

208 3931 276 3988 tum
291 3921 494 4007 quarumdam
510 3922 664 3987 actionum
686 3930 717 3986 et
739 3922 935 4007 passionumz
958 3931 989 3986 et
1005 3923 1163 4007 qualitates
1182 3924 1313 4007 mapulas

207 4034 375 4099 essentiales
388 4050 449 4096 esse
462 4035 556 4116 ipsam
569 4034 743 4115 qamlitatcm
756 4042 869 4098 notura
882 4035 1083 4099 substantialis
1101 4043 1245 4119 sumptum
1259 4038 1313 4111 sub

203 4148 340 4229 plastas
358 4147 541 4224 corweptibas
562 4147 761 4229 iaudaequotis.
807 4146 849 4210 Et
864 4145 907 4210 sic
923 4146 1064 4231 qualitas,
1087 4168 1148 4231 qua
1170 4169 1248 4232 aqua
1265 4157 1312 4212 est

208 4257 279 4323 talis
300 4257 482 4344 substantia,
505 4266 552 4321 est
574 4257 787 4322 determinatio
801 4280 862 4343 qua
876 4267 978 4344 partes
1001 4258 1216 4326 substantiales
1238 4283 1310 4324 con·

208 4367 382 4452 iunguntur
396 4369 428 4432 in
444 4391 541 4433 unum
558 4369 743 4454 principium
766 4371 959 4454 adaequatum
980 4370 1134 4434 actionum
1150 4380 1181 4436 et
1196 4372 1310 4456 passio·
