<?xml version="1.0" encoding="UTF-8"?>
<!DOCTYPE html PUBLIC "-//W3C//DTD XHTML 1.0 Transitional//EN"
    "http://www.w3.org/TR/xhtml1/DTD/xhtml1-transitional.dtd">
<html xmlns="http://www.w3.org/1999/xhtml" xml:lang="en" lang="en">
 <head>
  <title>
</title>
<meta http-equiv="Content-Type" content="text/html;charset=utf-8" />
  <meta name='ocr-system' content='tesseract 3.04.00' />
  <meta name='ocr-capabilities' content='ocr_page ocr_carea ocr_par ocr_line ocrx_word'/>
</head>
<body>
  <div class='ocr_page' id='page_1' title='image "./realisphilosoph02baymgoog_0131.png"; bbox 0 0 3200 4975; ppageno 0'>
   <div class='ocr_carea' id='block_1_1' title="bbox 482 1088 1075 1193">
    <p class='ocr_par' dir='ltr' id='par_1_1' title="bbox 482 1088 1075 1193">
     <span class='ocr_line' id='line_1_1' title="bbox 482 1088 1075 1193; baseline 0.003 -2"><span class='ocrx_word' id='word_1_1' title='bbox 482 1088 1075 1193; x_wconf 83' lang='lat' dir='ltr'>DllHOlllNll.</span> 
     </span>
    </p>
   </div>
   <div class='ocr_carea' id='block_1_2' title="bbox 556 1439 982 1450">
    <p class='ocr_par' dir='ltr' id='par_1_2' title="bbox 556 1439 982 1450">
     <span class='ocr_line' id='line_1_2' title="bbox 556 1439 982 1450; baseline 0.002 -2"><span class='ocrx_word' id='word_1_2' title='bbox 556 1439 982 1450; x_wconf 72' lang='lat' dir='ltr'>-——n—n-—-</span> 
     </span>
    </p>
   </div>
   <div class='ocr_carea' id='block_1_3' title="bbox 219 1640 1334 4443">
    <p class='ocr_par' dir='ltr' id='par_1_3' title="bbox 219 1640 1334 4443">
     <span class='ocr_line' id='line_1_3' title="bbox 232 1640 1333 1759; baseline 0 -19"><span class='ocrx_word' id='word_1_3' title='bbox 232 1681 261 1740; x_wconf 91' lang='lat'>1.</span> <span class='ocrx_word' id='word_1_4' title='bbox 286 1640 545 1752; x_wconf 83' lang='lat' dir='ltr'>POSTQUAM</span> <span class='ocrx_word' id='word_1_5' title='bbox 567 1683 705 1759; x_wconf 84' lang='lat' dir='ltr'>separate</span> <span class='ocrx_word' id='word_1_6' title='bbox 719 1674 916 1738; x_wconf 79' lang='lat' dir='ltr'><strong>tractavimus</strong></span> <span class='ocrx_word' id='word_1_7' title='bbox 937 1672 975 1736; x_wconf 87' lang='lat' dir='ltr'>de</span> <span class='ocrx_word' id='word_1_8' title='bbox 998 1674 1170 1737; x_wconf 86' lang='lat' dir='ltr'>substantia</span> <span class='ocrx_word' id='word_1_9' title='bbox 1192 1696 1333 1758; x_wconf 90' lang='lat' dir='ltr'>corporea</span> 
     </span>
     <span class='ocr_line' id='line_1_4' title="bbox 226 1784 1330 1871; baseline -0.003 -19"><span class='ocrx_word' id='word_1_10' title='bbox 226 1797 258 1851; x_wconf 91' lang='lat' dir='ltr'>et</span> <span class='ocrx_word' id='word_1_11' title='bbox 280 1788 319 1852; x_wconf 91' lang='lat' dir='ltr'>de</span> <span class='ocrx_word' id='word_1_12' title='bbox 338 1788 510 1852; x_wconf 89' lang='lat' dir='ltr'>substantia</span> <span class='ocrx_word' id='word_1_13' title='bbox 528 1786 689 1871; x_wconf 74' lang='lat' dir='ltr'>spirituali,</span> <span class='ocrx_word' id='word_1_14' title='bbox 704 1793 736 1849; x_wconf 89' lang='lat' dir='ltr'>et</span> <span class='ocrx_word' id='word_1_15' title='bbox 756 1784 916 1869; x_wconf 86' lang='lat' dir='ltr'>utriusque</span> <span class='ocrx_word' id='word_1_16' title='bbox 930 1784 1104 1863; x_wconf 82' lang='lat' dir='ltr'>essentiam,</span> <span class='ocrx_word' id='word_1_17' title='bbox 1120 1786 1330 1869; x_wconf 80' lang='lat' dir='ltr'>proprietates,</span> 
     </span>
     <span class='ocr_line' id='line_1_5' title="bbox 227 1894 1331 1983; baseline -0.001 -20"><span class='ocrx_word' id='word_1_18' title='bbox 227 1899 387 1964; x_wconf 80' lang='lat' dir='ltr'>facultates</span> <span class='ocrx_word' id='word_1_19' title='bbox 397 1909 429 1963; x_wconf 92' lang='lat' dir='ltr'>et</span> <span class='ocrx_word' id='word_1_20' title='bbox 443 1897 633 1983; x_wconf 75' lang='lat' dir='ltr'>operationes</span> <span class='ocrx_word' id='word_1_21' title='bbox 647 1896 818 1981; x_wconf 87' lang='lat' dir='ltr'>praecipuas</span> <span class='ocrx_word' id='word_1_22' title='bbox 833 1916 888 1979; x_wconf 91' lang='lat' dir='ltr'>pro</span> <span class='ocrx_word' id='word_1_23' title='bbox 900 1894 1013 1958; x_wconf 88' lang='lat' dir='ltr'>viribus</span> <span class='ocrx_word' id='word_1_24' title='bbox 1024 1897 1203 1979; x_wconf 84' lang='lat' dir='ltr'>prosequuti</span> <span class='ocrx_word' id='word_1_25' title='bbox 1214 1919 1331 1977; x_wconf 90' lang='lat' dir='ltr'>sumus,</span> 
     </span>
     <span class='ocr_line' id='line_1_6' title="bbox 227 2007 1333 2090; baseline -0.001 -15"><span class='ocrx_word' id='word_1_26' title='bbox 227 2020 467 2075; x_wconf 89' lang='lat' dir='ltr'>consentaneum</span> <span class='ocrx_word' id='word_1_27' title='bbox 481 2018 538 2089; x_wconf 89' lang='lat' dir='ltr'>est,</span> <span class='ocrx_word' id='word_1_28' title='bbox 549 2017 583 2073; x_wconf 90' lang='lat' dir='ltr'>ut</span> <span class='ocrx_word' id='word_1_29' title='bbox 598 2007 824 2073; x_wconf 82' lang='lat' dir='ltr'>consideremus</span> <span class='ocrx_word' id='word_1_30' title='bbox 835 2028 918 2069; x_wconf 90' lang='lat' dir='ltr'>nunc</span> <span class='ocrx_word' id='word_1_31' title='bbox 933 2017 1075 2069; x_wconf 88' lang='lat' dir='ltr'>naturam</span> <span class='ocrx_word' id='word_1_32' title='bbox 1086 2028 1123 2070; x_wconf 84' lang='lat' dir='ltr'>ex</span> <span class='ocrx_word' id='word_1_33' title='bbox 1138 2008 1287 2090; x_wconf 87' lang='lat' dir='ltr'>spirituali</span> <span class='ocrx_word' id='word_1_34' title='bbox 1301 2019 1333 2074; x_wconf 91' lang='lat' dir='ltr'>et</span> 
     </span>
     <span class='ocr_line' id='line_1_7' title="bbox 228 2117 1334 2204; baseline 0 -19"><span class='ocrx_word' id='word_1_35' title='bbox 228 2122 376 2187; x_wconf 85' lang='lat' dir='ltr'>materiali</span> <span class='ocrx_word' id='word_1_36' title='bbox 391 2120 563 2185; x_wconf 89' lang='lat' dir='ltr'>substantia</span> <span class='ocrx_word' id='word_1_37' title='bbox 577 2120 791 2204; x_wconf 90' lang='lat' dir='ltr'>compositam,</span> <span class='ocrx_word' id='word_1_38' title='bbox 809 2117 909 2202; x_wconf 88' lang='lat' dir='ltr'>qualis</span> <span class='ocrx_word' id='word_1_39' title='bbox 924 2125 971 2180; x_wconf 88' lang='lat' dir='ltr'>est</span> <span class='ocrx_word' id='word_1_40' title='bbox 985 2117 1133 2199; x_wconf 89' lang='lat' dir='ltr'>humana,</span> <span class='ocrx_word' id='word_1_41' title='bbox 1148 2127 1180 2182; x_wconf 91' lang='lat' dir='ltr'>et</span> <span class='ocrx_word' id='word_1_42' title='bbox 1197 2120 1334 2185; x_wconf 90' lang='lat' dir='ltr'>eiusdem</span> 
     </span>
     <span class='ocr_line' id='line_1_8' title="bbox 227 2227 1331 2320; baseline -0.001 -21"><span class='ocrx_word' id='word_1_43' title='bbox 227 2235 436 2320; x_wconf 87' lang='lat' dir='ltr'>proprietates,</span> <span class='ocrx_word' id='word_1_44' title='bbox 450 2233 610 2298; x_wconf 81' lang='lat' dir='ltr'>facultates</span> <span class='ocrx_word' id='word_1_45' title='bbox 624 2240 716 2317; x_wconf 87' lang='lat' dir='ltr'>atque</span> <span class='ocrx_word' id='word_1_46' title='bbox 730 2230 930 2315; x_wconf 86' lang='lat' dir='ltr'>operationes,</span> <span class='ocrx_word' id='word_1_47' title='bbox 946 2227 1038 2292; x_wconf 89' lang='lat' dir='ltr'>simili</span> <span class='ocrx_word' id='word_1_48' title='bbox 1052 2229 1115 2293; x_wconf 87' lang='lat' dir='ltr'>fere</span> <span class='ocrx_word' id='word_1_49' title='bbox 1129 2230 1235 2295; x_wconf 90' lang='lat' dir='ltr'>ordine</span> <span class='ocrx_word' id='word_1_50' title='bbox 1249 2255 1284 2297; x_wconf 88' lang='lat' dir='ltr'>ac</span> <span class='ocrx_word' id='word_1_51' title='bbox 1299 2234 1331 2298; x_wconf 89' lang='lat' dir='ltr'>in</span> 
     </span>
     <span class='ocr_line' id='line_1_9' title="bbox 227 2338 1329 2431; baseline 0 -21"><span class='ocrx_word' id='word_1_52' title='bbox 227 2346 466 2431; x_wconf 84' lang='lat' dir='ltr'>praecedentibus</span> <span class='ocrx_word' id='word_1_53' title='bbox 490 2343 680 2423; x_wconf 89' lang='lat' dir='ltr'>tractatibus,</span> <span class='ocrx_word' id='word_1_54' title='bbox 702 2342 906 2428; x_wconf 86' lang='lat' dir='ltr'>exploremus.</span> <span class='ocrx_word' id='word_1_55' title='bbox 952 2338 1134 2405; x_wconf 86' lang='lat' dir='ltr'>Communis</span> <span class='ocrx_word' id='word_1_56' title='bbox 1157 2343 1329 2426; x_wconf 80' lang='lat' dir='ltr'>methodus,</span> 
     </span>
     <span class='ocr_line' id='line_1_10' title="bbox 226 2452 1330 2544; baseline 0.003 -23"><span class='ocrx_word' id='word_1_57' title='bbox 226 2481 286 2544; x_wconf 89' lang='lat' dir='ltr'>qua</span> <span class='ocrx_word' id='word_1_58' title='bbox 297 2480 333 2522; x_wconf 86' lang='lat' dir='ltr'>ex</span> <span class='ocrx_word' id='word_1_59' title='bbox 344 2456 582 2522; x_wconf 86' lang='lat' dir='ltr'>consideratione</span> <span class='ocrx_word' id='word_1_60' title='bbox 593 2454 816 2540; x_wconf 86' lang='lat' dir='ltr'>operationum,</span> <span class='ocrx_word' id='word_1_61' title='bbox 828 2452 940 2539; x_wconf 86' lang='lat' dir='ltr'>quibus</span> <span class='ocrx_word' id='word_1_62' title='bbox 951 2452 1086 2518; x_wconf 91' lang='lat' dir='ltr'>humana</span> <span class='ocrx_word' id='word_1_63' title='bbox 1096 2453 1156 2519; x_wconf 86' lang='lat' dir='ltr'>vita</span> <span class='ocrx_word' id='word_1_64' title='bbox 1167 2468 1330 2539; x_wconf 85' lang='lat' dir='ltr'>exercetur,</span> 
     </span>
     <span class='ocr_line' id='line_1_11' title="bbox 225 2565 1329 2651; baseline 0.002 -17"><span class='ocrx_word' id='word_1_65' title='bbox 225 2571 264 2634; x_wconf 93' lang='lat' dir='ltr'>ad</span> <span class='ocrx_word' id='word_1_66' title='bbox 279 2578 421 2634; x_wconf 88' lang='lat' dir='ltr'>naturam</span> <span class='ocrx_word' id='word_1_67' title='bbox 432 2569 540 2633; x_wconf 78' lang='lat' dir='ltr'>animae</span> <span class='ocrx_word' id='word_1_68' title='bbox 553 2565 795 2651; x_wconf 84' lang='lat' dir='ltr'>iravcstigandam</span> <span class='ocrx_word' id='word_1_69' title='bbox 813 2565 997 2650; x_wconf 86' lang='lat' dir='ltr'>proceditur,</span> <span class='ocrx_word' id='word_1_70' title='bbox 1009 2565 1089 2630; x_wconf 88' lang='lat' dir='ltr'>bona</span> <span class='ocrx_word' id='word_1_71' title='bbox 1103 2576 1160 2645; x_wconf 87' lang='lat' dir='ltr'>cst,</span> <span class='ocrx_word' id='word_1_72' title='bbox 1175 2577 1206 2632; x_wconf 87' lang='lat' dir='ltr'>et</span> <span class='ocrx_word' id='word_1_73' title='bbox 1221 2569 1329 2636; x_wconf 89' lang='lat' dir='ltr'>saltem</span> 
     </span>
     <span class='ocr_line' id='line_1_12' title="bbox 226 2678 1328 2768; baseline -0.001 -20"><span class='ocrx_word' id='word_1_74' title='bbox 226 2707 262 2748; x_wconf 88' lang='lat' dir='ltr'>ex</span> <span class='ocrx_word' id='word_1_75' title='bbox 278 2692 365 2768; x_wconf 87' lang='lat' dir='ltr'>parte</span> <span class='ocrx_word' id='word_1_76' title='bbox 384 2682 568 2747; x_wconf 86' lang='lat' dir='ltr'>necessaria:</span> <span class='ocrx_word' id='word_1_77' title='bbox 594 2680 689 2764; x_wconf 85' lang='lat' dir='ltr'>exigit</span> <span class='ocrx_word' id='word_1_78' title='bbox 709 2687 814 2742; x_wconf 90' lang='lat' dir='ltr'>tamen</span> <span class='ocrx_word' id='word_1_79' title='bbox 829 2678 916 2742; x_wconf 87' lang='lat' dir='ltr'>valde</span> <span class='ocrx_word' id='word_1_80' title='bbox 933 2687 1105 2741; x_wconf 86' lang='lat' dir='ltr'>accuratam</span> <span class='ocrx_word' id='word_1_81' title='bbox 1125 2678 1328 2746; x_wconf 89' lang='lat' dir='ltr'>humanarum</span> 
     </span>
     <span class='ocr_line' id='line_1_13' title="bbox 226 2789 1329 2881; baseline 0 -22"><span class='ocrx_word' id='word_1_82' title='bbox 226 2795 438 2881; x_wconf 89' lang='lat' dir='ltr'>operationum</span> <span class='ocrx_word' id='word_1_83' title='bbox 453 2793 601 2879; x_wconf 83' lang='lat' dir='ltr'>analysin,</span> <span class='ocrx_word' id='word_1_84' title='bbox 617 2803 781 2876; x_wconf 88' lang='lat' dir='ltr'>antequam</span> <span class='ocrx_word' id='word_1_85' title='bbox 803 2790 972 2875; x_wconf 85' lang='lat' dir='ltr'>quidquam</span> <span class='ocrx_word' id='word_1_86' title='bbox 988 2789 1026 2853; x_wconf 92' lang='lat' dir='ltr'>de</span> <span class='ocrx_word' id='word_1_87' title='bbox 1041 2789 1201 2876; x_wconf 86' lang='lat' dir='ltr'>principio,</span> <span class='ocrx_word' id='word_1_88' title='bbox 1217 2816 1254 2857; x_wconf 83' lang='lat' dir='ltr'>ex</span> <span class='ocrx_word' id='word_1_89' title='bbox 1268 2817 1329 2880; x_wconf 91' lang='lat' dir='ltr'>quo</span> 
     </span>
     <span class='ocr_line' id='line_1_14' title="bbox 226 2900 1327 2992; baseline 0 -21"><span class='ocrx_word' id='word_1_90' title='bbox 226 2906 403 2992; x_wconf 90' lang='lat' dir='ltr'>procedunt,</span> <span class='ocrx_word' id='word_1_91' title='bbox 415 2905 504 2984; x_wconf 92' lang='lat' dir='ltr'>clare,</span> <span class='ocrx_word' id='word_1_92' title='bbox 517 2903 612 2968; x_wconf 91' lang='lat' dir='ltr'>solide</span> <span class='ocrx_word' id='word_1_93' title='bbox 623 2925 658 2968; x_wconf 91' lang='lat' dir='ltr'>ac</span> <span class='ocrx_word' id='word_1_94' title='bbox 669 2903 814 2966; x_wconf 85' lang='lat' dir='ltr'>distincte</span> <span class='ocrx_word' id='word_1_95' title='bbox 822 2900 963 2965; x_wconf 91' lang='lat' dir='ltr'>concludi</span> <span class='ocrx_word' id='word_1_96' title='bbox 978 2901 1084 2985; x_wconf 88' lang='lat' dir='ltr'>possit.</span> <span class='ocrx_word' id='word_1_97' title='bbox 1131 2901 1210 2968; x_wconf 87' lang='lat' dir='ltr'>Haec</span> <span class='ocrx_word' id='word_1_98' title='bbox 1224 2915 1327 2971; x_wconf 86' lang='lat' dir='ltr'>autem</span> 
     </span>
     <span class='ocr_line' id='line_1_15' title="bbox 223 3012 1326 3104; baseline -0.001 -21"><span class='ocrx_word' id='word_1_99' title='bbox 223 3019 435 3104; x_wconf 90' lang='lat' dir='ltr'>operationum</span> <span class='ocrx_word' id='word_1_100' title='bbox 450 3015 631 3101; x_wconf 88' lang='lat' dir='ltr'>profundior</span> <span class='ocrx_word' id='word_1_101' title='bbox 650 3014 810 3098; x_wconf 89' lang='lat' dir='ltr'>inquisitio</span> <span class='ocrx_word' id='word_1_102' title='bbox 826 3013 860 3076; x_wconf 93' lang='lat' dir='ltr'>in</span> <span class='ocrx_word' id='word_1_103' title='bbox 882 3012 963 3076; x_wconf 87' lang='lat' dir='ltr'>dicta</span> <span class='ocrx_word' id='word_1_104' title='bbox 982 3012 1128 3077; x_wconf 86' lang='lat' dir='ltr'>methodo</span> <span class='ocrx_word' id='word_1_105' title='bbox 1148 3037 1211 3078; x_wconf 87' lang='lat' dir='ltr'>non</span> <span class='ocrx_word' id='word_1_106' title='bbox 1230 3016 1326 3082; x_wconf 89' lang='lat' dir='ltr'>levem</span> 
     </span>
     <span class='ocr_line' id='line_1_16' title="bbox 224 3124 1329 3216; baseline -0.001 -21"><span class='ocrx_word' id='word_1_107' title='bbox 224 3131 341 3216; x_wconf 88' lang='lat' dir='ltr'>patitur</span> <span class='ocrx_word' id='word_1_108' title='bbox 361 3127 581 3205; x_wconf 84' lang='lat' dir='ltr'>difficultatem,</span> <span class='ocrx_word' id='word_1_109' title='bbox 596 3136 664 3191; x_wconf 92' lang='lat' dir='ltr'>tum</span> <span class='ocrx_word' id='word_1_110' title='bbox 682 3125 767 3211; x_wconf 90' lang='lat' dir='ltr'>quod</span> <span class='ocrx_word' id='word_1_111' title='bbox 783 3125 817 3189; x_wconf 90' lang='lat' dir='ltr'>in</span> <span class='ocrx_word' id='word_1_112' title='bbox 835 3148 870 3188; x_wconf 89' lang='lat' dir='ltr'>ea</span> <span class='ocrx_word' id='word_1_113' title='bbox 889 3124 1028 3188; x_wconf 91' lang='lat' dir='ltr'>nondum</span> <span class='ocrx_word' id='word_1_114' title='bbox 1043 3125 1117 3189; x_wconf 90' lang='lat' dir='ltr'>satis</span> <span class='ocrx_word' id='word_1_115' title='bbox 1132 3136 1206 3191; x_wconf 88' lang='lat' dir='ltr'>uota</span> <span class='ocrx_word' id='word_1_116' title='bbox 1219 3141 1329 3195; x_wconf 89' lang='lat' dir='ltr'>natura</span> 
     </span>
     <span class='ocr_line' id='line_1_17' title="bbox 226 3218 1329 3328; baseline 0 -22"><span class='ocrx_word' id='word_1_117' title='bbox 226 3218 322 3328; x_wconf 88' lang='lat' dir='ltr'>ipsius</span> <span class='ocrx_word' id='word_1_118' title='bbox 344 3242 454 3306; x_wconf 80' lang='lat' dir='ltr'>animae</span> <span class='ocrx_word' id='word_1_119' title='bbox 475 3220 677 3324; x_wconf 88' lang='lat' dir='ltr'>supponatur,</span> <span class='ocrx_word' id='word_1_120' title='bbox 691 3246 759 3301; x_wconf 90' lang='lat' dir='ltr'>tum</span> <span class='ocrx_word' id='word_1_121' title='bbox 781 3237 866 3321; x_wconf 91' lang='lat' dir='ltr'>quod</span> <span class='ocrx_word' id='word_1_122' title='bbox 887 3238 1077 3321; x_wconf 89' lang='lat' dir='ltr'>operationes</span> <span class='ocrx_word' id='word_1_123' title='bbox 1098 3237 1158 3302; x_wconf 83' lang='lat' dir='ltr'>illae</span> <span class='ocrx_word' id='word_1_124' title='bbox 1180 3261 1243 3304; x_wconf 90' lang='lat' dir='ltr'>non</span> <span class='ocrx_word' id='word_1_125' title='bbox 1266 3241 1329 3306; x_wconf 90' lang='lat' dir='ltr'>sint</span> 
     </span>
     <span class='ocr_line' id='line_1_18' title="bbox 225 3349 1326 3434; baseline 0 -14"><span class='ocrx_word' id='word_1_126' title='bbox 225 3356 334 3420; x_wconf 85' lang='lat' dir='ltr'>animae</span> <span class='ocrx_word' id='word_1_127' title='bbox 349 3365 384 3418; x_wconf 90' lang='lat' dir='ltr'>ut</span> <span class='ocrx_word' id='word_1_128' title='bbox 399 3353 452 3433; x_wconf 92' lang='lat' dir='ltr'>sic,</span> <span class='ocrx_word' id='word_1_129' title='bbox 463 3352 516 3417; x_wconf 92' lang='lat' dir='ltr'>sed</span> <span class='ocrx_word' id='word_1_130' title='bbox 530 3361 567 3415; x_wconf 94' lang='lat' dir='ltr'>ut</span> <span class='ocrx_word' id='word_1_131' title='bbox 581 3350 751 3416; x_wconf 81' lang='lat' dir='ltr'>coniunctae</span> <span class='ocrx_word' id='word_1_132' title='bbox 764 3372 836 3414; x_wconf 92' lang='lat' dir='ltr'>cum</span> <span class='ocrx_word' id='word_1_133' title='bbox 847 3371 971 3434; x_wconf 86' lang='lat' dir='ltr'>corpore</span> <span class='ocrx_word' id='word_1_134' title='bbox 983 3349 1015 3412; x_wconf 92' lang='lat' dir='ltr'>in</span> <span class='ocrx_word' id='word_1_135' title='bbox 1026 3349 1176 3414; x_wconf 86' lang='lat' dir='ltr'>unitatem</span> <span class='ocrx_word' id='word_1_136' title='bbox 1189 3361 1326 3421; x_wconf 82' lang='lat' dir='ltr'>naturae:</span> 
     </span>
     <span class='ocr_line' id='line_1_19' title="bbox 224 3460 1327 3552; baseline 0 -21"><span class='ocrx_word' id='word_1_137' title='bbox 224 3489 293 3552; x_wconf 85' lang='lat' dir='ltr'>quae</span> <span class='ocrx_word' id='word_1_138' title='bbox 307 3489 355 3530; x_wconf 89' lang='lat' dir='ltr'>res</span> <span class='ocrx_word' id='word_1_139' title='bbox 370 3466 404 3529; x_wconf 91' lang='lat' dir='ltr'>in</span> <span class='ocrx_word' id='word_1_140' title='bbox 418 3487 509 3529; x_wconf 86' lang='lat' dir='ltr'>causa</span> <span class='ocrx_word' id='word_1_141' title='bbox 523 3472 580 3543; x_wconf 89' lang='lat' dir='ltr'>est,</span> <span class='ocrx_word' id='word_1_142' title='bbox 591 3470 627 3527; x_wconf 89' lang='lat' dir='ltr'>ut</span> <span class='ocrx_word' id='word_1_143' title='bbox 642 3461 797 3547; x_wconf 89' lang='lat' dir='ltr'>quoddam</span> <span class='ocrx_word' id='word_1_144' title='bbox 812 3460 1061 3525; x_wconf 87' lang='lat' dir='ltr'>hallucinationis</span> <span class='ocrx_word' id='word_1_145' title='bbox 1070 3462 1239 3546; x_wconf 90' lang='lat' dir='ltr'>periculum</span> <span class='ocrx_word' id='word_1_146' title='bbox 1248 3464 1327 3531; x_wconf 88' lang='lat' dir='ltr'>circa</span> 
     </span>
     <span class='ocr_line' id='line_1_20' title="bbox 223 3573 1327 3664; baseline 0.001 -22"><span class='ocrx_word' id='word_1_147' title='bbox 223 3580 325 3664; x_wconf 89' lang='lat' dir='ltr'>aliqua</span> <span class='ocrx_word' id='word_1_148' title='bbox 338 3579 371 3641; x_wconf 91' lang='lat' dir='ltr'>in</span> <span class='ocrx_word' id='word_1_149' title='bbox 387 3576 463 3641; x_wconf 88' lang='lat' dir='ltr'>serie</span> <span class='ocrx_word' id='word_1_150' title='bbox 477 3573 684 3660; x_wconf 90' lang='lat' dir='ltr'>inquisitionis</span> <span class='ocrx_word' id='word_1_151' title='bbox 698 3573 881 3637; x_wconf 89' lang='lat' dir='ltr'>incurratur.</span> <span class='ocrx_word' id='word_1_152' title='bbox 927 3573 1009 3636; x_wconf 94' lang='lat' dir='ltr'>Mihi</span> <span class='ocrx_word' id='word_1_153' title='bbox 1020 3595 1090 3637; x_wconf 89' lang='lat' dir='ltr'>vero</span> <span class='ocrx_word' id='word_1_154' title='bbox 1104 3574 1224 3642; x_wconf 85' lang='lat' dir='ltr'>facilius</span> <span class='ocrx_word' id='word_1_155' title='bbox 1234 3586 1327 3663; x_wconf 88' lang='lat' dir='ltr'>atque</span> 
     </span>
     <span class='ocr_line' id='line_1_21' title="bbox 223 3683 1326 3773; baseline 0.001 -19"><span class='ocrx_word' id='word_1_156' title='bbox 223 3691 315 3754; x_wconf 88' lang='lat' dir='ltr'>etiam</span> <span class='ocrx_word' id='word_1_157' title='bbox 340 3686 477 3773; x_wconf 91' lang='lat' dir='ltr'>pulcrius</span> <span class='ocrx_word' id='word_1_158' title='bbox 498 3686 598 3750; x_wconf 83' lang='lat' dir='ltr'>visum</span> <span class='ocrx_word' id='word_1_159' title='bbox 620 3693 667 3749; x_wconf 90' lang='lat' dir='ltr'>est</span> <span class='ocrx_word' id='word_1_160' title='bbox 696 3683 816 3748; x_wconf 86' lang='lat' dir='ltr'>inversa</span> <span class='ocrx_word' id='word_1_161' title='bbox 838 3684 900 3747; x_wconf 90' lang='lat' dir='ltr'>fere</span> <span class='ocrx_word' id='word_1_162' title='bbox 923 3683 1067 3748; x_wconf 92' lang='lat' dir='ltr'>methodo</span> <span class='ocrx_word' id='word_1_163' title='bbox 1090 3707 1152 3749; x_wconf 88' lang='lat' dir='ltr'>rem</span> <span class='ocrx_word' id='word_1_164' title='bbox 1177 3687 1215 3752; x_wconf 91' lang='lat' dir='ltr'>ah</span> <span class='ocrx_word' id='word_1_165' title='bbox 1237 3689 1326 3754; x_wconf 88' lang='lat' dir='ltr'>initio</span> 
     </span>
     <span class='ocr_line' id='line_1_22' title="bbox 222 3794 1325 3885; baseline 0.003 -22"><span class='ocrx_word' id='word_1_166' title='bbox 222 3799 359 3885; x_wconf 83' lang='lat' dir='ltr'>aggredi,</span> <span class='ocrx_word' id='word_1_167' title='bbox 375 3807 540 3882; x_wconf 85' lang='lat' dir='ltr'>antequam</span> <span class='ocrx_word' id='word_1_168' title='bbox 557 3794 703 3859; x_wconf 86' lang='lat' dir='ltr'>methodo</span> <span class='ocrx_word' id='word_1_169' title='bbox 720 3794 876 3858; x_wconf 90' lang='lat' dir='ltr'>communi</span> <span class='ocrx_word' id='word_1_170' title='bbox 894 3802 1014 3859; x_wconf 85' lang='lat' dir='ltr'>uterer:</span> <span class='ocrx_word' id='word_1_171' title='bbox 1039 3804 1070 3858; x_wconf 90' lang='lat' dir='ltr'>et</span> <span class='ocrx_word' id='word_1_172' title='bbox 1092 3817 1129 3859; x_wconf 88' lang='lat' dir='ltr'>ex</span> <span class='ocrx_word' id='word_1_173' title='bbox 1146 3798 1325 3866; x_wconf 74' lang='lat' dir='ltr'>substantia</span> 
     </span>
     <span class='ocr_line' id='line_1_23' title="bbox 223 3905 1325 3996; baseline 0.003 -21"><span class='ocrx_word' id='word_1_174' title='bbox 223 3909 389 3996; x_wconf 86' lang='lat' dir='ltr'>spiritualis</span> <span class='ocrx_word' id='word_1_175' title='bbox 409 3930 443 3972; x_wconf 92' lang='lat' dir='ltr'>ac</span> <span class='ocrx_word' id='word_1_176' title='bbox 464 3905 628 3971; x_wconf 88' lang='lat' dir='ltr'>materialis</span> <span class='ocrx_word' id='word_1_177' title='bbox 642 3916 752 3968; x_wconf 89' lang='lat' dir='ltr'>natura</span> <span class='ocrx_word' id='word_1_178' title='bbox 765 3905 827 3966; x_wconf 91' lang='lat' dir='ltr'>iam</span> <span class='ocrx_word' id='word_1_179' title='bbox 843 3913 979 3988; x_wconf 87' lang='lat' dir='ltr'>separate</span> <span class='ocrx_word' id='word_1_180' title='bbox 994 3905 1118 3988; x_wconf 90' lang='lat' dir='ltr'>cognita</span> <span class='ocrx_word' id='word_1_181' title='bbox 1131 3916 1273 3975; x_wconf 88' lang='lat' dir='ltr'>naturam</span> <span class='ocrx_word' id='word_1_182' title='bbox 1290 3936 1325 3979; x_wconf 91' lang='lat' dir='ltr'>ac</span> 
     </span>
     <span class='ocr_line' id='line_1_24' title="bbox 223 4016 1325 4109; baseline 0.003 -22"><span class='ocrx_word' id='word_1_183' title='bbox 223 4022 422 4109; x_wconf 90' lang='lat' dir='ltr'>proprietates</span> <span class='ocrx_word' id='word_1_184' title='bbox 439 4017 600 4103; x_wconf 88' lang='lat' dir='ltr'>compositi</span> <span class='ocrx_word' id='word_1_185' title='bbox 618 4017 771 4081; x_wconf 87' lang='lat' dir='ltr'>derivare:</span> <span class='ocrx_word' id='word_1_186' title='bbox 797 4038 860 4101; x_wconf 92' lang='lat' dir='ltr'>quo</span> <span class='ocrx_word' id='word_1_187' title='bbox 876 4016 957 4080; x_wconf 88' lang='lat' dir='ltr'>facto</span> <span class='ocrx_word' id='word_1_188' title='bbox 976 4039 1040 4080; x_wconf 86' lang='lat' dir='ltr'>non</span> <span class='ocrx_word' id='word_1_189' title='bbox 1056 4017 1176 4084; x_wconf 91' lang='lat' dir='ltr'>difficile</span> <span class='ocrx_word' id='word_1_190' title='bbox 1195 4023 1253 4088; x_wconf 90' lang='lat' dir='ltr'>erit</span> <span class='ocrx_word' id='word_1_191' title='bbox 1272 4025 1325 4090; x_wconf 90' lang='lat' dir='ltr'>de-</span> 
     </span>
     <span class='ocr_line' id='line_1_25' title="bbox 223 4128 1326 4207; baseline 0.002 -8"><span class='ocrx_word' id='word_1_192' title='bbox 223 4142 390 4199; x_wconf 88' lang='lat' dir='ltr'>monstrare</span> <span class='ocrx_word' id='word_1_193' title='bbox 415 4139 521 4195; x_wconf 89' lang='lat' dir='ltr'>contra</span> <span class='ocrx_word' id='word_1_194' title='bbox 547 4128 767 4207; x_wconf 86' lang='lat' dir='ltr'>materialiataa,</span> <span class='ocrx_word' id='word_1_195' title='bbox 793 4151 860 4192; x_wconf 86' lang='lat' dir='ltr'>esse</span> <span class='ocrx_word' id='word_1_196' title='bbox 882 4151 985 4192; x_wconf 87' lang='lat' dir='ltr'>revera</span> <span class='ocrx_word' id='word_1_197' title='bbox 1008 4128 1164 4194; x_wconf 89' lang='lat' dir='ltr'>hominem</span> <span class='ocrx_word' id='word_1_198' title='bbox 1191 4155 1226 4198; x_wconf 85' lang='lat' dir='ltr'>ex</span> <span class='ocrx_word' id='word_1_199' title='bbox 1253 4137 1326 4202; x_wconf 87' lang='lat' dir='ltr'>sub-</span> 
     </span>
     <span class='ocr_line' id='line_1_26' title="bbox 222 4241 1325 4329; baseline 0.004 -19"><span class='ocrx_word' id='word_1_200' title='bbox 222 4247 334 4312; x_wconf 88' lang='lat' dir='ltr'>stantia</span> <span class='ocrx_word' id='word_1_201' title='bbox 351 4243 503 4329; x_wconf 88' lang='lat' dir='ltr'>spirituali</span> <span class='ocrx_word' id='word_1_202' title='bbox 524 4251 555 4306; x_wconf 89' lang='lat' dir='ltr'>et</span> <span class='ocrx_word' id='word_1_203' title='bbox 575 4241 724 4305; x_wconf 88' lang='lat' dir='ltr'>materiali</span> <span class='ocrx_word' id='word_1_204' title='bbox 745 4241 960 4325; x_wconf 87' lang='lat' dir='ltr'>compositum,</span> <span class='ocrx_word' id='word_1_205' title='bbox 981 4251 1012 4305; x_wconf 92' lang='lat' dir='ltr'>et</span> <span class='ocrx_word' id='word_1_206' title='bbox 1032 4243 1121 4326; x_wconf 87' lang='lat' dir='ltr'>plura</span> <span class='ocrx_word' id='word_1_207' title='bbox 1140 4245 1199 4309; x_wconf 90' lang='lat' dir='ltr'>alia</span> <span class='ocrx_word' id='word_1_208' title='bbox 1219 4249 1325 4314; x_wconf 88' lang='lat' dir='ltr'>diffici-</span> 
     </span>
     <span class='ocr_line' id='line_1_27' title="bbox 219 4353 1235 4443; baseline 0.002 -21"><span class='ocrx_word' id='word_1_209' title='bbox 219 4359 304 4438; x_wconf 89' lang='lat' dir='ltr'>liora,</span> <span class='ocrx_word' id='word_1_210' title='bbox 316 4360 349 4423; x_wconf 94' lang='lat' dir='ltr'>in</span> <span class='ocrx_word' id='word_1_211' title='bbox 364 4355 477 4443; x_wconf 90' lang='lat' dir='ltr'>quihus</span> <span class='ocrx_word' id='word_1_212' title='bbox 492 4377 554 4420; x_wconf 90' lang='lat' dir='ltr'>non</span> <span class='ocrx_word' id='word_1_213' title='bbox 570 4376 675 4418; x_wconf 87' lang='lat' dir='ltr'>omncs</span> <span class='ocrx_word' id='word_1_214' title='bbox 690 4353 885 4434; x_wconf 89' lang='lat' dir='ltr'>concordant,</span> <span class='ocrx_word' id='word_1_215' title='bbox 900 4376 978 4417; x_wconf 89' lang='lat' dir='ltr'>nova</span> <span class='ocrx_word' id='word_1_216' title='bbox 993 4353 1059 4419; x_wconf 89' lang='lat' dir='ltr'>luce</span> <span class='ocrx_word' id='word_1_217' title='bbox 1074 4355 1235 4424; x_wconf 89' lang='lat' dir='ltr'>illustrare.</span> 
     </span>
    </p>
   </div>
   <div class='ocr_carea' id='block_1_4' title="bbox 0 0 1604 4975">
    <p class='ocr_par' dir='ltr' id='par_1_4' title="bbox 0 0 1604 4975">
     <span class='ocr_line' id='line_1_28' title="bbox 0 0 1604 4975; baseline 0 3"><span class='ocrx_word' id='word_1_218' title='bbox 0 0 1604 4975; x_wconf 95' lang='lat' dir='ltr'> </span> 
     </span>
    </p>
   </div>
  </div>
 </body>
</html>
