3200 4975
238 375 308 420 car.
326 353 382 438 11]
693 374 735 416 na
752 373 899 417 nonina.
1281 347 1343 414 173

284 539 383 602 Dices.
428 537 512 621 Ergo
526 536 618 600 etiam
634 535 744 600 animae
759 537 919 601 brutorum
938 545 1011 599 sunt
1029 534 1217 599 substantiae.
1262 533 1345 618 Ergo

240 659 370 734 possunt
384 646 511 713 existere
525 657 609 714 extra
624 669 744 733 eorpus.
790 647 852 712 Sed
866 648 925 711 hoc
940 669 1030 711 nemo
1043 647 1196 711 admittet.

284 759 468 844 Respondeo
491 760 669 824 coneedendo
691 761 822 844 primam
845 758 1008 845 sequelam.
1054 757 1146 834 Quod
1169 757 1280 821 attinet
1306 754 1346 820 ad

241 871 416 950 secundam,
434 870 511 950 dico,
527 871 645 934 animas
666 868 827 934 brutorum
847 870 1024 934 naturaliter
1038 890 1101 932 non
1117 891 1205 954 posse
1219 867 1346 931 existere

240 992 324 1045 extra
344 1003 464 1065 eorpus,
481 979 534 1044 sed
554 981 685 1045 11111111
704 978 859 1065 loquendo
876 1001 966 1064 posse
991 987 1076 1042 extra
1096 999 1206 1062 corpus
1226 999 1346 1041 conser-

241 1094 321 1172 vari,
345 1093 377 1156 in
400 1114 462 1177 quo
484 1113 555 1156 casu
578 1091 728 1155 haberent
750 1091 899 1156 rationem
922 1090 1101 1155 substantiae
1124 1098 1207 1153 extra
1229 1096 1344 1152 statum

243 1213 360 1269 naturae
375 1203 513 1268 debitum
529 1203 698 1266 existentis.
733 1203 803 1267 Hoc
818 1225 888 1267 vero
902 1203 1000 1267 fateor
1014 1225 1077 1268 non
1092 1201 1168 1280 fieri,
1180 1201 1347 1286 quiaDcus

243 1317 394 1402 sapienter
424 1314 618 1379 administrat
647 1313 810 1394 mundum,
834 1322 865 1378 et
895 1314 938 1378 sie
961 1336 1023 1378 non
1050 1323 1207 1378 conservat
1232 1313 1347 1378 frustra

244 1437 416 1494 creaturas:
439 1428 553 1492 frustra
568 1435 671 1490 autem
695 1435 865 1491 servaretur
888 1426 990 1490 anima
1006 1425 1116 1490 belluae
1129 1433 1213 1488 extra
1227 1446 1347 1509 corpus,

244 1541 317 1625 quia
331 1539 415 1604 omni
431 1547 503 1603 actu
518 1537 650 1603 naturali
660 1546 782 1602 careret.
828 1538 877 1601 De
891 1559 953 1622 qua
967 1560 999 1602 re
1012 1536 1162 1601 nonnulla
1176 1536 1349 1600 notavimus

243 1653 276 1715 in
291 1660 422 1716 tractatu
437 1650 476 1714 de
490 1649 598 1735 primis
611 1649 770 1735 principiis
788 1649 832 1734 (n.
849 1650 916 1734 62),
928 1672 1021 1735 quem
1035 1647 1192 1714 consule*.

279 1840 295 1874 *
313 1838 399 1892 Nulla
410 1842 468 1892 erat
484 1837 631 1892 neoessitas
646 1835 786 1909 probandi,
798 1836 919 1891 animam
933 1836 1081 1890 humanam
1099 1852 1156 1890 esse
1171 1833 1350 1889 substantiam

245 1944 280 1980 ex
291 1926 350 1980 eius
361 1925 391 1981 vi
402 1925 540 1994 sensitiva,
553 1942 639 1996 quum
650 1925 739 1980 multo
751 1924 906 1980 evidentius
917 1925 948 1979 id
959 1925 1048 1998 ipsum
1059 1923 1188 1998 probetur
1199 1941 1233 1977 ex
1251 1921 1309 1977 eius
1320 1921 1350 1977 vi

244 2012 420 2068 intellectiva.
458 2011 521 2080 Sed,
534 2028 621 2082 quum
631 2010 754 2083 probatio
765 2029 800 2065 ex
812 2011 841 2066 vi
853 2011 983 2066 sensitiva
994 2011 1111 2066 deducta
1122 2010 1226 2065 animas
1243 2025 1350 2081 quoque

197 2152 201 2160 ,
244 2098 386 2153 brutorum
404 2099 528 2153 ostendat
545 2115 603 2152 esse
621 2097 794 2168 substantias,
807 2097 883 2153 volui
899 2098 971 2154 hane
988 2116 1046 2153 rem
1063 2097 1150 2152 obiter
1167 2097 1300 2168 attingere
1316 2095 1351 2150 ad

245 2190 371 2240 naturam
390 2184 488 2238 animae
507 2183 635 2239 belluinae
656 2185 743 2256 magis
764 2185 964 2257 explorandam.
1002 2185 1029 2239 S.
1043 2184 1161 2238 Thomas
1175 2183 1214 2257 (p.
1229 2184 1252 2237 1.
1267 2200 1292 2254 q.
1305 2182 1348 2237 75.

247 2271 316 2343 13)
334 2275 418 2338 tenet,
431 2269 549 2324 animam
566 2269 664 2325 belluae
681 2289 737 2324 non
749 2289 807 2326 esse
817 2271 1011 2326 substantiam:
1034 2271 1132 2326 eteius
1143 2271 1213 2326 ratio
1225 2275 1274 2339 est,
1288 2268 1353 2341 quia

245 2358 456 2430 unumquodque
468 2356 594 2410 similiter
603 2356 687 2411 habet
699 2375 756 2411 esse
767 2363 796 2412 et
808 2359 998 2431 operationem.
1035 2358 1091 2413 Sed
1102 2358 1199 2412 animae
1211 2357 1353 2412 brutorum

245 2464 294 2519 per
305 2463 333 2501 se
345 2461 401 2499 non
412 2449 564 2519 operentm.
600 2444 674 2517 Ergo
685 2462 733 2518 per
745 2462 773 2501 se
790 2463 846 2500 non
863 2445 966 2501 habent
981 2463 1046 2501 esse.
1082 2445 1145 2502 Hoc
1163 2449 1353 2518 sagrimentum

247 2539 289 2589 est
300 2533 442 2607 optimum,
452 2533 475 2587 si
487 2537 584 2604 agatem
595 2532 629 2587 de
640 2550 697 2587 esse
708 2534 835 2602 1111111111,
845 2551 894 2587 seu
905 2534 938 2589 de
951 2551 1017 2603 esse,
1026 2551 1079 2605 quo
1092 2533 1267 2588 constituitur
1277 2532 1353 2605 prin-

247 2622 350 2695 cipium
361 2621 535 2691 adaequatum
546 2624 575 2672 et
586 2619 742 2691 proximum
753 2618 925 2692 operationis.
963 2620 1018 2675 Sed
1029 2620 1053 2674 si
1064 2625 1160 2691 agatur
1171 2620 1205 2674 de
1220 2617 1353 2692 principio

247 2709 411 2781 incompleta
421 2711 449 2761 et
457 2711 569 2775 remoto,
576 2724 632 2760 non
640 2704 736 2779 probat
744 2706 797 2761 nisi
804 2707 866 2777 hoc,
875 2707 949 2779 quod
959 2708 1115 2761 moraliter
1126 2708 1181 2761 tale
1190 2706 1355 2779 principium

247 2799 364 2867 nequeat
375 2793 392 2847 1
404 2810 433 2847 se
444 2792 501 2847 solo
513 2798 584 2846 stare
596 2792 653 2847 sine
666 2811 714 2847 suo
724 2793 931 2866 complemento,
939 2800 1025 2865 quum
1032 2793 1191 2847 naturaliter
1202 2792 1355 2848 substantia

248 2881 387 2936 ordinetur
398 2880 433 2934 ad
445 2880 624 2952 operandum
642 2880 797 2952 atque'ideo
809 2879 900 2935 anima
911 2879 992 2950 bmti,
1001 2885 1130 2954 pereunte
1142 2897 1258 2953 corpore,
1271 2878 1353 2934 debet

247 2986 350 3025 cessare
363 2984 428 3035 esse,
440 2984 475 3020 ne
486 2966 587 3020 11111111
598 2966 642 3020 sit
678 2966 785 3021 Deinde
800 2968 951 3022 notandum
962 2972 1012 3037 est,
1025 2968 1098 3040 quod
1110 2966 1261 3022 substantia
1272 2973 1301 3021 ut
1315 2966 1353 3020 sic

248 3055 368 3129 postulat
379 3071 437 3108 esse
448 3054 477 3107 ia
489 3071 523 3122 re,
535 3071 590 3107 non
596 3073 649 3124 per
659 3072 702 3122 se;
721 3070 806 3125 quum
817 3054 887 3108 illud
892 3073 944 3125 per
954 3060 1116 3109 reconnotet
1124 3054 1353 3126 complementum

248 3143 379 3198 ultimum
390 3139 558 3209 substantie,
572 3146 600 3194 et
611 3140 697 3213 possit
709 3140 771 3195 tolli
782 3158 800 3195 a
811 3139 969 3211 substantia,
983 3141 1050 3215 quin
1062 3145 1148 3196 cesset
1159 3159 1215 3195 esse
1227 3139 1353 3194 substan·

248 3230 295 3300 tin,
308 3229 405 3283 saltem
417 3226 441 3281 si
452 3231 548 3299 agatur
565 3227 599 3281 ds
615 3227 814 3300 complemento
831 3228 957 3285 naturali.
994 3228 1040 3284 Sic
1055 3229 1146 3283 anima
1160 3229 1280 3283 hnmana
1297 3246 1352 3282 non

248 3334 296 3389 per
312 3333 342 3369 se
359 3313 452 3382 sentit,
465 3314 512 3368 sed
530 3319 562 3367 ut
579 3314 714 3387 completa
729 3332 891 3389 percorpus
909 3315 939 3371 in
956 3334 1013 3371 esse
1030 3321 1134 3371 naturae
1147 3315 1305 3387 sentientis3
1324 3319 1353 3371 et

248 3410 349 3471 tamen,
361 3404 491 3473 pereunte
508 3418 625 3473 corpore,
638 3407 731 3456 manet
746 3403 838 3457 anima
855 3420 917 3457 eum
928 3402 958 3458 vi
974 3402 1105 3458 sensitiva
1123 3408 1227 3458 remota
1238 3420 1269 3459 ac
1280 3403 1353 3458 radi·

249 3488 317 3545 cali:
340 3494 370 3543 et
389 3487 514 3542 similiter
533 3495 655 3543 maneret
673 3489 765 3543 anima
783 3488 866 3559 bruti,
887 3490 911 3544 si
929 3494 1020 3563 posset
1038 3476 1142 3562 aliquid
1159 3490 1274 3544 existere
1295 3489 1353 3544 sine
1384 3484 1386 3488 '

249 3593 331 3631 eausa
342 3574 425 3629 finali.
463 3573 539 3639 Quid
549 3592 622 3644 vero,
634 3574 659 3629 si
670 3575 762 3630 anima
772 3574 854 3645 bruti,
867 3580 996 3648 pereunte
1013 3593 1130 3649 corpore,
1141 3582 1232 3649 posset
1248 3594 1352 3632 servare

249 3662 351 3736 species
367 3660 515 3727 sensibiles,
529 3666 558 3715 et
574 3678 622 3734 per
637 3661 699 3715 illas
710 3661 825 3733 vagari?
860 3661 932 3716 Nolo
943 3661 1013 3717 hanc
1025 3662 1199 3735 hypothesim
1211 3663 1352 3731 discutere,

250 3766 267 3804 a
286 3766 341 3821 qua
352 3748 457 3803 alienus
476 3766 552 3802 sum:
571 3748 619 3803 sed
632 3754 706 3817 noto,
718 3747 856 3802 neminem
870 3748 1018 3823 hucusque,
1030 3750 1103 3822 quod
1120 3768 1171 3823 ego
1187 3750 1278 3816 sciam,
1291 3767 1354 3823 pro-

249 3836 345 3891 tulisse
363 3834 468 3907 aliquid
481 3851 535 3906 quo
553 3835 712 3889 ostendatur
725 3834 783 3888 eius
796 3834 954 3890 absurditas.
991 3834 1046 3891 Sed
1056 3836 1109 3892 hoc
1121 3836 1214 3891 obiter.
1250 3837 1354 3891 Anima

249 3922 324 3979 bruti
339 3940 395 3976 non
412 3926 454 3976 est
471 3921 624 3976 substantia
637 3920 792 3990 materialis,
805 3921 869 3993 quia
883 3922 998 3976 materia
1014 3922 1110 3995 nequit
1121 3941 1178 3978 esse
1190 3923 1355 3997 principium

250 4010 392 4079 sentiendi,
404 4014 437 4062 nt
448 4026 529 4081 supra
539 4008 675 4063 vidimus:
693 4026 743 4063 nec
755 4008 913 4081 spiritualis,
926 4010 991 4081 quia
1002 4010 1112 4083 spiritus
1123 4016 1165 4065 est
1176 4016 1273 4065 natura
1284 4011 1313 4065 in
1325 4029 1354 4066 se

252 4096 388 4169 completa
398 4100 428 4149 et
439 4094 584 4167 operativa,
594 4094 806 4167 independenter
817 4112 835 4149 a
845 4094 940 4166 quavis
951 4097 1078 4151 1111111111
1098 4098 1145 4153 sed
1154 4103 1195 4152 est
1204 4097 1356 4153 substantia

250 4182 361 4240 inferior
372 4181 515 4254 spirituali,
525 4187 554 4235 et
565 4181 681 4236 nobilior
692 4181 834 4251 materiali,
844 4199 936 4237 carens
946 4183 1020 4237 omni
1027 4184 1219 4257 compositione
1228 4186 1355 4257 partium,

251 4288 307 4325 non
324 4286 458 4341 occupans
477 4268 569 4322 locum
584 4268 689 4323 ratione
701 4267 752 4337 sui,
764 4268 814 4322 sed
830 4267 949 4323 existens
965 4269 994 4323 in
1007 4271 1067 4326 loeo
1084 4276 1193 4325 1111111111
1203 4272 1357 4327 virtualiter

253 4365 281 4412 et
297 4355 442 4428 analogice,
455 4354 527 4409 sicut
540 4353 666 4427 spiritus:
684 4355 868 4428 independens
888 4372 905 4410 1
921 4357 1036 4413 materia
1055 4358 1085 4413 in
1100 4376 1149 4414 suo
1162 4376 1219 4414 esse
1230 4358 1356 4415 substan-
