3200 4975
203 420 272 464 car.
291 400 330 497 ῃ]
511 422 553 465 on
571 422 770 465 sonsrsuars
790 422 992 466 ammarum.
1264 405 1305 467 l9

195 587 308 651 duatur
323 587 502 668 substantia,
516 611 569 674 per
580 588 666 674 quod
677 586 768 652 habet
779 610 844 652 esse
855 585 933 652 hanc
944 609 1072 651 numero
1087 586 1298 652 substantiam.

195 698 293 783 Atqui
307 722 372 763 esse
387 700 464 765 hanc
485 722 613 765 numero
636 676 840 764 substantiam
861 699 953 764 habet
973 698 1011 764 ab
1033 700 1144 764 actuali
1158 699 1302 763 termina·

196 811 280 875 tione
294 812 387 877 huius
402 835 532 878 numero
552 824 639 878 actus
659 812 871 878 substantialis
888 813 928 877 ad
943 835 1034 877 suum
1048 813 1216 877 terminum
1231 811 1304 875 sub·

196 923 380 989 stantialem.
425 924 509 1008 Ergo
520 924 559 989 ab
570 926 676 989 eadem
691 926 907 990 terminatione
917 923 1009 988 habet
1020 923 1303 988 individaationem.

198 1035 301 1100 Huius
316 1036 486 1123 syllogismi
506 1037 602 1101 maior
621 1046 724 1122 patet:
747 1059 811 1101 non
831 1038 913 1101 enim
928 1036 1012 1101 aliud
1026 1046 1073 1101 est
1088 1036 1209 1101 realiter
1222 1034 1303 1099 indi·

195 1147 323 1229 viduari,
339 1150 421 1214 aliud
436 1150 502 1215 fieri
515 1150 574 1214 hoc
587 1173 686 1213 unum
706 1150 916 1231 substantiale,
931 1173 985 1214 seu
999 1172 1065 1214 esse
1079 1149 1158 1213 hanc
1173 1169 1302 1212 numero

195 1260 407 1326 substantiam.
454 1262 521 1326 Iam
535 1284 606 1327 vero
628 1284 696 1326 csse
714 1263 793 1326 hanc
813 1284 942 1326 numero
962 1260 1164 1326 substantium
1180 1272 1303 1325 estesse

195 1375 271 1439 baara
284 1398 401 1439 namma
416 1383 514 1439 actam
532 1376 705 1460 completum
724 1378 757 1439 in
775 1398 837 1440 esse
849 1398 909 1459 per
923 1377 999 1439 bora
1012 1377 1175 1439 terminatas.
1219 1373 1303 1458 Ergo

195 1486 282 1566 illud,
297 1488 380 1571 quod
393 1487 467 1551 facit
482 1489 557 1551 bans
571 1497 672 1551 actum
689 1489 743 1552 lac
763 1488 895 1552 termino
914 1487 1111 1571 completum,
1127 1495 1174 1550 est
1188 1485 1302 1571 princi-

195 1599 280 1683 pium
302 1599 555 1663 individuatiouis
580 1600 763 1683 proximum.
810 1600 871 1665 Sed
894 1600 977 1684 quod
998 1599 1072 1663 facit
1093 1599 1176 1663 hunc
1197 1606 1300 1662 actum

194 1732 259 1775 esse
274 1713 350 1775 lanc
367 1720 413 1776 est
429 1712 496 1797 ipsa
514 1712 626 1796 positio
648 1720 744 1789 actus,
766 1734 835 1796 quae
854 1712 962 1796 nequit
976 1734 1043 1775 esse
1056 1710 1300 1790 indeterminata,

189 1844 288 1905 quum
302 1832 421 1887 actosa
440 1822 526 1887 nullo
547 1822 776 1901 determinetur,
799 1823 853 1887 sed
874 1823 940 1907 ipse
962 1823 1145 1887 determinet
1165 1822 1243 1901 alia3
1265 1831 1297 1885 et

193 1934 238 1997 sic
259 1935 358 1998 omnis
380 1944 465 1999 actus
488 1956 520 1999 se
542 1934 608 2019 ipso
630 1942 676 1998 est
698 1934 895 1999 individuus:
919 1934 1003 2019 quod
1022 1956 1092 1999 vero
1120 1933 1194 1998 facit
1215 1934 1298 1998 hunc

193 2059 295 2110 actum
311 2046 368 2110 hoc
382 2046 514 2111 termino
533 2046 678 2130 compleri
698 2068 760 2109 non
780 2055 829 2111 est
843 2047 908 2131 ipse
921 2045 1082 2125 terminus,
1096 2045 1146 2110 vel
1160 2045 1297 2126 materia,

194 2156 248 2221 sed
262 2167 309 2221 est
323 2158 498 2223 terminatio
517 2158 610 2221 unius
631 2156 671 2221 ad
694 2156 797 2235 alium,
820 2178 875 2242 per
895 2179 989 2242 quam
1011 2156 1211 2221 constituitur
1231 2157 1297 2221 baec

193 2267 294 2332 unitus
315 2267 523 2332 substantialis
541 2267 699 2353 completa.
745 2267 829 2332 Nam
843 2290 878 2331 eo
893 2268 960 2354 ipso
974 2268 1057 2353 quod
1071 2291 1126 2353 per
1141 2268 1220 2333 hanc
1235 2278 1298 2332 ter·

194 2378 390 2443 minationem
413 2379 610 2443 constituitur
630 2401 694 2445 una
716 2379 887 2444 substantia
906 2380 940 2443 in
955 2401 988 2443 se
1001 2379 1162 2466 completa,
1184 2381 1298 2445 eonsti-

191 2492 291 2556 tuitur
305 2492 338 2555 in
353 2513 385 2556 se
400 2492 545 2556 distincta
558 2491 596 2555 ab
610 2493 695 2556 omni
709 2492 794 2577 quod
807 2513 871 2556 non
885 2499 932 2556 est
946 2491 1021 2577 ipsa,
1032 2500 1065 2556 et
1075 2500 1297 2577 consequenter

191 2604 391 2669 constituitur
418 2605 582 2669 susbstantia
603 2626 721 2668 namna
743 2605 821 2681 lac3
845 2625 931 2667 secus
952 2603 1036 2667 enim
1058 2603 1296 2668 constitueretur

195 2715 439 2795 indeterminate,
462 2715 546 2800 quod
563 2724 610 2780 est
624 2714 823 2800 impossibile.
868 2714 960 2779 Unde
981 2737 1104 2780 necesse
1126 2724 1172 2780 est
1195 2716 1295 2780 dicere

190 2827 276 2912 quod
296 2849 351 2913 per
372 2827 449 2892 illud
472 2827 644 2892 substantia
664 2825 875 2890 individuatur
895 2826 929 2889 iu
949 2836 1020 2890 actu
1034 2827 1177 2906 secundo,
1193 2849 1248 2891 seu
1262 2827 1295 2892 in

191 2961 257 3003 csse
271 2939 407 3026 physico,
421 2961 477 3024 per
490 2939 574 3024 quod
593 2937 791 3003 constituitur
806 2938 839 3001 in
854 2960 886 3002 se
900 2937 1051 3022 completa
1065 2938 1247 3020 substantia,
1262 2938 1296 3003 id

192 3059 240 3115 est
254 3073 309 3136 per
323 3051 567 3115 terminationem
585 3060 672 3114 actus
687 3048 726 3113 ad
740 3049 918 3114 terminum.

234 3164 281 3227 Ac
302 3185 356 3248 per
377 3164 436 3228 hoc
457 3163 578 3228 videtur
607 3161 791 3226 sufficienter
819 3184 972 3246 apparere,
1003 3161 1086 3246 quod
1110 3162 1295 3248 principium

192 3275 441 3340 individuationis
457 3274 635 3339 substantiae
653 3273 695 3357 (et
710 3272 809 3337 simile
824 3271 884 3336 dici
897 3272 1010 3357 poterit
1024 3271 1116 3336 etism
1132 3273 1170 3337 de
1184 3273 1294 3340 indivi-

189 3387 335 3452 duutione
356 3387 532 3468 accidentis)
553 3407 616 3450 non
636 3395 682 3450 est
696 3384 840 3449 materia:
862 3395 894 3448 et
908 3383 991 3470 quod
1010 3385 1183 3449 substantia
1204 3386 1293 3471 spiri·

190 3498 285 3565 tualis
313 3500 522 3565 individuatur
550 3522 605 3584 per
631 3498 784 3583 seipsam
813 3498 893 3563 sicut
921 3496 1092 3562 substantia
1120 3499 1293 3564 materialis.

190 3611 394 3684 Difficultates
412 3634 483 3677 reno
505 3620 611 3676 contra
632 3611 710 3675 hanc
733 3609 916 3675 sententiam
938 3608 1088 3675 solvemus
1107 3610 1188 3676 infra
1201 3634 1234 3675 n.
1250 3615 1290 3677 21

191 3731 222 3787 et
237 3723 444 3809 sequentibus.

233 3837 287 3900 20.
311 3835 467 3912 Qnaeritur
478 3834 714 3920 decimoquinto,
725 3843 825 3899 atam
835 3855 934 3898 manes
945 3835 1116 3898 adstantia
1126 3838 1294 3918 spiritualer

190 3949 329 4013 meabiles
341 3951 402 4012 sint
418 3949 539 4013 diuma
551 3948 668 4031 sperici,
683 3969 723 4010 aa
733 3948 851 4031 possint
864 3967 925 4010 csse
932 3947 1025 4029 plura
1039 3947 1167 4011 medem
1187 3952 1294 4032 speciei

191 4061 351 4125 individua.

233 4171 426 4258 Respondeo‚
440 4171 519 4235 nihil
532 4170 702 4255 prohibere,
717 4169 883 4255 quominus
896 4170 929 4232 iu
945 4168 1125 4234 substantiis
1147 4169 1290 4254 spiritua·

190 4283 271 4348 libus
286 4283 348 4347 sint
367 4282 457 4368 plura
478 4281 613 4346 eiusdem
636 4280 746 4365 speciei
767 4279 933 4359 individua,
956 4280 1019 4345 sive
1037 4280 1162 4366 aqualis
1176 4283 1289 4366 perfec·

191 4395 293 4474 tionis,
299 4395 360 4460 sive
369 4392 546 4479 inaequalis:
562 4393 657 4457 immo
669 4391 789 4456 nullum
800 4414 866 4456 esse
880 4392 1115 4458 fundamentum
1125 4395 1288 4474 asserendi,

1063 4507 1118 4568 02
