3200 4975
227 378 294 421 car.
313 359 368 443 11.]
676 383 718 424 aa
736 381 884 426 nonina.
1265 357 1328 424 225

226 542 364 626 dicendo,
380 547 630 632 complacentiam
645 549 740 629 illam,
755 572 824 635 quae
838 549 1007 614 necessario
1023 547 1161 636 sequitur
1180 546 1328 613 iudicium

224 656 392 739 practicam
420 659 560 744 (quaeque
582 682 619 723 ex
635 659 823 724 Bellarmino
846 659 980 726 vocanda
999 667 1079 724 esset
1097 659 1187 724 libera
1213 658 1326 741 volitio)

225 789 291 831 esse
304 768 431 834 liberam
445 770 479 834 in
494 794 595 851 causa,
608 772 679 857 quia
693 772 789 837 libere
804 773 863 837 fuit
874 781 1053 858 praeparata.
1084 770 1144 836 Sed
1155 775 1198 850 1⁰,
1210 771 1330 835 etiamsi

226 878 269 943 sic
291 879 456 945 salvaretur
476 882 610 962 libertas,
626 884 778 948 sententia
800 883 853 948 illa
875 884 1067 948 conscientiae
1089 883 1264 947 testimonio
1281 905 1331 946 re·

224 990 357 1071 fellitnr;
387 993 459 1078 quia
481 994 653 1079 experimur
675 995 850 1080 saepissime,
873 1017 930 1058 noa
952 995 1033 1060 facto
1054 993 1167 1058 iudicio
1196 993 1330 1078 practico
1367 996 1370 1002 '

226 1125 289 1166 non
309 1102 378 1168 ideo
397 1104 430 1168 in
448 1128 483 1170 eo
504 1107 725 1191 conquiescere,
749 1107 804 1171 sed
826 1106 937 1171 habere
954 1113 1138 1191 potestatem
1161 1106 1222 1169 sive
1242 1127 1331 1168 reno-

225 1215 316 1279 vandi
340 1217 604 1297 consultationem,
628 1219 690 1283 sire
711 1219 803 1283 aliam
829 1218 1084 1283 consultationem
1106 1216 1246 1295 faciendi,
1268 1217 1330 1280 sive

226 1327 404 1412 simpliciter
422 1329 639 1413 ¹suspendendi
665 1352 786 1394 omnem
812 1329 938 1394 liberam
962 1329 1167 1394 adhaesionem
1194 1329 1330 1406 obiecto;

226 1438 309 1502 unde
322 1461 444 1503 necesse
458 1449 505 1504 est
525 1440 633 1519 dicere,
649 1448 751 1505 actum
767 1441 926 1505 volitivum
940 1440 1113 1524 formaliter
1134 1440 1276 1518 liberum,
1292 1439 1331 1504 ad

226 1573 318 1636 quem
333 1551 443 1616 ultimo
458 1552 642 1616 terminatur
655 1553 772 1632 electio,
788 1574 852 1616 non
867 1575 933 1616 esse
948 1552 1126 1637 simpliciter
1143 1551 1227 1616 illam
1248 1574 1330 1616 com·

226 1662 406 1749 placentiam
422 1663 601 1728 naturaliter
616 1674 851 1750 consequentem
868 1674 986 1728 motum
998 1665 1183 1752 impressum
1193 1686 1210 1728 a
1219 1663 1339 1728 iudicio·

227 1775 368 1859 practico.
414 1780 458 1840 2⁰.
481 1776 608 1842 Accedit
629 1777 708 1842 ratio
728 1778 768 1841 ad
779 1778 936 1841 homiaem.
982 1775 1063 1838 Nam
1080 1775 1106 1838 si
1121 1783 1208 1839 actus
1222 1774 1332 1839 volun-

226 1887 300 1949 tatis
322 1887 399 1951 liber
422 1887 674 1952 determinaretur
699 1912 717 1953 a
740 1888 853 1953 iudicio
876 1887 1019 1973 practico,
1041 1887 1131 1951 etiam
1158 1896 1244 1952 aetus
1270 1909 1332 1972 quo

227 1995 368 2061 voluntas
383 1997 488 2083 dirigit
502 1999 708 2084 operationem
724 1997 926 2062 deducentem
941 1997 980 2061 ad
994 1995 1143 2062 iudicium
1163 1997 1331 2082 practicum

228 2107 350 2173 deberet
373 2109 568 2174 determinari
590 2109 628 2173 ab
648 2109 707 2173 alio
728 2109 842 2174 iudicio
864 2108 1007 2194 practico,
1024 2117 1055 2172 et
1077 2108 1119 2172 sic
1140 2130 1260 2192 semper
1278 2131 1333 2192 per

228 2221 335 2284 seriem
350 2222 563 2287 ascendentem
578 2221 616 2286 ab
633 2244 695 2285 uno
707 2230 777 2285 actu
787 2219 1004 2308 posterioread
1015 2221 1169 2306 priorem:
1191 2219 1333 2286 voluntas

228 2332 365 2397 videlicet
380 2342 458 2397 esset
473 2333 568 2397 libera
582 2333 615 2396 in
631 2343 703 2397 actu
718 2333 892 2417 posteriore,
904 2331 979 2418 quia
993 2332 1053 2396 fuit
1068 2332 1163 2396 libera
1177 2332 1210 2395 in
1221 2332 1331 2417 priore,

225 2453 257 2508 et
273 2445 380 2510 fuisset
395 2445 489 2511 libera
503 2446 660 2531 inpriore,
677 2445 750 2531 quia
764 2445 796 2510 in
816 2444 875 2511 alio
896 2445 997 2510 adhuc
1019 2444 1119 2531 priore
1139 2444 1199 2510 fuit
1217 2445 1333 2511 libera:

228 2568 260 2621 et
283 2560 325 2622 ric
348 2581 406 2642 ego
429 2581 525 2622 essem
552 2558 629 2622 liber
651 2557 752 2636 hodie,
771 2558 844 2642 qnia
869 2556 935 2620 heri
951 2556 1029 2621 liber
1048 2557 1103 2637 fui,
1125 2566 1156 2621 et
1175 2557 1242 2621 lieri
1261 2546 1334 2642 quia

228 2670 328 2755 priore
339 2692 453 2750 mense,
466 2680 524 2734 etc.
548 2669 618 2733 Hoc
630 2678 732 2733 autem
742 2677 788 2731 est
804 2668 912 2748 dicere,
926 2667 1114 2733 voluntatem
1126 2690 1191 2731 esse
1204 2668 1332 2733 liberam

227 2781 303 2867 quin
319 2804 456 2866 unquam
472 2803 543 2845 suos
558 2789 644 2845 actus
659 2779 841 2845 determinet
856 2803 874 2844 a
889 2779 1010 2864 seipsa:
1033 2787 1064 2843 et
1084 2779 1142 2843 hoe
1162 2787 1208 2843 est
1229 2788 1333 2865 aperte

228 2892 506 2957 contradictorium.
552 2891 738 2956 Conceditur
760 2913 843 2975 ergo,
866 2890 1054 2955 voluntatem
1085 2892 1173 2955 libere
1202 2891 1334 2976 dirigere

228 3003 419 3089 operationes
428 3011 632 3089 praeparantes
643 3001 790 3066 iudicium
802 3002 990 3087 practicam:
1013 3000 1067 3065 sed
1077 3000 1136 3065 hoc
1150 2999 1219 3065 ideo
1234 3001 1334 3066 solum

228 3116 456 3181 concedendum
471 3123 527 3195 est,
540 3116 611 3201 quia
626 3123 711 3179 actus
725 3114 815 3178 liberi
828 3113 996 3177 voluntatis
1010 3136 1073 3177 non
1090 3113 1334 3179 determinantur

229 3228 373 3292 aiudicio
387 3227 538 3312 practico;
561 3234 593 3290 et
608 3226 651 3289 sie
665 3225 882 3304 Bellarminus,
898 3224 952 3309 qui
970 3225 1028 3289 hoc
1043 3225 1211 3290 secundum
1228 3236 1333 3311 negat,

229 3361 292 3404 non
306 3348 408 3425 potest
423 3347 629 3423 congruenter
643 3338 751 3402 docere
766 3337 914 3401 iudicium
930 3336 1098 3423 practicam
1121 3360 1186 3401 esse
1203 3337 1335 3403 liberum

229 3452 261 3516 in
282 3474 379 3516 causa.
427 3454 471 3515 3⁰.
494 3452 586 3516 Ratio
606 3460 708 3514 autem
730 3449 904 3528 intrinseca,
924 3471 980 3513 cur
999 3448 1146 3514 iudicium
1166 3450 1335 3534 practicam

229 3563 381 3648 relinquat
391 3563 580 3627 voluntatem
594 3584 663 3626 cum
676 3562 816 3648 potentia
825 3560 865 3625 ad
875 3562 1051 3647 oppositum
1061 3561 1192 3647 petenda
1206 3571 1253 3627 est
1267 3571 1336 3627 tum

229 3696 248 3738 a
268 3674 451 3737 limitatione
474 3673 557 3754 boni,
573 3671 657 3758 quod
670 3695 725 3756 per
739 3672 800 3737 tale
815 3672 961 3736 indicium
978 3673 1160 3758 proponitur
1174 3674 1336 3754 voluntati,

229 3793 295 3849 tum
320 3808 356 3850 ex
377 3807 413 3848 eo
435 3786 519 3870 quod
541 3784 656 3848 bonum
680 3784 758 3848 illud
779 3784 903 3847 finitum
921 3806 985 3848 non
1007 3785 1252 3870 apprehendatur
1272 3809 1337 3851 esse

230 3896 433 3960 necessarium
463 3896 502 3959 ad
531 3895 706 3960 felicitatem
736 3895 875 3974 subiecti,
895 3894 987 3958 etiam
1017 3904 1053 3959 ut
1078 3897 1260 3981 proponitur
1283 3921 1338 3981 per

230 4008 376 4073 iudicium
398 4008 574 4094 practicum.
619 4007 661 4070 Ilt
678 4007 778 4092 primo
796 4008 932 4092 quidem,
947 4030 1042 4093 quum
1059 4009 1216 4073 tendentia
1230 4010 1337 4074 volun-

230 4121 304 4183 tatis
325 4120 365 4184 ad
387 4120 501 4184 bonum
526 4120 566 4182 sit
587 4120 816 4205 proportionata
837 4121 984 4204 potentiae
1006 4121 1230 4205 cognoscitivae,
1245 4145 1263 4185 a
1278 4145 1339 4207 qua

232 4231 268 4294 fit
290 4232 485 4316 praesentatio
507 4231 590 4308 boni,
613 4231 646 4293 in
668 4230 803 4312 homine,
827 4233 914 4296 cuius
936 4232 1033 4295 virtus
1064 4234 1269 4316 cognoscitiva
1293 4246 1339 4298 est
1389 4229 1393 4239 '

234 4341 308 4406 boni
326 4310 505 4407 universalis
526 4352 556 4406 et
571 4342 694 4421 infiniti,
710 4341 801 4405 etiam
818 4342 959 4407 voluntas
974 4343 1071 4408 fertur
1086 4344 1124 4407 ad
1139 4344 1253 4408 bonum
1270 4347 1339 4410 uni-

282 4474 356 4518 von.
374 4475 414 4521 11.
1147 4476 1168 4527 Q
