3200 4975
282 380 346 443 114
598 400 641 443 un
657 398 862 444 suessanum
878 397 1082 441 sersrruacr.
1225 376 1313 459 [cae.
1331 393 1386 435 111.

279 560 377 626 forma
399 561 566 647 spiritualis
586 566 683 649 possit
705 564 857 649 attingere
879 561 1047 642 materiam,
1067 584 1165 646 quum
1183 561 1274 625 etiam
1290 560 1388 625 forma

281 672 456 752 materialis,
471 696 542 759 quse
555 683 602 740 est
618 674 791 760 ignobilior,
806 697 874 739 eam
889 674 1033 758 attingat.

328 783 491 860 Quomodo
510 795 613 852 autem
633 787 759 873 spiritus
777 786 890 871 dirigat
909 786 970 851 vim
991 808 1078 849 suam
1097 782 1331 849 illuminativam
1351 782 1390 846 ad

284 895 520 961 determinatum
542 897 745 977 intellectum,
770 907 825 963 aut
849 896 1064 963 locomotivam
1088 896 1128 960 ad
1154 894 1389 961 determinatum

284 1015 435 1092 punctum
449 1008 586 1074 materiae
601 1009 632 1073 in
649 1010 759 1094 spatio,
773 1031 838 1073 non
859 1030 1023 1094 possumus
1038 1008 1116 1073 bene
1130 1006 1300 1092 intelligere
1308 1032 1319 1085 3
1342 1028 1390 1069 res

283 1118 366 1183 enim
388 1119 524 1205 attingit,
547 1122 595 1186 vel
617 1122 817 1202 transcendit,
843 1120 957 1187 limites
978 1122 1121 1186 humanu
1144 1120 1295 1185 scientim:
1323 1118 1391 1183 vide

283 1239 389 1297 tamen
425 1253 495 1318 quae
531 1232 777 1300 coniecturaliter
813 1233 969 1299 adduntur
1005 1233 1038 1299 in
1075 1241 1208 1299 tractatu
1246 1239 1392 1317 sequente

289 1343 333 1424 (u.
349 1345 481 1427 32-35).

328 1454 465 1520 Tandem
479 1455 526 1521 vis
539 1455 732 1520 informativa
745 1477 810 1519 non
824 1454 929 1541 prodit
948 1454 1128 1520 naturaliter
1139 1454 1172 1519 in
1187 1463 1289 1519 actum
1305 1452 1392 1539 quasi

286 1564 372 1649 prius
386 1566 516 1631 caruerit
531 1575 602 1631 actu
616 1566 820 1645 informativ0,
837 1589 934 1651 quum
949 1567 1059 1647 anima,
1075 1589 1146 1652 quae
1168 1565 1339 1632 destinatur
1353 1563 1393 1629 ad

285 1677 515 1743 informandum
538 1700 658 1763 corpus,
678 1686 798 1742 creetur
820 1686 891 1742 actu
910 1677 1078 1743 informans
1099 1676 1185 1742 illud.
1232 1676 1293 1741 Sed
1313 1676 1339 1741 si
1359 1675 1392 1739 in

286 1790 372 1853 omui
386 1791 498 1874 spiritu
512 1799 559 1854 est
578 1789 758 1854 sufficientia
779 1788 820 1853 ad
841 1788 1069 1853 informandum
1092 1811 1203 1874 eorpus
1217 1788 1326 1853 saltem
1341 1809 1392 1851 su-

287 1900 532 1985 pernaturaliter,
545 1910 583 1965 ut
598 1923 691 1986 supra
705 1899 822 1985 opinati
835 1922 952 1978 sumus,
967 1922 1090 1965 necesse
1104 1908 1161 1978 est,
1175 1908 1212 1964 ut
1228 1899 1268 1963 sit
1283 1898 1393 1983 aliquis

289 2011 399 2076 modus
415 2010 522 2076 saltem
538 2012 806 2097 praeternaturalis,
821 2033 884 2097 quo
902 2012 967 2076 haec
981 2011 1079 2076 virtus
1098 2011 1217 2096 concipi
1239 2011 1335 2095 possit
1355 2009 1393 2074 ab

289 2132 361 2188 actu
380 2123 479 2208 primo
498 2123 539 2188 ad
558 2123 728 2189 secundum
750 2123 909 2203 devenire;
934 2131 1024 2188 tanto
1042 2124 1151 2207 magis,
1174 2122 1256 2208 quod
1277 2121 1394 2208 aliquid

289 2234 467 2299 huiusmodi
481 2233 582 2319 ieipsa
592 2234 749 2300 accidetin
761 2234 981 2300 resurrectione
992 2234 1162 2298 hominum.
1208 2231 1314 2310 Quum
1325 2254 1394 2297 vero

289 2348 335 2411 ris
354 2346 556 2424 informatius,
577 2346 625 2411 vel
645 2347 752 2426 forma,
778 2345 857 2411 nihil
879 2345 963 2411 aliud
986 2345 1027 2409 sit
1050 2346 1110 2409 nisi
1134 2346 1201 2430 ipsa
1223 2344 1395 2409 substantia

290 2457 458 2544 spiritualis
481 2457 671 2524 considerata
691 2458 724 2523 in
744 2468 816 2524 actu
838 2456 937 2544 primo
962 2457 1149 2523 terminandi
1168 2479 1200 2522 se
1223 2456 1263 2521 ad
1286 2477 1395 2541 corpus

288 2571 476 2656 organicum,
492 2579 628 2656 apparet,
637 2594 701 2638 non
722 2595 787 2636 esse
810 2571 1007 2657 quaerendum
1031 2570 1146 2656 aliquid
1166 2569 1301 2635 medium
1315 2570 1396 2634 inter

288 2683 417 2748 formam
437 2683 661 2748 informativam
679 2691 710 2748 et
730 2705 841 2768 corpus
863 2682 1064 2761 informabile,
1086 2681 1206 2747 adhoc
1228 2689 1265 2744 ut
1290 2680 1397 2746 haberi

289 2794 385 2878 possit
408 2794 593 2859 informatio.
640 2795 723 2859 Hinc
746 2794 921 2859 informatio
943 2816 1006 2858 non
1026 2802 1128 2878 potest
1147 2793 1213 2858 fieri
1228 2815 1281 2878 per
1295 2792 1395 2857 iillum

289 2914 391 2971 actum
407 2906 539 2970 liberum
553 2905 758 2985 informantis,
774 2906 830 2971 sed
843 2905 934 2971 debet
955 2906 1094 2970 absolute
1113 2905 1179 2970 fieri
1192 2927 1247 2990 per
1262 2903 1395 2970 divinam

289 3019 496 3104 operationem
511 3018 748 3103 coniungentem
766 3020 895 3083 formam
916 3019 1060 3083 materiae.
1107 3018 1182 3082 Haec
1199 3028 1302 3082 autem
1324 3039 1396 3102 ope-

289 3133 366 3197 ratio
382 3131 484 3196 divina
498 3131 597 3196 multo
611 3132 711 3217 magis
725 3132 914 3197 transcendit
929 3139 1111 3216 conceptum
1134 3139 1287 3210 nostrum,
1303 3153 1396 3216 quam

292 3244 474 3328 supradictae
495 3242 686 3328 operationes
706 3243 882 3328 spirituum,
902 3252 932 3309 et
954 3243 1040 3309 iubet
1060 3265 1117 3307 nos
1131 3243 1163 3307 in
1179 3243 1321 3327 praesenti
1335 3243 1397 3306 vita

292 3357 330 3420 de
344 3363 448 3420 nostra
462 3355 636 3419 humilitate
652 3378 713 3419 non
728 3355 820 3419 nimis
835 3379 1027 3440 praesumere,
1037 3356 1090 3421 scd
1101 3377 1138 3420 ex
1151 3378 1216 3419 una
1230 3361 1316 3442 parte
1330 3354 1398 3418 Deo

293 3467 406 3551 gratim
420 3488 520 3551 agere,
535 3466 618 3551 quod
633 3489 696 3529 non
711 3489 807 3551 pauca
822 3476 853 3530 et
867 3489 931 3531 uon
949 3467 1077 3532 minima
1095 3466 1183 3531 nobis
1197 3465 1398 3549 intelligenda

293 3578 420 3657 dederit,
435 3577 545 3643 exalia
560 3601 629 3642 vero
643 3578 708 3643 haec
723 3579 850 3664 diligere
865 3588 896 3644 et
911 3581 1016 3664 magni
1030 3581 1137 3658 facere,
1148 3589 1305 3663 tamquam
1322 3599 1397 3663 prae-

291 3688 413 3755 ludium
442 3689 595 3775 quoddam
625 3699 717 3776 atque
746 3701 919 3776 praegustus
949 3714 1063 3770 eorum,
1094 3714 1161 3776 quae
1187 3688 1398 3774 cognoscenda

292 3801 383 3867 nobis
396 3801 578 3867 infuturum
593 3812 796 3868 reservantur.
