3200 4975
287 316 330 378 at
606 335 648 377 ns
664 333 864 377 suesrsurm
880 330 1080 375 ιιιιιιιιιιιι.
1254 308 1339 391 [oar.
1356 326 1395 375 ιι.

287 498 405 564 ratione
418 499 539 564 formali
553 498 738 563 terminandi
753 500 957 583 desumptam,
972 506 1004 561 et
1019 496 1155 561 dicemus
1170 494 1345 559 facultatem
1361 494 1394 557 iu

291 631 401 691 genere
421 631 487 673 esse
507 612 775 674 terminabilitatem
799 617 883 674 aetus
907 609 1112 674 substantialia
1134 608 1174 671 ad
1191 609 1318 691 aliquem
1337 616 1395 671 ter-

288 724 405 785 minum.
451 720 548 786 Actus
576 730 679 786 autern
709 721 838 786 alicuius
871 722 1026 786 facultatis
1054 721 1088 785 in
1118 742 1229 804 genere
1258 719 1394 783 dicetur:

288 834 415 898 actualis
440 836 607 899 ter-minatio
627 835 787 917 facultatis
811 837 852 899 ud
868 859 953 899 mam
978 836 1144 900 terminum.
1188 832 1268 911 Quae
1288 832 1396 897 defini·

291 944 391 1009 tiones
413 947 559 1029 generice
579 948 654 1011 fient
675 948 832 1032 specificae,
848 947 923 1011 siin
942 970 993 1011 eas
1006 946 1231 1017 introducatur
1244 945 1321 1010 ratio
1335 946 1394 1008 for·

293 1056 381 1121 malis
395 1058 529 1123 fundans
545 1059 703 1143 specialem
719 1059 895 1124 relationem
912 1070 999 1124 actus
1014 1058 1054 1123 ad
1067 1058 1244 1123 terminum.

336 1170 389 1232 31.
412 1167 570 1245 Quaeritur
585 1171 684 1249 tertio,
694 1192 754 1255 per
769 1173 843 1255 quid
854 1174 1051 1236 constituatur
1058 1170 1194 1256 sacaltm
1211 1169 1396 1234 intellectiva.

337 1280 528 1364 Respondeo,
550 1282 696 1346 constitui
711 1304 765 1367 per
779 1281 1072 1347 terminabilitatem''
1082 1290 1169 1346 actus
1188 1280 1396 1355 substantialis

293 1390 333 1454 ad
347 1391 500 1457 obiectum
522 1402 556 1457 ut
576 1392 778 1478 intelligibile.
825 1393 931 1470 Quum
954 1394 1037 1459 enim
1061 1393 1303 1479 unumquodque
1326 1401 1397 1476 agat

292 1503 326 1565 in
341 1512 491 1587 quantum
505 1513 552 1568 est
566 1505 599 1568 in
614 1514 694 1585 actu,
709 1514 740 1569 et
755 1514 842 1570 actus
856 1505 1059 1570 intellectirus
1079 1506 1179 1590 primo
1193 1506 1397 1569 constituatur

292 1614 325 1678 in
337 1622 407 1679 actu
418 1614 620 1680 intellectivus
631 1639 685 1701 per
693 1616 940 1682 terminationem
955 1616 995 1680 acl
1005 1616 1171 1680 terminum
1185 1616 1397 1693 intrinsecum,

292 1727 342 1791 cui
357 1726 409 1791 dat
423 1748 499 1806 esse,
514 1728 578 1813 ipse
598 1737 685 1801 actus
706 1729 909 1794 intellectivaa
931 1727 1140 1792 substantialis
1161 1728 1220 1792 sub
1239 1729 1397 1813 adaquata

294 1838 410 1903 ratione
431 1839 609 1904 intellectivi
630 1841 844 1926 complectitur
865 1850 896 1906 et
918 1824 1021 1906 actum
1044 1862 1100 1905 seu
1121 1842 1251 1905 formam
1272 1840 1396 1904 dantem
1443 1830 1447 1837 ’

292 1972 358 2015 esse
375 1951 506 2015 termino
527 1951 703 2031 intrinseco,
723 1960 754 2015 et
774 1953 941 2016 terminum
965 1952 1163 2037 accipientem
1184 1974 1259 2016 esse.
1306 1951 1397 2028 Quod

292 2062 434 2143 delesse,
449 2062 541 2127 habet
556 2086 656 2147 seper
671 2064 797 2127 modum
812 2064 922 2141 activi3
944 2063 1027 2148 quod
1042 2062 1152 2148 accipit
1166 2085 1242 2143 esse,
1257 2062 1350 2128 habet
1365 2086 1397 2127 se

207 2250 211 2261 ¹
292 2192 347 2257 per
371 2168 498 2237 modum
522 2175 668 2258 potentiae
691 2176 827 2259 passiva,
850 2183 882 2238 et
905 2175 958 2238 dat
984 2174 1049 2238 enti
1069 2197 1134 2238 esse
1152 2175 1186 2237 in
1207 2175 1344 2258 potentia
1358 2175 1396 2238 ad

292 2284 509 2368 recipiendum,
526 2295 560 2350 ut
575 2285 707 2353 vidimus
727 2307 820 2369 supra
843 2287 886 2368 (n.
902 2287 948 2369 6),
963 2295 994 2350 et
1012 2296 1233 2372 consequenter
1247 2296 1293 2351 est
1312 2287 1344 2350 id
1364 2287 1397 2350 in

292 2417 354 2481 quo
383 2396 555 2461 substantia
582 2396 675 2461 habet
703 2397 961 2483 potentialitatem
990 2398 1141 2483 passivam
1170 2398 1395 2463 intellectivam.

293 2509 379 2574 Sicut
394 2532 467 2594 ergo
481 2519 566 2575 actus
581 2510 791 2575 substantialis
805 2511 977 2595 completur
986 2511 1018 2575 in
1028 2514 1129 2597 primo
1140 2535 1208 2577 esse·
1220 2512 1397 2577 intellectiri

293 2645 347 2707 per
355 2624 488 2708 primum
497 2644 562 2686 esse
571 2622 693 2686 termini
703 2621 912 2688 substantialis
920 2623 1087 2703 intrinseci,
1097 2624 1239 2689 habentis
1247 2625 1395 2689 rationem

292 2733 477 2820 passivitatis
496 2733 695 2812 intellectum,
711 2738 754 2798 ita
772 2734 854 2799 idem
874 2743 960 2800 actus
978 2736 1190 2801 substantialis
1204 2744 1251 2800 est
1265 2736 1397 2821 comple·

226 2853 229 2863 '
293 2846 362 2910 bilis
377 2847 410 2910 in
426 2847 559 2912 secundo
579 2867 644 2910 esse
663 2846 852 2926 intellectivi,
867 2870 923 2912 seu
939 2849 1166 2916 accidentaliter
1185 2847 1395 2926 intellectivus,
1436 2855 1443 2871 ’

294 2987 348 3048 per
362 2964 531 3028 secundum
546 2985 611 3026 esse
624 2962 761 3027 eiusdem
775 2961 900 3026 termini
914 2963 1036 3048 passivi,
1048 2964 1082 3028 id
1096 2971 1143 3027 est
1157 2986 1211 3048 per
1224 2964 1396 3048 passionem

294 3075 507 3140 accidentalem
533 3084 683 3159 receptam
705 3075 738 3138 in
756 3075 933 3159 passivitate
954 3076 1137 3140 intellectas.
1183 3076 1273 3140 Hanc
1294 3085 1397 3140 autem

293 3188 465 3270 passionem
486 3197 638 3270 receptam
660 3208 804 3250 vocamus
829 3189 952 3272 speciem
980 3188 1190 3271 iutellipibilem
1218 3189 1396 3272 impressam

294 3299 378 3382 Ergo
388 3299 466 3362 ratio
480 3297 614 3362 formalis
629 3298 783 3362 facultatis
798 3297 991 3362 intellectiva
1004 3307 1051 3362 est
1064 3297 1296 3362 terminabilitas
1311 3308 1396 3364 actus

295 3410 502 3474 substantialis
517 3410 556 3473 ad
570 3408 735 3473 terminum
745 3429 803 3492 per
813 3412 944 3492 speciem,
956 3409 1125 3473 secundum
1139 3433 1232 3496 quam
1247 3411 1408 3474 terminus

295 3523 360 3605 ipse
374 3521 410 3584 fit
424 3522 560 3605 proxime
574 3519 784 3603 intelligibilis.

339 3633 422 3696 Hinc
445 3631 777 3714 facultas-primigenia
799 3630 992 3714 intelligendi
1011 3623 1097 3694 nullo
1117 3633 1208 3696 modo
1222 3632 1282 3696 dici
1296 3626 1396 3716 potest

293 3733 432 3830 qualitas
447 3743 501 3808 sed
516 3735 684 3828 proprietas
701 3742 872 3806 essentialis
888 3736 1072 3807 substantiae
1091 3741 1302 3808 intellectivae:
1325 3766 1394 3828 pro-

206 3927 211 3942 ,
294 3859 407 3944 prietes
417 3858 499 3921 enim
511 3855 680 3920 essentialis
692 3855 723 3918 in
737 3855 909 3919 substantia
920 3854 1051 3939 simplici
1063 3855 1141 3918 nihil
1151 3855 1234 3919 aliud
1245 3863 1292 3920 est
1302 3874 1394 3940 quam

292 3971 359 4055 ipsa
370 3970 500 4034 essentia
515 3969 572 4032 sub
587 3967 718 4052 quodam
734 3967 853 4030 formali
868 3976 1008 4050 respectu
1022 3962 1179 4052 praecisivo
1193 3968 1395 4032 considerata:

293 4093 378 4146 actus
393 4091 495 4145 autem
511 4078 720 4143 substantialis
736 4077 873 4161 spiritus,-
882 4087 914 4140 et
928 4079 994 4141 eius
1009 4080 1160 4143 terminus
1175 4078 1393 4157 substantialis,

293 4197 358 4258 sine
369 4195 433 4258 ullo
448 4193 543 4257 dubia
556 4204 631 4255 sunt
646 4191 758 4260 saltem*
767 4189 958 4274 inadaequate
973 4193 1103 4255 essentia
1118 4192 1296 4256 substantia
1306 4192 1394 4277 spiri·
1499 4277 1503 4283 ⁵

293 4306 401 4370 tualis:
425 4321 456 4368 et
476 4304 614 4388 potentia
636 4293 796 4385 utriusque
816 4303 856 4365 ad
878 4312 980 4366 actum
1011 4305 1180 4367 secundum
1201 4305 1308 4389 nequit
1330 4327 1395 4368 esse
