3200 4975
284 346 348 409 leo
740 367 783 409 nn
800 364 947 411 nonrun.
1263 342 1349 429 [cnr.
1367 364 1390 408 1.

282 530 356 599 dicit
370 540 474 597 autem
489 531 655 619 quamdam
674 533 882 597 extensionem
904 531 1080 597 intellectus
1101 531 1231 617 agentis,
1254 539 1285 595 et
1307 539 1390 595 tenet

280 641 313 707 in
328 642 435 707 ordine
450 642 587 707 sensibili
601 641 744 708 eumdem
759 642 862 707 locum
883 665 917 709 ao
938 642 1112 709 intellectus
1127 664 1222 727 agens
1237 643 1269 707 in
1284 642 1391 707 ordine

279 752 476 837 intelligibili.

327 866 437 929 Senem
444 867 564 950 patiens
577 864 656 929 nihil
670 864 754 930 aliud
769 872 816 929 est
831 864 892 931 nisi
912 864 979 949 ipsa
997 864 1135 949 potentia
1152 865 1288 950 proxime
1310 887 1390 929 roce-

282 976 366 1059 ptiva
394 976 564 1061 specierum
593 975 794 1056 sensibilium,
826 998 894 1062 quae
923 975 1067 1040 terminat
1097 998 1221 1039 sensum
1247 984 1390 1059 agentem

281 1087 431 1172 illumque
445 1087 620 1173 completin
630 1087 747 1151 ratione
761 1086 959 1171 cognoscitivi
969 1086 1177 1157 sensibilium:
1201 1086 1275 1151 dicit
1287 1097 1390 1153 autem

282 1199 445 1284 quamdam
465 1200 671 1265 extensionem
695 1198 871 1263 intellectus
895 1198 1050 1283 patientis,
1073 1206 1104 1261 et
1122 1206 1207 1263 tenet
1229 1199 1261 1262 in
1284 1200 1392 1265 ordine

283 1312 419 1377 sensibili
433 1311 575 1377 eumdem
590 1312 692 1376 locum
707 1334 743 1377 ac
757 1310 932 1375 intellectus
951 1310 1090 1396 passivus
1109 1311 1142 1374 in
1153 1310 1260 1375 ordine
1276 1311 1391 1387 intelli-

282 1424 379 1509 gibili.
425 1425 541 1488 Sensus
562 1425 683 1510 patiens
700 1423 813 1487 residet
828 1423 861 1486 in
879 1422 1002 1507 organis
1025 1422 1212 1487 diversarum
1235 1424 1389 1489 rationum

282 1546 317 1600 nt
340 1535 507 1616 vivificatis,
523 1545 554 1600 et
568 1544 616 1600 cst
630 1534 794 1620 multiplex
809 1534 979 1618 passivitas,
1003 1543 1146 1619 utsupra
1163 1535 1206 1617 (n.
1221 1536 1254 1618 6)
1273 1534 1390 1599 dictum

281 1657 346 1713 est:
369 1657 400 1712 et
416 1648 459 1713 sic
474 1648 676 1732 distinguitur
690 1646 859 1711 secundum
879 1668 994 1730 organa
1013 1646 1079 1730 ipsa
1095 1646 1212 1711 diversa
1233 1646 1265 1709 in
1286 1647 1390 1731 plures

283 1782 401 1823 sensus.

326 1872 421 1932 Amor
434 1869 587 1948 senubilis,
606 1890 668 1953 quo
690 1868 789 1953 primo
813 1876 914 1933 totum
934 1869 1139 1954 compositum
1162 1892 1234 1953 erga
1256 1870 1391 1954 seipsum

282 1981 422 2059 afficitur,
448 1988 495 2044 est
519 1979 677 2044 resultatio
702 1980 872 2045 necessaria
900 1980 1134 2065 conspirationis
1160 1980 1241 2046 inter
1266 2004 1390 2045 sensum

282 2100 423 2177 agentem
442 2099 474 2156 et
494 2091 671 2175 patientem,
695 2114 791 2176 quum
816 2114 897 2155 unus
921 2091 1015 2155 altero
1035 2090 1180 2176 compleri
1201 2091 1337 2175 postulet
1359 2102 1390 2156 et

283 2226 364 2269 rinus
378 2202 465 2266 alteri
480 2202 688 2266 eoinexistere.
734 2203 837 2278 Quare
852 2202 996 2287 praedicta
1014 2203 1199 2287 conspiratio
1213 2212 1260 2267 cst
1279 2203 1391 2267 funda-

284 2325 421 2378 mentum
449 2314 604 2378 relationis
628 2314 902 2379 transcendentalis
932 2316 1012 2379 inter
1042 2338 1166 2380 sensum
1192 2325 1335 2399 agentem
1359 2326 1392 2380 et·

283 2426 462 2513 patientem,
483 2434 515 2491 et
534 2426 686 2490 terminus
700 2425 793 2491 huius
815 2426 1058 2512 conspirationis,
1084 2448 1138 2492 seu
1163 2426 1281 2512 primus
1307 2449 1393 2492 amor

284 2539 435 2604 sensibilis
461 2538 623 2618 resultans,
649 2538 740 2603 habet
770 2562 803 2603 se
832 2562 887 2624 per
916 2539 1042 2604 modum
1072 2538 1207 2604 formalis
1236 2539 1392 2604 relationis

282 2650 557 2716 transcendentalis
567 2649 714 2714 eiusdem.
761 2650 845 2715 Hinc
860 2652 1014 2736 appetitus
1030 2651 1203 2730 sensitivus,
1219 2651 1266 2716 vel
1281 2652 1390 2715 instin-

283 2763 392 2843 ctivus,
414 2764 470 2848 qui
491 2770 537 2826 est
559 2763 695 2826 extensio
719 2762 857 2847 quaedam
880 2763 1064 2827 voluntatis:
1087 2774 1118 2827 et
1139 2772 1223 2827 tenet
1238 2764 1268 2827 in
1286 2764 1392 2828 ordine

284 2875 427 2940 sensitivo
453 2873 595 2939 eumdem
619 2874 733 2954 locum,
760 2896 852 2959 quem
882 2882 966 2939 tenet
996 2875 1136 2940 voluntas
1167 2875 1332 2959 spiritualis
1359 2876 1392 2940 in

284 2987 390 3051 ordine
399 2986 602 3050 intellectiva:
626 2985 746 3050 deliniri
761 2997 864 3050 autem
879 2996 980 3071 potest
994 2996 1077 3051 aetus
1086 2987 1223 3051 animalis
1237 2989 1394 3072 completus

285 3101 435 3184 adaequate
450 3102 481 3163 in
491 3121 544 3162 suo
552 3100 652 3182 primo
668 3121 729 3162 ease
736 3122 794 3183 per
809 3121 934 3163 ammam
948 3101 1139 3163 necessarium
1153 3101 1314 3164 sensibilem
1327 3103 1383 3164 sui.

328 3211 503 3276 Facultates
529 3209 700 3294 compositi,
726 3208 850 3294 dequo
876 3209 1006 3294 agimus,
1031 3209 1143 3276 debent
1168 3232 1234 3274 esse
1257 3209 1322 3274 aliae
1345 3234 1394 3274 eo·

283 3323 461 3406 pnoscitivae,
477 3319 542 3384 aliae
562 3321 734 3404 appetitiva,
756 3319 822 3383 aliae
842 3322 1006 3384 execution.
1050 3321 1099 3384 De
1122 3320 1252 3404 singulis
1277 3320 1394 3405 aliquid

285 3434 432 3498 dicamus.

329 3547 381 3610 21.
406 3529 563 3620 Quaeritur
577 3565 650 3627 ergo
666 3543 810 3622 seeundo,
826 3544 985 3608 cuiusmodi
993 3544 1127 3628 facultas
1144 3547 1338 3630 eopuoscitioa
1352 3549 1393 3610 sit

283 3660 315 3720 in
329 3656 485 3739 composito
500 3657 658 3739 suspiritu
672 3663 701 3718 et
714 3655 847 3719 materia.
1393 3735 1399 3745 ι

329 3767 511 3852 Respondeo
525 3766 608 3850 quod
623 3766 656 3830 in
675 3788 752 3851 puro
770 3765 881 3850 spiritu
903 3766 1102 3830 inveniuntur
1124 3767 1182 3831 tria
1204 3767 1243 3831 ad
1257 3767 1318 3830 vim
1341 3790 1391 3830 co·

286 3880 486 3966 gnoscitivam
502 3879 687 3964 spectantia:
711 3900 821 3963 nempe

332 3998 374 4059 1⁰.
397 3993 453 4058 Vis
461 3993 631 4077 perception
646 4013 699 4054 seu
719 3990 820 4074 primo
843 3989 1062 4074 apprehensiva
1081 3989 1319 4076 intelligibilium
1337 4014 1392 4076 per

286 4107 400 4192 species
414 4103 622 4188 intelligibiles
637 4104 669 4166 in
685 4102 843 4166 intellectu
858 4101 976 4186 passivo
991 4110 1136 4187 receptas.

328 4221 373 4282 2⁰.
396 4216 537 4279 Potentia
551 4217 693 4279 retentiva
709 4214 875 4300 specierum
893 4213 1143 4297 intelligibilium,
1154 4237 1208 4278 seu
1220 4214 1389 4278 subiectum

287 4328 438 4392 memoriae
453 4326 629 4411 spiritualis.
