3200 4975
218 378 290 423 css.
307 356 377 441 ιιι.]
626 375 671 419 on
687 374 944 420 secroasmsns.
1260 354 1324 417 363

216 554 344 612 natura:
367 548 441 631 ipsae
460 554 563 611 tamen
584 546 619 623 F,
642 544 683 625 F',
700 543 742 611 Pl
756 547 924 613 necessario
939 545 1075 630 pendent
1095 546 1226 610 stribus
1241 546 1323 630 prio-

217 658 303 724 ribus
309 658 340 741 f,
348 654 390 741 sl,
397 656 447 741 fl',
461 666 498 721 nt
512 656 636 722 evidens
650 668 708 723 est.
1084 666 1087 671 '

260 772 313 835 61.
338 768 567 833 considerando
582 790 655 853 ergo
670 768 763 833 simul
778 790 831 833 sex
844 768 1017 833 functiones
1035 768 1119 847 istas,
1140 767 1227 833 facile
1241 767 1325 831 vide·

217 883 329 961 bimus,
344 904 395 947 eas
410 881 442 945 in
463 902 519 945 sna
539 880 740 963 generalitate
759 889 791 944 et
811 880 844 943 in
865 878 929 943 suis
949 879 1069 943 casibus
1091 877 1324 963 particularibus

216 992 472 1077 comprehendere
505 1014 611 1056 omnes
649 990 919 1057 determinationes
953 990 993 1055 ad
1024 989 1176 1073 specialem
1211 990 1325 1053 amdam

217 1106 337 1185 essendi,
351 1106 394 1169 ad
403 1104 556 1189 specialem
569 1105 685 1168 nudam
698 1104 813 1188 aycardi,
829 1103 870 1167 ad
881 1102 1036 1187 specialem
1056 1102 1170 1167 modam
1178 1102 1323 1184 patiendi,

217 1227 248 1281 et
263 1218 304 1281 ad
314 1217 468 1301 specialem
480 1217 621 1301 siparum
645 1214 840 1300 quaellooum
861 1214 977 1281 habent
1000 1214 1034 1279 in
1060 1235 1185 1297 corpore
1205 1212 1243 1276 de
1263 1235 1324 1297 quo

217 1328 329 1413 agitur,
344 1330 375 1392 vi
393 1328 566 1396 intrinseca
586 1327 817 1392 constitutionis
837 1326 954 1411 ipsius:
977 1326 1149 1391 cuiusmodi
1170 1335 1243 1390 sunt
1260 1348 1325 1390 esse

217 1442 331 1520 darum,
345 1440 440 1518 molle,
455 1440 615 1517 elersticam,
637 1447 735 1517 lenae,
751 1438 874 1523 frayile,
898 1438 1018 1517 ductile,
1035 1438 1170 1522 friabile,
1192 1438 1325 1515 solidam,

218 1553 370 1635 liquidam,
385 1551 514 1633 fluidam
533 1552 732 1633 caparnaum,
752 1558 811 1615 ete.
859 1548 917 1613 Hae
940 1571 1047 1615 omnes
1071 1548 1232 1634 qualitates
1250 1550 1325 1633 pen·

220 1664 294 1727 dent
308 1663 451 1748 primitus
465 1660 504 1725 ab
523 1661 702 1727 intensitate
721 1662 832 1727 virium
856 1661 1089 1727 elementarium
1110 1671 1142 1725 et
1163 1661 1203 1725 ab
1222 1684 1326 1725 earum

220 1797 358 1855 numero,
383 1773 580 1859 proportione
598 1783 639 1837 ae*
658 1772 857 1858 dispositione
882 1774 916 1837 in
941 1773 1069 1857 singulis
1094 1772 1268 1839 moleculis:
1290 1796 1327 1837 ex

220 1885 269 1948 his
294 1885 376 1949 enim
407 1884 546 1969 sequitur
570 1882 640 1947 talis
664 1892 767 1947 motus
786 1882 835 1948 vel
861 1883 1019 1969 dispositio
1041 1884 1082 1949 ad
1105 1892 1224 1947 motum
1247 1884 1328 1946 intra

222 1997 359 2081 singulas
394 1995 568 2075 moleculas,
598 1996 668 2059 talis
697 1995 912 2063 determinatio
942 1996 981 2061 ad
1010 1996 1164 2080 agendum
1193 1998 1226 2058 in
1257 2019 1327 2060 suas

220 2109 344 2186 vicinas,
381 2107 533 2191 exigentia
569 2106 641 2171 talis
678 2107 832 2171 distantiae
868 2117 985 2173 mutuae
1021 2108 1060 2173 ad
1095 2107 1328 2192 aequilibrandas

222 2222 355 2292 actiones
379 2220 543 2306 oppositas,
565 2242 606 2283 ne
628 2220 803 2287 attractioni
833 2220 992 2304 praevaleat
1022 2221 1164 2305 repulsio,
1190 2230 1244 2284 aut
1264 2221 1327 2285 viee

222 2356 315 2414 versa,
332 2356 401 2397 cum
420 2332 648 2418 perturbatione
668 2332 840 2416 compositi,
864 2332 934 2397 talis
954 2332 1115 2399 intensitas
1138 2333 1325 2412 cohaesionis,

222 2445 268 2512 vel
283 2444 520 2530 expansivitatis,
541 2453 618 2509 eta:
642 2443 680 2508 de
695 2444 808 2529 quibus
823 2443 891 2509 vide
911 2466 979 2529 quar
999 2443 1131 2509 diximus
1147 2445 1178 2508 in
1195 2453 1327 2510 tractatu

222 2558 259 2621 de
275 2558 448 2622 substantia
461 2579 604 2640 corporea
618 2578 650 2620 n.
668 2559 742 2636 121,
758 2565 790 2620 et
805 2579 889 2641 seqq.
1118 2559 1120 2564 ’

266 2670 359 2745 Quod
387 2670 414 2732 si
442 2690 540 2732 unum
574 2676 709 2752 systema
742 2668 933 2748 moleculare,
963 2691 1019 2732 seu
1047 2668 1187 2752 quaedam
1218 2676 1327 2733 natura

222 2803 375 2865 corporea,
396 2787 589 2864 comparetur
610 2800 682 2842 cum
697 2777 756 2842 alio
771 2787 946 2864 systemate,
966 2779 1053 2844 facile
1074 2779 1326 2864 deprehendetur,

224 2891 395 2954 functiones
419 2887 607 2973 supradictas
631 2896 824 2972 comparatas
847 2911 917 2954 eum
942 2889 1153 2956 functionibus
1177 2889 1327 2956 similibus

223 3002 294 3065 novi
323 2999 507 3087 systematis,
542 2998 797 3064 determinatores
825 3000 918 3066 etiam
953 3002 1154 3086 proprietates
1187 3001 1327 3068 relativas

223 3113 315 3177 unius
337 3111 472 3196 corporis
493 3119 634 3196 respectu
656 3111 793 3176 alterins.
840 3111 890 3178 Sic
905 3134 933 3178 v.
955 3135 1003 3197 gr.
1025 3112 1146 3178 dabitur
1164 3115 1326 3198 pravitatis

223 3226 315 3288 unius
329 3223 369 3288 ad
382 3223 476 3303 aliud,
490 3231 528 3287 ut
541 3223 622 3288 inter
643 3222 738 3290 solem
752 3232 784 3288 et
798 3231 922 3304 terram,
937 3224 984 3289 vel
1007 3234 1108 3290 metae
1131 3228 1270 3309 affinitas,
1291 3236 1326 3291 ut

223 3337 304 3400 inter
319 3358 431 3420 aquarn
449 3343 481 3400 et
502 3335 605 3415 salem,
628 3334 676 3398 vel
693 3339 850 3418 proportio
874 3337 1004 3420 quadam
1023 3336 1062 3401 ad
1082 3337 1326 3402 constituendam

165 3491 167 3495 ,
223 3471 332 3513 novam
354 3457 507 3528 naturam,
527 3459 564 3513 ut
587 3450 668 3513 inter
681 3449 866 3534 oxygenium
881 3457 912 3513 et
926 3449 1160 3536 hydrogeninm,
1176 3450 1223 3515 rel
1241 3474 1327 3536 repa·

219 3564 355 3646 ynantio,
373 3569 409 3626 ut
423 3561 504 3624 inter
517 3583 628 3646 aquam
643 3568 674 3624 et
688 3561 801 3640 olenm,
823 3571 900 3640 etc,
923 3570 955 3626 et
969 3584 1025 3647 pro
1040 3561 1165 3627 diversis
1181 3572 1327 3650 systema·

222 3673 315 3752 tibus,
332 3695 399 3758 qnae
416 3681 642 3758 comparantur,
662 3681 774 3737 natura
793 3673 886 3738 unius
908 3682 1042 3738 assumet
1065 3673 1183 3738 diversa
1203 3675 1328 3739 nomina

223 3784 364 3848 relativa:
387 3806 415 3847 v.
431 3807 478 3869 gr.
493 3784 599 3849 eadem
619 3807 699 3869 aqua
717 3793 891 3869 comparata
912 3784 974 3849 luci
996 3783 1108 3849 dicitur
1130 3794 1326 3869 transparens,

223 3903 397 3980 comparata
419 3896 526 3978 gustui
544 3895 658 3961 dicitnr
682 3896 785 3975 dulcis,
808 3903 982 3980 comparata
1003 3897 1066 3961 ae‘ri
1089 3896 1200 3960 dicitur
1215 3900 1326 3980 presb,

222 4015 396 4091 comparata
423 4004 504 4070 ferro
532 4006 644 4072 dicitur
674 4008 753 4087 bois,
784 4015 958 4093 comparata
991 4008 1181 4074 electricitati
1215 4008 1326 4074 dicitur

222 4119 404 4197 cmdrwtria,
420 4126 478 4182 etc.

266 4231 319 4293 62.
343 4228 499 4304 Quaentur
528 4238 646 4312 quarto,
680 4239 778 4294 ubam
808 4235 907 4314 possit
941 4234 1106 4296 substantia
1135 4235 1246 4298 iaterrdi
1275 4243 1327 4298 aat

221 4343 334 4416 remitti
348 4345 426 4405 circa
441 4341 621 4424 qualitatem,
638 4343 710 4424 qaia
722 4351 814 4407 malet
828 4345 958 4427 speeiem.
1066 4417 1069 4422 r
