3200 4975
207 378 277 423 cir.
294 356 365 443 rm]
522 378 564 422 na
581 376 787 423 sunsrsuru
805 376 1004 422 srrurruanr.
1267 360 1309 420 89

199 565 287 626 poro,
303 543 383 625 qnod
399 565 522 626 corpora
543 537 658 607 terrene
672 566 730 626 per
742 546 930 607 amalonem
944 551 973 605 et
987 551 1096 606 motnm
1110 542 1313 625 adipriscuntnr

203 677 288 718 nram
308 655 442 718 altiorum
456 654 683 739 projectionem:
707 676 830 737 corpora
851 674 919 717 nero
940 653 1065 717 calestia
1082 654 1182 716 statim
1196 675 1234 715 er
1248 655 1312 735 ipso

194 766 259 829 'aaa
273 774 382 830 nator
395 759 479 828 nen
491 766 624 829 utinen
636 766 846 848 perfectiorum
863 766 979 827 moen
1024 762 1077 827 sn
1090 765 1182 847 nitur
1195 772 1225 827 et
1238 766 1312 842 inse-

203 878 298 941 riores
312 876 484 954 uulnera,
503 877 613 940 scilicn
631 877 787 954 Morinum,
797 898 855 958 per
869 876 1019 958 pecandum
1033 882 1142 939 motum
1156 883 1185 938 et
1199 875 1312 939 discur-

205 1010 270 1049 sum
294 987 499 1051 melketudis
520 989 697 1071 operationis
712 986 921 1070 perfectionem
942 989 974 1049 in
995 989 1157 1071 copititione
1181 989 1313 1051 omtatls

206 1098 416 1181 adipismrnterr,
438 1099 507 1162 cleon
527 1099 636 1163 seilicet
658 1121 696 1162 or
716 1120 775 1162 roro
796 1100 912 1182 copnito
932 1098 1066 1161 inclinet
1085 1100 1231 1181 copnitnm
1238 1121 1312 1181 pro·

206 1210 319 1273 redient.
366 1210 627 1274 sinemurum
641 1212 674 1272 in
688 1212 752 1293 men
771 1212 934 1293 copnitione
949 1212 1091 1293 principii
1112 1213 1176 1274 noti
1189 1213 1313 1294 inspice·

205 1329 273 1383 rent
287 1323 372 1405 queri
390 1330 477 1385 notus
497 1343 595 1385 mmet
616 1321 811 1385 conclaiones
832 1330 1045 1405 cortsequcrims,
1064 1324 1097 1384 in
1110 1323 1152 1384 eie
1166 1323 1314 1385 &aaran

207 1434 301 1496 locmn
321 1455 381 1496 non
402 1435 528 1497 helmet.
576 1433 621 1496 Εἰ
642 1434 697 1496 lioc
717 1441 762 1497 est
782 1436 815 1495 in
836 1433 966 1517 anqelir5
989 1435 1059 1517 qnia
1079 1435 1181 1497 statim
1197 1436 1229 1496 in
1243 1434 1312 1511 illio,

207 1566 272 1626 qna
279 1546 378 1627 primo
393 1545 772 1641 naturalitercopnosrunt,
794 1547 952 1628 inspiciunt
971 1547 1067 1608 omnia
1085 1567 1267 1628 quincumque
1281 1548 1313 1607 in

207 1657 249 1718 eis
263 1658 396 1739 copnosci
403 1663 538 1739 pomum
583 1655 629 1718 Et
648 1656 712 1718 ideo
730 1656 867 1718 dimmtur
888 1656 1114 1719 intellectuales:
1137 1657 1207 1739 quin
1224 1658 1313 1719 etiarn

208 1767 290 1849 apud
314 1789 369 1830 nos
396 1789 432 1830 eo
462 1790 525 1851 qua
558 1770 659 1832 statim
692 1768 870 1831 aliteraliter
903 1769 1158 1851 apprehenduntur
1189 1768 1314 1852 intellipi

207 1880 364 1943 dicrmtrir:
386 1878 464 1941 nnde
476 1878 640 1941 intellectus
653 1879 761 1942 dieirur
779 1879 898 1941 halitus
910 1881 1075 1961 primorum
1087 1881 1311 1962 principiorum.

209 1991 326 2053 Anima
346 2014 415 2054 oero
436 1992 577 2068 hemam,
600 2013 664 2074 orsa
687 1992 822 2055 veritatis
850 1992 986 2055 notitiem
1002 2014 1059 2075 per
1081 1992 1230 2075 modom
1252 1993 1312 2055 dis-

208 2124 324 2165 cursum
337 2104 504 2185 acquirant,
517 2102 680 2166 rationales
692 2109 843 2191 oocuntnr.
892 2103 978 2175 Quod
991 2104 1104 2186 quidem
1119 2105 1261 2187 continpit
1275 2126 1312 2167 en

208 2208 359 2283 debilitate
377 2213 496 2276 hortinis
509 2215 542 2275 in
555 2215 607 2277 eis.
653 2214 690 2276 Si
703 2215 780 2276 enim
798 2214 937 2277 lebnam
951 2215 1163 2297 plenitudinem
1185 2216 1313 2279 intellec-

209 2325 299 2388 tualis
312 2326 441 2403 inmissis,
455 2327 532 2388 cient
546 2326 653 2409 cnpeli,
672 2327 775 2390 rtatim
795 2328 828 2388 in
843 2328 942 2409 primo
963 2333 1082 2409 aspectu
1098 2328 1313 2410 principiorum

208 2445 301 2501 totum
322 2438 460 2501 uirtutem
481 2426 581 2502 eornm
602 2438 883 2522 comprehenderent,
905 2438 1042 2502 intuendo
1062 2438 1205 2523 quidquid
1220 2460 1257 2503 en
1271 2442 1313 2503 eis

207 2549 381 2632 cyllopizuri
403 2557 515 2631 posset.
563 2548 638 2613 Hac
663 2549 695 2612 S.
719 2548 861 2627 Thomas,
884 2549 1060 2632 etquidem
1090 2548 1177 2613 valde
1206 2571 1312 2614 conse-

209 2667 338 2742 quenter
352 2658 391 2722 ad
405 2681 441 2722 ca
458 2681 526 2743 quoe
545 2659 578 2722 in
601 2660 707 2723 eadem
729 2661 897 2744 quaestione
919 2669 976 2722 nrt.
1002 2663 1030 2725 1.
1054 2659 1206 2738 docuerat,
1230 2659 1312 2723 vide-

207 2767 279 2832 licet
292 2768 377 2853 quod
391 2771 502 2852 Anpeli
515 2793 573 2834 non
588 2772 694 2835 labent
702 2771 832 2854 aliquam
840 2772 1050 2854 intelliyililem
1059 2773 1233 2853 potentium,
1249 2793 1313 2854 que

207 2903 266 2942 non
278 2883 320 2944 eit
334 2881 467 2944 totaliter
480 2882 621 2965 completo
629 2905 687 2965 per
702 2884 812 2965 species
833 2882 1030 2963 intellrpililes
1044 2882 1247 2945 connaturales
1261 2871 1316 2944 cis.¹

209 2991 243 3054 Si
263 2993 346 3056 euim
368 2992 472 3075 angeli
493 3014 556 3056 non
578 3001 651 3056 sunt
673 2993 707 3056 in
729 2993 867 3076 potentia
888 2992 927 3055 ad
953 3014 1061 3055 novam
1089 2993 1228 3077 speciem,
1249 3015 1313 3055 non

207 3111 338 3186 possunt
354 3103 431 3167 duas
446 3103 492 3167 vel
507 3103 611 3188 plures
625 3105 743 3188 species
755 3103 788 3167 in
800 3125 894 3167 unam
910 3125 1100 3188 componere,
1113 3112 1143 3166 ct
1155 3103 1310 3167 veritatem

207 3235 317 3277 novam
333 3237 369 3277 er
382 3236 487 3278 earum
502 3215 720 3300 compositione
735 3214 894 3278 deducere.
940 3215 1002 3279 Sed
1024 3223 1130 3279 contra
1144 3214 1229 3278 illam
1245 3237 1313 3278 sen-

208 3325 338 3388 tentiam
349 3325 447 3389 multa
457 3313 547 3389 obiici
561 3335 700 3411 possunt,
711 3327 816 3389 utiam
825 3327 999 3390 notavimus
1014 3349 1122 3412 supra:
1146 3334 1176 3389 et
1192 3325 1235 3389 sic
1250 3348 1313 3389 non

209 3444 311 3518 potest
334 3436 430 3520 accipi
456 3445 614 3520 tamqnam
643 3437 879 3501 fundamentum
905 3437 937 3500 in
964 3438 1107 3523 praesenti
1135 3436 1312 3522 quaestione.

209 3542 302 3618 Quod
312 3534 423 3608 attinet
438 3546 477 3609 ad
491 3547 746 3630 comparationem
762 3547 848 3610 abeo
863 3547 1024 3611 adductam
1037 3547 1074 3611 dc
1089 3549 1265 3633 corporibus
1282 3559 1312 3612 et

209 3655 377 3739 spiritibus,
393 3679 429 3720 ea
448 3657 603 3721 evidenter
623 3656 740 3721 nnllam
763 3659 824 3721 vim
846 3657 939 3722 habet
959 3668 1042 3723 extra
1062 3659 1219 3745 physicam
1233 3661 1311 3745 peri-

208 3768 391 3853 pateticam:
414 3777 445 3832 et
460 3767 538 3832 sicut
554 3768 619 3832 sine
634 3768 750 3832 ratione
765 3768 910 3833 dicuntur
921 3791 1046 3855 corpora
1055 3771 1189 3835 coelestia
1203 3771 1313 3836 habere

210 3879 314 3942 statim
327 3901 362 3941 ex
371 3877 437 3962 ipsa
450 3887 561 3941 natura
576 3901 631 3941 sua
646 3901 733 3941 suam
749 3878 889 3943 ultimam
906 3880 1133 3964 perfectionem,
1146 3905 1238 3966 quam
1249 3895 1321 3947 non'

208 3988 342 4052 habeant
364 3988 517 4054 terrestria
538 3989 599 4053 nisi
620 4011 675 4073 per
697 3999 816 4053 motum
826 4017 835 4066 ;
859 3991 904 4053 ita
925 4013 1047 4076 quoque
1069 3992 1164 4076 gratis
1183 3993 1312 4057 infertur

209 4100 293 4185 quod
311 4100 413 4184 angeli
436 4099 501 4163 sine
523 4099 663 4164 discursu
686 4101 789 4165 statim
813 4101 991 4166 naturaliter
1013 4105 1116 4167 omnia
1136 4104 1312 4188 intelligant

209 4234 277 4296 quae
292 4211 481 4296 intelligunt.

255 4325 305 4387 70.
329 4321 456 4386 Accedit
477 4322 560 4404 quod
581 4345 628 4385 res
647 4321 766 4386 videtur
792 4322 996 4407 impossibilis.
1041 4323 1145 4388 Primo
1171 4325 1262 4403 euim,
1289 4326 1314 4387 si
