<?xml version="1.0" encoding="UTF-8"?>
<!DOCTYPE html PUBLIC "-//W3C//DTD XHTML 1.0 Transitional//EN"
    "http://www.w3.org/TR/xhtml1/DTD/xhtml1-transitional.dtd">
<html xmlns="http://www.w3.org/1999/xhtml" xml:lang="en" lang="en">
 <head>
  <title>
</title>
<meta http-equiv="Content-Type" content="text/html;charset=utf-8" />
  <meta name='ocr-system' content='tesseract 3.04.00' />
  <meta name='ocr-capabilities' content='ocr_page ocr_carea ocr_par ocr_line ocrx_word'/>
</head>
<body>
  <div class='ocr_page' id='page_1' title='image "./realisphilosoph02baymgoog_0061.png"; bbox 0 0 3200 4975; ppageno 0'>
   <div class='ocr_carea' id='block_1_1' title="bbox 215 344 1321 427">
    <p class='ocr_par' dir='ltr' id='par_1_1' title="bbox 215 344 1321 427">
     <span class='ocr_line' id='line_1_1' title="bbox 215 344 1321 427; baseline -0.003 -20"><span class='ocrx_word' id='word_1_1' title='bbox 215 365 287 407; x_wconf 75' lang='lat' dir='ltr'><strong>eir.</strong></span> <span class='ocrx_word' id='word_1_2' title='bbox 305 344 360 427; x_wconf 77' lang='grc' dir='ltr'><strong>ιι]</strong></span> <span class='ocrx_word' id='word_1_3' title='bbox 526 364 569 405; x_wconf 83' lang='lat' dir='ltr'><strong>nn</strong></span> <span class='ocrx_word' id='word_1_4' title='bbox 586 361 791 405; x_wconf 76' lang='lat' dir='ltr'><strong>sunsrssrm</strong></span> <span class='ocrx_word' id='word_1_5' title='bbox 808 360 1010 403; x_wconf 72' lang='lat' dir='ltr'><strong>seremanni.</strong></span> <span class='ocrx_word' id='word_1_6' title='bbox 1278 344 1321 405; x_wconf 79' lang='lat'><strong>47</strong></span> 
     </span>
    </p>
   </div>
   <div class='ocr_carea' id='block_1_2' title="bbox 216 525 1347 4406">
    <p class='ocr_par' dir='ltr' id='par_1_2' title="bbox 216 525 1322 708">
     <span class='ocr_line' id='line_1_2' title="bbox 216 525 1322 617; baseline -0.006 -21"><span class='ocrx_word' id='word_1_7' title='bbox 216 531 401 617; x_wconf 88' lang='lat' dir='ltr'><strong>principium</strong></span> <span class='ocrx_word' id='word_1_8' title='bbox 427 529 554 593; x_wconf 88' lang='lat' dir='ltr'><strong>formale</strong></span> <span class='ocrx_word' id='word_1_9' title='bbox 570 528 738 593; x_wconf 90' lang='lat' dir='ltr'><strong>voluntatis</strong></span> <span class='ocrx_word' id='word_1_10' title='bbox 761 550 826 590; x_wconf 90' lang='lat' dir='ltr'><strong>uon</strong></span> <span class='ocrx_word' id='word_1_11' title='bbox 846 525 928 589; x_wconf 88' lang='lat' dir='ltr'><strong>elicit</strong></span> <span class='ocrx_word' id='word_1_12' title='bbox 949 525 1116 603; x_wconf 76' lang='lat' dir='ltr'><strong>volitiones,</strong></span> <span class='ocrx_word' id='word_1_13' title='bbox 1140 525 1200 588; x_wconf 90' lang='lat' dir='ltr'><strong>uisi</strong></span> <span class='ocrx_word' id='word_1_14' title='bbox 1221 534 1256 589; x_wconf 90' lang='lat' dir='ltr'><strong>ut</strong></span> <span class='ocrx_word' id='word_1_15' title='bbox 1276 535 1322 589; x_wconf 89' lang='lat' dir='ltr'><strong>est</strong></span> 
     </span>
     <span class='ocr_line' id='line_1_3' title="bbox 216 636 1129 708; baseline -0.009 0"><span class='ocrx_word' id='word_1_16' title='bbox 216 644 419 708; x_wconf 87' lang='lat' dir='ltr'><strong>terminatum·</strong></span> <span class='ocrx_word' id='word_1_17' title='bbox 431 650 502 707; x_wconf 87' lang='lat' dir='ltr'><strong>actu</strong></span> <span class='ocrx_word' id='word_1_18' title='bbox 516 640 556 705; x_wconf 87' lang='lat' dir='ltr'><strong>ad</strong></span> <span class='ocrx_word' id='word_1_19' title='bbox 570 663 662 705; x_wconf 86' lang='lat' dir='ltr'><strong>snum</strong></span> <span class='ocrx_word' id='word_1_20' title='bbox 677 639 843 704; x_wconf 88' lang='lat' dir='ltr'><strong>terminum</strong></span> <span class='ocrx_word' id='word_1_21' title='bbox 859 636 1103 701; x_wconf 76' lang='lat' dir='ltr'><strong>substantialem.</strong></span> <span class='ocrx_word' id='word_1_22' title='bbox 1125 678 1129 683; x_wconf 38' lang='grc' dir='ltr'>ι</span> 
     </span>
    </p>

    <p class='ocr_par' dir='ltr' id='par_1_3' title="bbox 217 749 1347 3500">
     <span class='ocr_line' id='line_1_4' title="bbox 260 749 1323 835; baseline -0.008 -15"><span class='ocrx_word' id='word_1_23' title='bbox 260 754 409 832; x_wconf 83' lang='lat' dir='ltr'><strong>Quaedam</strong></span> <span class='ocrx_word' id='word_1_24' title='bbox 423 762 527 819; x_wconf 90' lang='lat' dir='ltr'><strong>autem</strong></span> <span class='ocrx_word' id='word_1_25' title='bbox 541 752 658 819; x_wconf 81' lang='lat' dir='ltr'><strong>adverti</strong></span> <span class='ocrx_word' id='word_1_26' title='bbox 672 752 786 816; x_wconf 87' lang='lat' dir='ltr'><strong>debent</strong></span> <span class='ocrx_word' id='word_1_27' title='bbox 799 750 851 815; x_wconf 91' lang='lat' dir='ltr'><strong>hic</strong></span> <span class='ocrx_word' id='word_1_28' title='bbox 869 750 950 814; x_wconf 86' lang='lat' dir='ltr'><strong>circa</strong></span> <span class='ocrx_word' id='word_1_29' title='bbox 970 750 1098 814; x_wconf 92' lang='lat' dir='ltr'><strong>modum</strong></span> <span class='ocrx_word' id='word_1_30' title='bbox 1118 749 1265 835; x_wconf 91' lang='lat' dir='ltr'><strong>loquendi</strong></span> <span class='ocrx_word' id='word_1_31' title='bbox 1285 749 1323 813; x_wconf 90' lang='lat' dir='ltr'><strong>de</strong></span> 
     </span>
     <span class='ocr_line' id='line_1_5' title="bbox 217 862 1323 951; baseline -0.006 -19"><span class='ocrx_word' id='word_1_32' title='bbox 217 868 384 933; x_wconf 90' lang='lat' dir='ltr'><strong>voluntate.</strong></span> <span class='ocrx_word' id='word_1_33' title='bbox 429 867 554 931; x_wconf 86' lang='lat' dir='ltr'><strong>Nomen</strong></span> <span class='ocrx_word' id='word_1_34' title='bbox 574 865 675 951; x_wconf 87' lang='lat' dir='ltr'><strong>ipsum</strong></span> <span class='ocrx_word' id='word_1_35' title='bbox 698 863 866 929; x_wconf 89' lang='lat' dir='ltr'><strong>voluntatis</strong></span> <span class='ocrx_word' id='word_1_36' title='bbox 884 872 932 927; x_wconf 88' lang='lat' dir='ltr'><strong>est</strong></span> <span class='ocrx_word' id='word_1_37' title='bbox 952 862 1125 941; x_wconf 86' lang='lat' dir='ltr'><strong>relativum,</strong></span> <span class='ocrx_word' id='word_1_38' title='bbox 1146 884 1211 926; x_wconf 92' lang='lat' dir='ltr'><strong>non</strong></span> <span class='ocrx_word' id='word_1_39' title='bbox 1234 862 1323 925; x_wconf 85' lang='lat' dir='ltr'><strong>abso-</strong></span> 
     </span>
     <span class='ocr_line' id='line_1_6' title="bbox 217 972 1322 1057; baseline -0.007 -14"><span class='ocrx_word' id='word_1_40' title='bbox 217 981 317 1044; x_wconf 89' lang='lat' dir='ltr'><strong>lutum</strong></span> <span class='ocrx_word' id='word_1_41' title='bbox 327 1004 337 1057; x_wconf 85' lang='lat'>3</span> <span class='ocrx_word' id='word_1_42' title='bbox 353 978 428 1043; x_wconf 92' lang='lat' dir='ltr'><strong>dicit</strong></span> <span class='ocrx_word' id='word_1_43' title='bbox 438 978 521 1043; x_wconf 90' lang='lat' dir='ltr'><strong>enim</strong></span> <span class='ocrx_word' id='word_1_44' title='bbox 533 976 671 1041; x_wconf 83' lang='lat' dir='ltr'><strong>ordinem</strong></span> <span class='ocrx_word' id='word_1_45' title='bbox 683 974 818 1039; x_wconf 88' lang='lat' dir='ltr'><strong>adactus</strong></span> <span class='ocrx_word' id='word_1_46' title='bbox 827 974 965 1038; x_wconf 90' lang='lat' dir='ltr'><strong>volitivos</strong></span> <span class='ocrx_word' id='word_1_47' title='bbox 974 972 1184 1037; x_wconf 87' lang='lat' dir='ltr'><strong>accidentales.</strong></span> <span class='ocrx_word' id='word_1_48' title='bbox 1220 972 1322 1051; x_wconf 86' lang='lat' dir='ltr'><strong>Unde,</strong></span> 
     </span>
     <span class='ocr_line' id='line_1_7' title="bbox 218 1084 1323 1177; baseline -0.006 -21"><span class='ocrx_word' id='word_1_49' title='bbox 218 1092 289 1177; x_wconf 88' lang='lat' dir='ltr'><strong>quia</strong></span> <span class='ocrx_word' id='word_1_50' title='bbox 312 1099 423 1155; x_wconf 89' lang='lat' dir='ltr'><strong>natura</strong></span> <span class='ocrx_word' id='word_1_51' title='bbox 449 1098 481 1153; x_wconf 89' lang='lat' dir='ltr'><strong>et</strong></span> <span class='ocrx_word' id='word_1_52' title='bbox 496 1088 669 1153; x_wconf 85' lang='lat' dir='ltr'><strong>substantia</strong></span> <span class='ocrx_word' id='word_1_53' title='bbox 694 1086 835 1151; x_wconf 87' lang='lat' dir='ltr'><strong>similiter</strong></span> <span class='ocrx_word' id='word_1_54' title='bbox 858 1084 1015 1163; x_wconf 85' lang='lat' dir='ltr'><strong>differunt,</strong></span> <span class='ocrx_word' id='word_1_55' title='bbox 1030 1085 1063 1148; x_wconf 90' lang='lat' dir='ltr'><strong>in</strong></span> <span class='ocrx_word' id='word_1_56' title='bbox 1086 1093 1238 1170; x_wconf 88' lang='lat' dir='ltr'><strong>quantum</strong></span> <span class='ocrx_word' id='word_1_57' title='bbox 1255 1086 1323 1149; x_wconf 80' lang='lat' dir='ltr'><strong>sab-</strong></span> 
     </span>
     <span class='ocr_line' id='line_1_8' title="bbox 217 1194 1323 1286; baseline -0.009 -18"><span class='ocrx_word' id='word_1_58' title='bbox 217 1205 329 1268; x_wconf 82' lang='lat' dir='ltr'><strong>staatia</strong></span> <span class='ocrx_word' id='word_1_59' title='bbox 342 1201 485 1286; x_wconf 81' lang='lat' dir='ltr'><strong>exprimit</strong></span> <span class='ocrx_word' id='word_1_60' title='bbox 499 1223 563 1264; x_wconf 88' lang='lat' dir='ltr'><strong>rem</strong></span> <span class='ocrx_word' id='word_1_61' title='bbox 579 1208 615 1263; x_wconf 91' lang='lat' dir='ltr'><strong>ut</strong></span> <span class='ocrx_word' id='word_1_62' title='bbox 630 1198 769 1263; x_wconf 83' lang='lat' dir='ltr'><strong>absolute</strong></span> <span class='ocrx_word' id='word_1_63' title='bbox 780 1198 971 1276; x_wconf 85' lang='lat' dir='ltr'><strong>existentem,</strong></span> <span class='ocrx_word' id='word_1_64' title='bbox 981 1204 1089 1261; x_wconf 69' lang='lat' dir='ltr'><strong>catara</strong></span> <span class='ocrx_word' id='word_1_65' title='bbox 1098 1218 1170 1261; x_wconf 86' lang='lat' dir='ltr'><strong>vero</strong></span> <span class='ocrx_word' id='word_1_66' title='bbox 1181 1194 1323 1280; x_wconf 85' lang='lat' dir='ltr'><strong>exprimit</strong></span> 
     </span>
     <span class='ocr_line' id='line_1_9' title="bbox 217 1307 1323 1398; baseline -0.008 -19"><span class='ocrx_word' id='word_1_67' title='bbox 217 1337 282 1379; x_wconf 88' lang='lat' dir='ltr'><strong>rem</strong></span> <span class='ocrx_word' id='word_1_68' title='bbox 304 1324 340 1379; x_wconf 90' lang='lat' dir='ltr'><strong>ut</strong></span> <span class='ocrx_word' id='word_1_69' title='bbox 359 1311 544 1398; x_wconf 89' lang='lat' dir='ltr'><strong>principium</strong></span> <span class='ocrx_word' id='word_1_70' title='bbox 562 1310 774 1395; x_wconf 78' lang='lat' dir='ltr'><strong>operationum</strong></span> <span class='ocrx_word' id='word_1_71' title='bbox 791 1318 824 1373; x_wconf 91' lang='lat' dir='ltr'><strong>ct</strong></span> <span class='ocrx_word' id='word_1_72' title='bbox 840 1308 1029 1393; x_wconf 84' lang='lat' dir='ltr'><strong>passionum,</strong></span> <span class='ocrx_word' id='word_1_73' title='bbox 1043 1307 1076 1372; x_wconf 95' lang='lat' dir='ltr'><strong>id</strong></span> <span class='ocrx_word' id='word_1_74' title='bbox 1096 1317 1145 1371; x_wconf 91' lang='lat' dir='ltr'><strong>est</strong></span> <span class='ocrx_word' id='word_1_75' title='bbox 1164 1329 1235 1371; x_wconf 89' lang='lat' dir='ltr'><strong>cum</strong></span> <span class='ocrx_word' id='word_1_76' title='bbox 1250 1329 1323 1371; x_wconf 89' lang='lat' dir='ltr'><strong>con-</strong></span> 
     </span>
     <span class='ocr_line' id='line_1_10' title="bbox 218 1419 1323 1503; baseline -0.006 -14"><span class='ocrx_word' id='word_1_77' title='bbox 218 1425 375 1490; x_wconf 89' lang='lat' dir='ltr'><strong>notatione</strong></span> <span class='ocrx_word' id='word_1_78' title='bbox 403 1424 538 1503; x_wconf 90' lang='lat' dir='ltr'><strong>relativa,</strong></span> <span class='ocrx_word' id='word_1_79' title='bbox 564 1421 633 1487; x_wconf 87' lang='lat' dir='ltr'><strong>ideo</strong></span> <span class='ocrx_word' id='word_1_80' title='bbox 663 1443 776 1486; x_wconf 89' lang='lat' dir='ltr'><strong>nomen</strong></span> <span class='ocrx_word' id='word_1_81' title='bbox 799 1421 961 1485; x_wconf 80' lang='lat' dir='ltr'><strong>volontatis</strong></span> <span class='ocrx_word' id='word_1_82' title='bbox 989 1419 1221 1484; x_wconf 86' lang='lat' dir='ltr'><strong>convenientius</strong></span> <span class='ocrx_word' id='word_1_83' title='bbox 1249 1440 1323 1482; x_wconf 91' lang='lat' dir='ltr'><strong>con·</strong></span> 
     </span>
     <span class='ocr_line' id='line_1_11' title="bbox 222 1531 1324 1620; baseline -0.007 -18"><span class='ocrx_word' id='word_1_84' title='bbox 222 1537 371 1602; x_wconf 89' lang='lat' dir='ltr'><strong>sideratur</strong></span> <span class='ocrx_word' id='word_1_85' title='bbox 389 1543 426 1599; x_wconf 97' lang='grc' dir='ltr'><strong>ιιι</strong></span> <span class='ocrx_word' id='word_1_86' title='bbox 446 1532 563 1620; x_wconf 87' lang='lat' dir='ltr'><strong>aliquid</strong></span> <span class='ocrx_word' id='word_1_87' title='bbox 584 1542 710 1612; x_wconf 84' lang='lat' dir='ltr'><strong>uaturae,</strong></span> <span class='ocrx_word' id='word_1_88' title='bbox 726 1555 818 1617; x_wconf 91' lang='lat' dir='ltr'><strong>quam</strong></span> <span class='ocrx_word' id='word_1_89' title='bbox 833 1540 870 1596; x_wconf 87' lang='lat' dir='ltr'><strong>ut</strong></span> <span class='ocrx_word' id='word_1_90' title='bbox 884 1531 1001 1617; x_wconf 86' lang='lat' dir='ltr'><strong>aliquid</strong></span> <span class='ocrx_word' id='word_1_91' title='bbox 1015 1531 1194 1595; x_wconf 73' lang='lat' dir='ltr'><strong>substantiae</strong></span> <span class='ocrx_word' id='word_1_92' title='bbox 1202 1557 1212 1610; x_wconf 81' lang='lat'>3</span> <span class='ocrx_word' id='word_1_93' title='bbox 1234 1531 1324 1595; x_wconf 86' lang='lat' dir='ltr'><strong>etsie</strong></span> 
     </span>
     <span class='ocr_line' id='line_1_12' title="bbox 220 1642 1323 1729; baseline -0.007 -15"><span class='ocrx_word' id='word_1_94' title='bbox 220 1649 332 1715; x_wconf 89' lang='lat' dir='ltr'><strong>dicitur</strong></span> <span class='ocrx_word' id='word_1_95' title='bbox 345 1647 474 1712; x_wconf 83' lang='lat' dir='ltr'><strong>facultas</strong></span> <span class='ocrx_word' id='word_1_96' title='bbox 488 1645 648 1723; x_wconf 86' lang='lat' dir='ltr'><strong>naturalis,</strong></span> <span class='ocrx_word' id='word_1_97' title='bbox 664 1644 767 1729; x_wconf 87' lang='lat' dir='ltr'><strong>potins</strong></span> <span class='ocrx_word' id='word_1_98' title='bbox 787 1666 880 1729; x_wconf 90' lang='lat' dir='ltr'><strong>quam</strong></span> <span class='ocrx_word' id='word_1_99' title='bbox 900 1642 1121 1708; x_wconf 84' lang='lat' dir='ltr'><strong>substantialis.</strong></span> <span class='ocrx_word' id='word_1_100' title='bbox 1167 1642 1228 1707; x_wconf 87' lang='lat' dir='ltr'><strong>Sed</strong></span> <span class='ocrx_word' id='word_1_101' title='bbox 1250 1643 1323 1727; x_wconf 87' lang='lat' dir='ltr'><strong>quia</strong></span> 
     </span>
     <span class='ocr_line' id='line_1_13' title="bbox 218 1752 1323 1843; baseline -0.005 -20"><span class='ocrx_word' id='word_1_102' title='bbox 218 1781 254 1823; x_wconf 88' lang='lat' dir='ltr'><strong>ex</strong></span> <span class='ocrx_word' id='word_1_103' title='bbox 282 1757 510 1843; x_wconf 86' lang='lat' dir='ltr'><strong>operationibus</strong></span> <span class='ocrx_word' id='word_1_104' title='bbox 538 1764 767 1840; x_wconf 89' lang='lat' dir='ltr'><strong>cognoscuntur</strong></span> <span class='ocrx_word' id='word_1_105' title='bbox 794 1752 967 1832; x_wconf 87' lang='lat' dir='ltr'><strong>facultates,</strong></span> <span class='ocrx_word' id='word_1_106' title='bbox 996 1762 1028 1817; x_wconf 91' lang='lat' dir='ltr'><strong>et</strong></span> <span class='ocrx_word' id='word_1_107' title='bbox 1061 1776 1098 1818; x_wconf 86' lang='lat' dir='ltr'><strong>ex</strong></span> <span class='ocrx_word' id='word_1_108' title='bbox 1126 1753 1323 1818; x_wconf 79' lang='lat' dir='ltr'><strong>faeirltatibus</strong></span> 
     </span>
     <span class='ocr_line' id='line_1_14' title="bbox 219 1864 1322 1949; baseline -0.004 -16"><span class='ocrx_word' id='word_1_109' title='bbox 219 1878 329 1933; x_wconf 90' lang='lat' dir='ltr'><strong>natura</strong></span> <span class='ocrx_word' id='word_1_110' title='bbox 351 1867 540 1946; x_wconf 76' lang='lat' dir='ltr'><strong>substantiae,</strong></span> <span class='ocrx_word' id='word_1_111' title='bbox 559 1865 643 1943; x_wconf 89' lang='lat' dir='ltr'><strong>hinc,</strong></span> <span class='ocrx_word' id='word_1_112' title='bbox 659 1874 696 1929; x_wconf 91' lang='lat' dir='ltr'><strong>ut</strong></span> <span class='ocrx_word' id='word_1_113' title='bbox 721 1887 814 1949; x_wconf 88' lang='lat' dir='ltr'><strong>supra</strong></span> <span class='ocrx_word' id='word_1_114' title='bbox 839 1864 1025 1929; x_wconf 89' lang='lat' dir='ltr'><strong>advertimus</strong></span> <span class='ocrx_word' id='word_1_115' title='bbox 1052 1866 1095 1948; x_wconf 92' lang='lat' dir='ltr'><strong>(n.</strong></span> <span class='ocrx_word' id='word_1_116' title='bbox 1120 1866 1177 1949; x_wconf 78' lang='lat'><strong>33)</strong></span> <span class='ocrx_word' id='word_1_117' title='bbox 1201 1887 1272 1929; x_wconf 89' lang='lat' dir='ltr'><strong>cnm</strong></span> <span class='ocrx_word' id='word_1_118' title='bbox 1289 1865 1322 1929; x_wconf 89' lang='lat' dir='ltr'><strong>S.</strong></span> 
     </span>
     <span class='ocr_line' id='line_1_15' title="bbox 220 1976 1322 2061; baseline -0.004 -16"><span class='ocrx_word' id='word_1_119' title='bbox 220 1980 347 2058; x_wconf 75' lang='lat' dir='ltr'><strong>Thomu,</strong></span> <span class='ocrx_word' id='word_1_120' title='bbox 362 1979 469 2045; x_wconf 87' lang='lat' dir='ltr'><strong>eodem</strong></span> <span class='ocrx_word' id='word_1_121' title='bbox 491 1978 616 2043; x_wconf 90' lang='lat' dir='ltr'><strong>nomine</strong></span> <span class='ocrx_word' id='word_1_122' title='bbox 637 1977 755 2042; x_wconf 88' lang='lat' dir='ltr'><strong>utimur</strong></span> <span class='ocrx_word' id='word_1_123' title='bbox 776 1999 841 2042; x_wconf 93' lang='lat' dir='ltr'><strong>non</strong></span> <span class='ocrx_word' id='word_1_124' title='bbox 862 1977 963 2041; x_wconf 86' lang='lat' dir='ltr'><strong>solum</strong></span> <span class='ocrx_word' id='word_1_125' title='bbox 978 1976 1018 2041; x_wconf 87' lang='lat' dir='ltr'><strong>ad</strong></span> <span class='ocrx_word' id='word_1_126' title='bbox 1032 1976 1236 2061; x_wconf 87' lang='lat' dir='ltr'><strong>designandas</strong></span> <span class='ocrx_word' id='word_1_127' title='bbox 1250 1999 1322 2061; x_wconf 92' lang='lat' dir='ltr'><strong>ope·</strong></span> 
     </span>
     <span class='ocr_line' id='line_1_16' title="bbox 222 2084 1322 2173; baseline -0.005 -16"><span class='ocrx_word' id='word_1_128' title='bbox 222 2092 354 2157; x_wconf 85' lang='lat' dir='ltr'><strong>rationes</strong></span> <span class='ocrx_word' id='word_1_129' title='bbox 375 2100 407 2154; x_wconf 90' lang='lat' dir='ltr'><strong>et</strong></span> <span class='ocrx_word' id='word_1_130' title='bbox 426 2089 587 2155; x_wconf 79' lang='lat' dir='ltr'><strong>facultates</strong></span> <span class='ocrx_word' id='word_1_131' title='bbox 607 2111 723 2167; x_wconf 88' lang='lat' dir='ltr'><strong>earum,</strong></span> <span class='ocrx_word' id='word_1_132' title='bbox 743 2088 797 2153; x_wconf 91' lang='lat' dir='ltr'><strong>sed</strong></span> <span class='ocrx_word' id='word_1_133' title='bbox 818 2088 911 2153; x_wconf 88' lang='lat' dir='ltr'><strong>ctiam</strong></span> <span class='ocrx_word' id='word_1_134' title='bbox 930 2087 1216 2173; x_wconf 12' lang='lat' dir='ltr'><strong>adqdesignandum</strong></span> <span class='ocrx_word' id='word_1_135' title='bbox 1231 2084 1322 2153; x_wconf 90' lang='lat' dir='ltr'><strong>illum</strong></span> 
     </span>
     <span class='ocr_line' id='line_1_17' title="bbox 222 2179 1347 2288; baseline -0.002 -21"><span class='ocrx_word' id='word_1_136' title='bbox 222 2202 352 2288; x_wconf 88' lang='lat' dir='ltr'><strong>gradum</strong></span> <span class='ocrx_word' id='word_1_137' title='bbox 368 2200 507 2266; x_wconf 87' lang='lat' dir='ltr'><strong>entitatis</strong></span> <span class='ocrx_word' id='word_1_138' title='bbox 527 2199 736 2265; x_wconf 86' lang='lat' dir='ltr'><strong>substantialis</strong></span> <span class='ocrx_word' id='word_1_139' title='bbox 759 2198 916 2278; x_wconf 73' lang='lat' dir='ltr'><strong>absoluta,</strong></span> <span class='ocrx_word' id='word_1_140' title='bbox 931 2199 964 2263; x_wconf 93' lang='lat' dir='ltr'><strong>in</strong></span> <span class='ocrx_word' id='word_1_141' title='bbox 979 2222 1041 2285; x_wconf 92' lang='lat' dir='ltr'><strong>quo</strong></span> <span class='ocrx_word' id='word_1_142' title='bbox 1056 2200 1232 2265; x_wconf 87' lang='lat' dir='ltr'><strong>continetur</strong></span> <span class='ocrx_word' id='word_1_143' title='bbox 1245 2201 1324 2265; x_wconf 88' lang='lat' dir='ltr'><strong>ratio</strong></span> <span class='ocrx_word' id='word_1_144' title='bbox 1343 2179 1347 2185; x_wconf 24' lang='grc' dir='ltr'>Ι</span> 
     </span>
     <span class='ocr_line' id='line_1_18' title="bbox 222 2311 1324 2399; baseline 0 -22"><span class='ocrx_word' id='word_1_145' title='bbox 222 2316 356 2399; x_wconf 86' lang='lat' dir='ltr'><strong>ipsarum</strong></span> <span class='ocrx_word' id='word_1_146' title='bbox 379 2312 579 2391; x_wconf 68' lang='lat' dir='ltr'><strong>facultatum</strong></span> <span class='ocrx_word' id='word_1_147' title='bbox 610 2321 640 2376; x_wconf 90' lang='lat' dir='ltr'><strong>et</strong></span> <span class='ocrx_word' id='word_1_148' title='bbox 660 2320 736 2376; x_wconf 92' lang='lat' dir='ltr'><strong>tunc</strong></span> <span class='ocrx_word' id='word_1_149' title='bbox 758 2311 798 2377; x_wconf 88' lang='lat' dir='ltr'><strong>ad</strong></span> <span class='ocrx_word' id='word_1_150' title='bbox 817 2311 957 2377; x_wconf 88' lang='lat' dir='ltr'><strong>vitandas</strong></span> <span class='ocrx_word' id='word_1_151' title='bbox 978 2313 1230 2397; x_wconf 70' lang='lat' dir='ltr'><strong>equivocationes</strong></span> <span class='ocrx_word' id='word_1_152' title='bbox 1251 2314 1324 2377; x_wconf 91' lang='lat' dir='ltr'><strong>addi</strong></span> 
     </span>
     <span class='ocr_line' id='line_1_19' title="bbox 222 2422 1323 2510; baseline -0.002 -19"><span class='ocrx_word' id='word_1_153' title='bbox 222 2426 299 2492; x_wconf 88' lang='lat' dir='ltr'><strong>solet</strong></span> <span class='ocrx_word' id='word_1_154' title='bbox 328 2424 498 2510; x_wconf 87' lang='lat' dir='ltr'><strong>epithetum</strong></span> <span class='ocrx_word' id='word_1_155' title='bbox 527 2423 720 2490; x_wconf 66' lang='lat' dir='ltr'><strong>substantiale</strong></span> <span class='ocrx_word' id='word_1_156' title='bbox 748 2422 797 2488; x_wconf 90' lang='lat' dir='ltr'><strong>vel</strong></span> <span class='ocrx_word' id='word_1_157' title='bbox 826 2424 986 2490; x_wconf 74' lang='lat' dir='ltr'><strong>essentiale.</strong></span> <span class='ocrx_word' id='word_1_158' title='bbox 1036 2422 1187 2490; x_wconf 87' lang='lat' dir='ltr'><strong>Voluntas</strong></span> <span class='ocrx_word' id='word_1_159' title='bbox 1216 2424 1323 2509; x_wconf 89' lang='lat' dir='ltr'><strong>igitur,</strong></span> 
     </span>
     <span class='ocr_line' id='line_1_20' title="bbox 222 2535 1323 2622; baseline -0.002 -20"><span class='ocrx_word' id='word_1_160' title='bbox 222 2535 345 2622; x_wconf 87' lang='lat' dir='ltr'><strong>quando</strong></span> <span class='ocrx_word' id='word_1_161' title='bbox 362 2536 569 2602; x_wconf 86' lang='lat' dir='ltr'><strong>consideratur</strong></span> <span class='ocrx_word' id='word_1_162' title='bbox 589 2558 653 2600; x_wconf 92' lang='lat' dir='ltr'><strong>non</strong></span> <span class='ocrx_word' id='word_1_163' title='bbox 675 2545 711 2599; x_wconf 91' lang='lat' dir='ltr'><strong>ut</strong></span> <span class='ocrx_word' id='word_1_164' title='bbox 731 2545 778 2600; x_wconf 89' lang='lat' dir='ltr'><strong>est</strong></span> <span class='ocrx_word' id='word_1_165' title='bbox 800 2535 929 2601; x_wconf 83' lang='lat' dir='ltr'><strong>facultas</strong></span> <span class='ocrx_word' id='word_1_166' title='bbox 944 2536 1073 2616; x_wconf 91' lang='lat' dir='ltr'><strong>volendi,</strong></span> <span class='ocrx_word' id='word_1_167' title='bbox 1089 2537 1143 2602; x_wconf 87' lang='lat' dir='ltr'><strong>sed</strong></span> <span class='ocrx_word' id='word_1_168' title='bbox 1156 2545 1254 2601; x_wconf 73' lang='grc' dir='ltr'>ιιι-εει</span> <span class='ocrx_word' id='word_1_169' title='bbox 1269 2536 1323 2600; x_wconf 83' lang='lat' dir='ltr'><strong>ali-</strong></span> 
     </span>
     <span class='ocr_line' id='line_1_21' title="bbox 222 2646 1324 2732; baseline 0 -20"><span class='ocrx_word' id='word_1_170' title='bbox 222 2647 297 2732; x_wconf 91' lang='lat' dir='ltr'><strong>quid</strong></span> <span class='ocrx_word' id='word_1_171' title='bbox 310 2646 487 2712; x_wconf 86' lang='lat' dir='ltr'><strong>absolutum</strong></span> <span class='ocrx_word' id='word_1_172' title='bbox 501 2646 534 2711; x_wconf 89' lang='lat' dir='ltr'><strong>iu</strong></span> <span class='ocrx_word' id='word_1_173' title='bbox 549 2646 616 2731; x_wconf 86' lang='lat' dir='ltr'><strong>ipsa</strong></span> <span class='ocrx_word' id='word_1_174' title='bbox 631 2646 812 2725; x_wconf 87' lang='lat' dir='ltr'><strong>substantia,</strong></span> <span class='ocrx_word' id='word_1_175' title='bbox 821 2647 943 2732; x_wconf 90' lang='lat' dir='ltr'><strong>proprie</strong></span> <span class='ocrx_word' id='word_1_176' title='bbox 957 2647 1070 2712; x_wconf 88' lang='lat' dir='ltr'><strong>dicitur</strong></span> <span class='ocrx_word' id='word_1_177' title='bbox 1084 2658 1171 2713; x_wconf 88' lang='lat' dir='ltr'><strong>actus</strong></span> <span class='ocrx_word' id='word_1_178' title='bbox 1182 2647 1324 2712; x_wconf 85' lang='lat' dir='ltr'><strong>volitivus</strong></span> 
     </span>
     <span class='ocr_line' id='line_1_22' title="bbox 223 2758 1322 2845; baseline 0 -21"><span class='ocrx_word' id='word_1_179' title='bbox 223 2758 452 2837; x_wconf 81' lang='lat' dir='ltr'><strong>substantialis3</strong></span> <span class='ocrx_word' id='word_1_180' title='bbox 474 2767 521 2822; x_wconf 83' lang='lat' dir='ltr'><strong>est</strong></span> <span class='ocrx_word' id='word_1_181' title='bbox 536 2758 619 2822; x_wconf 89' lang='lat' dir='ltr'><strong>enim</strong></span> <span class='ocrx_word' id='word_1_182' title='bbox 634 2780 754 2844; x_wconf 88' lang='lat' dir='ltr'><strong>semper</strong></span> <span class='ocrx_word' id='word_1_183' title='bbox 768 2758 937 2824; x_wconf 86' lang='lat' dir='ltr'><strong>necessario</strong></span> <span class='ocrx_word' id='word_1_184' title='bbox 950 2759 984 2823; x_wconf 93' lang='lat' dir='ltr'><strong>in</strong></span> <span class='ocrx_word' id='word_1_185' title='bbox 1002 2769 1073 2824; x_wconf 85' lang='lat' dir='ltr'><strong>actu</strong></span> <span class='ocrx_word' id='word_1_186' title='bbox 1090 2761 1191 2844; x_wconf 89' lang='lat' dir='ltr'><strong>quoad</strong></span> <span class='ocrx_word' id='word_1_187' title='bbox 1208 2760 1242 2824; x_wconf 89' lang='lat' dir='ltr'><strong>id</strong></span> <span class='ocrx_word' id='word_1_188' title='bbox 1261 2782 1322 2845; x_wconf 92' lang='lat' dir='ltr'><strong>quo</strong></span> 
     </span>
     <span class='ocr_line' id='line_1_23' title="bbox 222 2870 1323 2953; baseline -0.002 -17"><span class='ocrx_word' id='word_1_189' title='bbox 222 2870 421 2936; x_wconf 87' lang='lat' dir='ltr'><strong>constituitur</strong></span> <span class='ocrx_word' id='word_1_190' title='bbox 438 2870 471 2934; x_wconf 92' lang='lat' dir='ltr'><strong>in</strong></span> <span class='ocrx_word' id='word_1_191' title='bbox 493 2891 569 2949; x_wconf 87' lang='lat' dir='ltr'><strong>esse,</strong></span> <span class='ocrx_word' id='word_1_192' title='bbox 584 2877 631 2933; x_wconf 87' lang='lat' dir='ltr'><strong>est</strong></span> <span class='ocrx_word' id='word_1_193' title='bbox 650 2891 761 2953; x_wconf 86' lang='lat' dir='ltr'><strong>nempe</strong></span> <span class='ocrx_word' id='word_1_194' title='bbox 780 2882 852 2934; x_wconf 88' lang='lat' dir='ltr'><strong>actu</strong></span> <span class='ocrx_word' id='word_1_195' title='bbox 865 2891 972 2934; x_wconf 87' lang='lat' dir='ltr'><strong>amans</strong></span> <span class='ocrx_word' id='word_1_196' title='bbox 987 2892 1077 2935; x_wconf 90' lang='lat' dir='ltr'><strong>suum</strong></span> <span class='ocrx_word' id='word_1_197' title='bbox 1092 2893 1159 2935; x_wconf 89' lang='lat' dir='ltr'><strong>esse</strong></span> <span class='ocrx_word' id='word_1_198' title='bbox 1173 2881 1204 2935; x_wconf 88' lang='lat' dir='ltr'><strong>et</strong></span> <span class='ocrx_word' id='word_1_199' title='bbox 1219 2871 1323 2935; x_wconf 88' lang='lat' dir='ltr'><strong>volens</strong></span> 
     </span>
     <span class='ocr_line' id='line_1_24' title="bbox 223 2980 1326 3068; baseline 0 -20"><span class='ocrx_word' id='word_1_200' title='bbox 223 2982 300 3048; x_wconf 89' lang='lat' dir='ltr'><strong>illud</strong></span> <span class='ocrx_word' id='word_1_201' title='bbox 308 3004 373 3047; x_wconf 90' lang='lat' dir='ltr'><strong>nou</strong></span> <span class='ocrx_word' id='word_1_202' title='bbox 386 2990 544 3068; x_wconf 89' lang='lat' dir='ltr'><strong>tamquam</strong></span> <span class='ocrx_word' id='word_1_203' title='bbox 559 2980 683 3066; x_wconf 85' lang='lat' dir='ltr'><strong>aliquid,</strong></span> <span class='ocrx_word' id='word_1_204' title='bbox 695 2980 728 3044; x_wconf 89' lang='lat' dir='ltr'><strong>in</strong></span> <span class='ocrx_word' id='word_1_205' title='bbox 743 2981 827 3065; x_wconf 90' lang='lat' dir='ltr'><strong>qnod</strong></span> <span class='ocrx_word' id='word_1_206' title='bbox 841 2982 956 3060; x_wconf 81' lang='lat' dir='ltr'><strong>tendat,</strong></span> <span class='ocrx_word' id='word_1_207' title='bbox 967 2982 1022 3046; x_wconf 92' lang='lat' dir='ltr'><strong>sed</strong></span> <span class='ocrx_word' id='word_1_208' title='bbox 1035 2991 1192 3068; x_wconf 63' lang='lat' dir='ltr'><strong>nmquam</strong></span> <span class='ocrx_word' id='word_1_209' title='bbox 1207 2983 1326 3068; x_wconf 90' lang='lat' dir='ltr'><strong>aliquid</strong></span> 
     </span>
     <span class='ocr_line' id='line_1_25' title="bbox 222 3092 1323 3179; baseline 0.001 -19"><span class='ocrx_word' id='word_1_210' title='bbox 222 3095 255 3160; x_wconf 89' lang='lat' dir='ltr'><strong>iu</strong></span> <span class='ocrx_word' id='word_1_211' title='bbox 277 3116 339 3179; x_wconf 92' lang='lat' dir='ltr'><strong>quo</strong></span> <span class='ocrx_word' id='word_1_212' title='bbox 360 3092 488 3179; x_wconf 84' lang='lat' dir='ltr'><strong>quiescit</strong></span> <span class='ocrx_word' id='word_1_213' title='bbox 511 3115 564 3178; x_wconf 87' lang='lat' dir='ltr'><strong>per</strong></span> <span class='ocrx_word' id='word_1_214' title='bbox 586 3115 730 3158; x_wconf 84' lang='lat' dir='ltr'><strong>amorem.</strong></span> <span class='ocrx_word' id='word_1_215' title='bbox 776 3092 908 3170; x_wconf 87' lang='lat' dir='ltr'><strong>Quando</strong></span> <span class='ocrx_word' id='word_1_216' title='bbox 929 3102 1033 3159; x_wconf 68' lang='lat' dir='ltr'><strong>summ</strong></span> <span class='ocrx_word' id='word_1_217' title='bbox 1054 3094 1106 3160; x_wconf 90' lang='lat' dir='ltr'><strong>hic</strong></span> <span class='ocrx_word' id='word_1_218' title='bbox 1128 3094 1209 3158; x_wconf 91' lang='lat' dir='ltr'><strong>idem</strong></span> <span class='ocrx_word' id='word_1_219' title='bbox 1236 3104 1323 3161; x_wconf 85' lang='lat' dir='ltr'><strong>actus</strong></span> 
     </span>
     <span class='ocr_line' id='line_1_26' title="bbox 222 3202 1323 3276; baseline -0.001 -5"><span class='ocrx_word' id='word_1_220' title='bbox 222 3205 363 3272; x_wconf 89' lang='lat' dir='ltr'><strong>volitivus</strong></span> <span class='ocrx_word' id='word_1_221' title='bbox 381 3203 592 3270; x_wconf 86' lang='lat' dir='ltr'><strong>substantialis</strong></span> <span class='ocrx_word' id='word_1_222' title='bbox 614 3202 823 3268; x_wconf 88' lang='lat' dir='ltr'><strong>consideratur</strong></span> <span class='ocrx_word' id='word_1_223' title='bbox 844 3214 881 3269; x_wconf 90' lang='grc' dir='ltr'><strong>ιιι</strong></span> <span class='ocrx_word' id='word_1_224' title='bbox 903 3204 1032 3272; x_wconf 86' lang='lat' dir='ltr'><strong>ulterius</strong></span> <span class='ocrx_word' id='word_1_225' title='bbox 1053 3205 1255 3276; x_wconf 86' lang='lat' dir='ltr'><strong>terminabilis</strong></span> <span class='ocrx_word' id='word_1_226' title='bbox 1271 3216 1323 3270; x_wconf 83' lang='lat' dir='ltr'><strong>&#39;ac-</strong></span> 
     </span>
     <span class='ocr_line' id='line_1_27' title="bbox 222 3316 1323 3403; baseline -0.001 -20"><span class='ocrx_word' id='word_1_227' title='bbox 222 3317 422 3398; x_wconf 89' lang='lat' dir='ltr'><strong>cidentaliter,</strong></span> <span class='ocrx_word' id='word_1_228' title='bbox 443 3325 519 3382; x_wconf 90' lang='lat' dir='ltr'><strong>tuuc</strong></span> <span class='ocrx_word' id='word_1_229' title='bbox 544 3316 665 3402; x_wconf 89' lang='lat' dir='ltr'><strong>proprie</strong></span> <span class='ocrx_word' id='word_1_230' title='bbox 690 3316 863 3401; x_wconf 89' lang='lat' dir='ltr'><strong>appellatur</strong></span> <span class='ocrx_word' id='word_1_231' title='bbox 885 3317 1036 3397; x_wconf 87' lang='lat' dir='ltr'><strong>voluntas,</strong></span> <span class='ocrx_word' id='word_1_232' title='bbox 1060 3327 1091 3382; x_wconf 88' lang='lat' dir='ltr'><strong>ct</strong></span> <span class='ocrx_word' id='word_1_233' title='bbox 1116 3318 1263 3403; x_wconf 86' lang='lat' dir='ltr'><strong>accipitur</strong></span> <span class='ocrx_word' id='word_1_234' title='bbox 1286 3330 1323 3382; x_wconf 92' lang='grc' dir='ltr'><strong>ιιι</strong></span> 
     </span>
     <span class='ocr_line' id='line_1_28' title="bbox 221 3425 1201 3500; baseline -0.002 -7"><span class='ocrx_word' id='word_1_235' title='bbox 221 3428 351 3494; x_wconf 84' lang='lat' dir='ltr'><strong>facultas</strong></span> <span class='ocrx_word' id='word_1_236' title='bbox 365 3427 494 3493; x_wconf 86' lang='lat' dir='ltr'><strong>elicitiva</strong></span> <span class='ocrx_word' id='word_1_237' title='bbox 508 3426 688 3491; x_wconf 87' lang='lat' dir='ltr'><strong>volitionum</strong></span> <span class='ocrx_word' id='word_1_238' title='bbox 704 3425 946 3492; x_wconf 88' lang='lat' dir='ltr'><strong>accidentalium.</strong></span> <span class='ocrx_word' id='word_1_239' title='bbox 1197 3493 1201 3500; x_wconf 75' lang='grc'>,</span> 
     </span>
    </p>

    <p class='ocr_par' dir='ltr' id='par_1_4' title="bbox 221 3516 1323 4180">
     <span class='ocr_line' id='line_1_29' title="bbox 264 3516 1321 3625; baseline 0.001 -21"><span class='ocrx_word' id='word_1_240' title='bbox 264 3541 312 3604; x_wconf 81' lang='lat' dir='ltr'><strong>Es</strong></span> <span class='ocrx_word' id='word_1_241' title='bbox 326 3539 507 3625; x_wconf 89' lang='lat' dir='ltr'><strong>supradictis</strong></span> <span class='ocrx_word' id='word_1_242' title='bbox 527 3547 652 3624; x_wconf 88' lang='lat' dir='ltr'><strong>apparet</strong></span> <span class='ocrx_word' id='word_1_243' title='bbox 669 3538 746 3602; x_wconf 87' lang='lat' dir='ltr'><strong>ratio</strong></span> <span class='ocrx_word' id='word_1_244' title='bbox 766 3538 850 3602; x_wconf 90' lang='lat' dir='ltr'><strong>illius</strong></span> <span class='ocrx_word' id='word_1_245' title='bbox 870 3516 1058 3604; x_wconf 58' lang='lat' dir='ltr'><strong>axiomatisa</strong></span> <span class='ocrx_word' id='word_1_246' title='bbox 1084 3540 1175 3605; x_wconf 77' lang='lat' dir='ltr'><strong>Nihil</strong></span> <span class='ocrx_word' id='word_1_247' title='bbox 1190 3541 1321 3620; x_wconf 81' lang='lat' dir='ltr'><strong>volitum,</strong></span> 
     </span>
     <span class='ocr_line' id='line_1_30' title="bbox 223 3649 1323 3737; baseline 0.002 -21"><span class='ocrx_word' id='word_1_248' title='bbox 223 3655 294 3736; x_wconf 84' lang='lat' dir='ltr'><strong>qaia</strong></span> <span class='ocrx_word' id='word_1_249' title='bbox 301 3654 524 3737; x_wconf 77' lang='lat' dir='ltr'><strong>praecopaitum.</strong></span> <span class='ocrx_word' id='word_1_250' title='bbox 569 3650 652 3714; x_wconf 89' lang='lat' dir='ltr'><strong>Nam</strong></span> <span class='ocrx_word' id='word_1_251' title='bbox 666 3658 697 3714; x_wconf 88' lang='lat' dir='ltr'><strong>et</strong></span> <span class='ocrx_word' id='word_1_252' title='bbox 712 3649 778 3734; x_wconf 88' lang='lat' dir='ltr'><strong>ipsa</strong></span> <span class='ocrx_word' id='word_1_253' title='bbox 792 3649 934 3716; x_wconf 86' lang='lat' dir='ltr'><strong>voluntas</strong></span> <span class='ocrx_word' id='word_1_254' title='bbox 948 3673 1013 3715; x_wconf 92' lang='lat' dir='ltr'><strong>non</strong></span> <span class='ocrx_word' id='word_1_255' title='bbox 1027 3651 1198 3736; x_wconf 88' lang='lat' dir='ltr'><strong>concipitur</strong></span> <span class='ocrx_word' id='word_1_256' title='bbox 1212 3652 1272 3716; x_wconf 82' lang='lat' dir='ltr'><strong>nisi</strong></span> <span class='ocrx_word' id='word_1_257' title='bbox 1287 3663 1323 3719; x_wconf 91' lang='lat' dir='ltr'><strong>ut</strong></span> 
     </span>
     <span class='ocr_line' id='line_1_31' title="bbox 221 3761 1323 3850; baseline -0.001 -21"><span class='ocrx_word' id='word_1_258' title='bbox 221 3764 388 3850; x_wconf 87' lang='lat' dir='ltr'><strong>procedens</strong></span> <span class='ocrx_word' id='word_1_259' title='bbox 411 3786 429 3827; x_wconf 88' lang='lat' dir='ltr'><strong>a</strong></span> <span class='ocrx_word' id='word_1_260' title='bbox 454 3762 628 3848; x_wconf 85' lang='lat' dir='ltr'><strong>cognitione</strong></span> <span class='ocrx_word' id='word_1_261' title='bbox 651 3762 700 3826; x_wconf 88' lang='lat' dir='ltr'><strong>sui</strong></span> <span class='ocrx_word' id='word_1_262' title='bbox 725 3761 832 3846; x_wconf 89' lang='lat' dir='ltr'><strong>ipsius.</strong></span> <span class='ocrx_word' id='word_1_263' title='bbox 877 3762 959 3840; x_wconf 86' lang='lat' dir='ltr'><strong>Quia</strong></span> <span class='ocrx_word' id='word_1_264' title='bbox 984 3785 1057 3848; x_wconf 91' lang='lat' dir='ltr'><strong>ergo</strong></span> <span class='ocrx_word' id='word_1_265' title='bbox 1083 3764 1323 3850; x_wconf 90' lang='lat' dir='ltr'><strong>unumquodque</strong></span> 
     </span>
     <span class='ocr_line' id='line_1_32' title="bbox 222 3867 1322 3962; baseline 0.003 -24"><span class='ocrx_word' id='word_1_266' title='bbox 222 3875 315 3940; x_wconf 88' lang='lat' dir='ltr'><strong>habet</strong></span> <span class='ocrx_word' id='word_1_267' title='bbox 333 3874 451 3962; x_wconf 86' lang='lat' dir='ltr'><strong>operari</strong></span> <span class='ocrx_word' id='word_1_268' title='bbox 468 3867 548 3938; x_wconf 81' lang='lat' dir='ltr'><strong>sicut</strong></span> <span class='ocrx_word' id='word_1_269' title='bbox 568 3882 600 3937; x_wconf 89' lang='lat' dir='ltr'><strong>et</strong></span> <span class='ocrx_word' id='word_1_270' title='bbox 617 3895 692 3952; x_wconf 89' lang='lat' dir='ltr'><strong>esse,</strong></span> <span class='ocrx_word' id='word_1_271' title='bbox 707 3883 738 3938; x_wconf 92' lang='lat' dir='ltr'><strong>et</strong></span> <span class='ocrx_word' id='word_1_272' title='bbox 756 3897 822 3938; x_wconf 84' lang='lat' dir='ltr'><strong>esse</strong></span> <span class='ocrx_word' id='word_1_273' title='bbox 837 3873 1003 3938; x_wconf 90' lang='lat' dir='ltr'><strong>voluntatis</strong></span> <span class='ocrx_word' id='word_1_274' title='bbox 1020 3884 1068 3940; x_wconf 90' lang='lat' dir='ltr'><strong>est</strong></span> <span class='ocrx_word' id='word_1_275' title='bbox 1087 3899 1123 3940; x_wconf 85' lang='lat' dir='ltr'><strong>ex</strong></span> <span class='ocrx_word' id='word_1_276' title='bbox 1138 3877 1322 3960; x_wconf 82' lang='lat' dir='ltr'><strong>cognitione,</strong></span> 
     </span>
     <span class='ocr_line' id='line_1_33' title="bbox 221 3984 1323 4074; baseline 0.004 -25"><span class='ocrx_word' id='word_1_277' title='bbox 221 4008 344 4056; x_wconf 83' lang='lat' dir='ltr'><strong>necesse</strong></span> <span class='ocrx_word' id='word_1_278' title='bbox 363 3995 410 4052; x_wconf 89' lang='lat' dir='ltr'><strong>est</strong></span> <span class='ocrx_word' id='word_1_279' title='bbox 433 3995 469 4050; x_wconf 90' lang='lat' dir='ltr'><strong>ut</strong></span> <span class='ocrx_word' id='word_1_280' title='bbox 486 3986 551 4050; x_wconf 87' lang='lat' dir='ltr'><strong>eius</strong></span> <span class='ocrx_word' id='word_1_281' title='bbox 569 3984 704 4070; x_wconf 90' lang='lat' dir='ltr'><strong>operatio</strong></span> <span class='ocrx_word' id='word_1_282' title='bbox 722 3985 866 4070; x_wconf 84' lang='lat' dir='ltr'><strong>procedat</strong></span> <span class='ocrx_word' id='word_1_283' title='bbox 881 4008 917 4050; x_wconf 88' lang='lat' dir='ltr'><strong>ex</strong></span> <span class='ocrx_word' id='word_1_284' title='bbox 930 3986 1115 4070; x_wconf 81' lang='lat' dir='ltr'><strong>cognitione.</strong></span> <span class='ocrx_word' id='word_1_285' title='bbox 1160 3989 1233 4052; x_wconf 87' lang='lat' dir='ltr'><strong>Non</strong></span> <span class='ocrx_word' id='word_1_286' title='bbox 1248 4011 1323 4074; x_wconf 88' lang='lat' dir='ltr'><strong>ergo</strong></span> 
     </span>
     <span class='ocr_line' id='line_1_34' title="bbox 221 4096 777 4180; baseline -0.002 -20"><span class='ocrx_word' id='word_1_287' title='bbox 221 4098 318 4162; x_wconf 83' lang='lat' dir='ltr'><strong>fertur</strong></span> <span class='ocrx_word' id='word_1_288' title='bbox 332 4097 474 4162; x_wconf 87' lang='lat' dir='ltr'><strong>voluntas</strong></span> <span class='ocrx_word' id='word_1_289' title='bbox 487 4097 548 4161; x_wconf 91' lang='lat' dir='ltr'><strong>nisi</strong></span> <span class='ocrx_word' id='word_1_290' title='bbox 562 4097 595 4160; x_wconf 91' lang='lat' dir='ltr'><strong>in</strong></span> <span class='ocrx_word' id='word_1_291' title='bbox 609 4096 777 4180; x_wconf 89' lang='lat' dir='ltr'><strong>cognitum.</strong></span> 
     </span>
    </p>

    <p class='ocr_par' dir='ltr' id='par_1_5' title="bbox 223 4207 1322 4406">
     <span class='ocr_line' id='line_1_35' title="bbox 266 4207 1321 4293; baseline 0.003 -21"><span class='ocrx_word' id='word_1_292' title='bbox 266 4211 319 4274; x_wconf 89' lang='lat'><strong>39.</strong></span> <span class='ocrx_word' id='word_1_293' title='bbox 341 4209 412 4274; x_wconf 84' lang='lat' dir='ltr'><strong>Tria</strong></span> <span class='ocrx_word' id='word_1_294' title='bbox 436 4208 592 4272; x_wconf 88' lang='lat' dir='ltr'><strong>corollaria</strong></span> <span class='ocrx_word' id='word_1_295' title='bbox 617 4207 726 4272; x_wconf 88' lang='lat' dir='ltr'><strong>deduci</strong></span> <span class='ocrx_word' id='word_1_296' title='bbox 755 4216 885 4292; x_wconf 88' lang='lat' dir='ltr'><strong>possunt</strong></span> <span class='ocrx_word' id='word_1_297' title='bbox 915 4231 951 4272; x_wconf 87' lang='lat' dir='ltr'><strong>ex</strong></span> <span class='ocrx_word' id='word_1_298' title='bbox 980 4209 1231 4293; x_wconf 81' lang='lat' dir='ltr'><strong>praecedentibus.</strong></span> <span class='ocrx_word' id='word_1_299' title='bbox 1279 4212 1321 4274; x_wconf 72' lang='lat'><strong>1⁶.</strong></span> 
     </span>
     <span class='ocr_line' id='line_1_36' title="bbox 223 4303 1322 4406; baseline 0.001 -21"><span class='ocrx_word' id='word_1_300' title='bbox 223 4323 373 4388; x_wconf 82' lang='lat' dir='ltr'><strong>Voluntas</strong></span> <span class='ocrx_word' id='word_1_301' title='bbox 389 4344 452 4387; x_wconf 92' lang='lat' dir='ltr'><strong>uon</strong></span> <span class='ocrx_word' id='word_1_302' title='bbox 466 4331 514 4385; x_wconf 90' lang='lat' dir='ltr'><strong>est</strong></span> <span class='ocrx_word' id='word_1_303' title='bbox 528 4320 656 4406; x_wconf 87' lang='lat' dir='ltr'><strong>qualitas</strong></span> <span class='ocrx_word' id='word_1_304' title='bbox 671 4303 864 4386; x_wconf 81' lang='lat' dir='ltr'><strong>accidentalis</strong></span> <span class='ocrx_word' id='word_1_305' title='bbox 879 4320 1057 4399; x_wconf 76' lang='lat' dir='ltr'><strong>substantiae</strong></span> <span class='ocrx_word' id='word_1_306' title='bbox 1077 4322 1252 4406; x_wconf 89' lang='lat' dir='ltr'><strong>spiritualis,</strong></span> <span class='ocrx_word' id='word_1_307' title='bbox 1269 4324 1322 4386; x_wconf 89' lang='lat' dir='ltr'><strong>sed</strong></span> 
     </span>
    </p>
   </div>
   <div class='ocr_carea' id='block_1_3' title="bbox 0 0 1612 4975">
    <p class='ocr_par' dir='ltr' id='par_1_6' title="bbox 0 0 1612 4975">
     <span class='ocr_line' id='line_1_37' title="bbox 0 0 1612 4975; baseline 0 0"><span class='ocrx_word' id='word_1_308' title='bbox 0 0 1612 4975; x_wconf 95' lang='lat' dir='ltr'><strong> </strong></span> 
     </span>
    </p>
   </div>
  </div>
 </body>
</html>
