3200 4975
814 293 848 363 vi

280 514 356 563 esse
391 490 529 586 (iudico
565 491 662 563 enim
697 516 773 565 esse
808 492 930 588 palam
964 489 1154 563 fatendum
1184 494 1283 584 quod
1310 517 1384 565 non

279 614 435 710 poenitet
464 612 619 711 secisse),
651 639 709 687 me
736 616 774 687 in
803 616 1021 709 quibusdam
1052 640 1173 689 rerum
1204 616 1384 713 capitibus

280 738 484 811 evolvendis
509 740 725 833 quaestiones
751 740 948 814 nonnullas
972 766 1083 814 novas
1106 766 1204 814 nunc
1222 742 1383 837 primum

279 863 518 959 proposuisse,
537 889 618 957 quae
639 889 713 936 non
730 866 810 938 leve
833 866 872 937 in
895 866 1130 961 philosophia
1154 873 1383 938 momentum

278 988 413 1061 habere
430 988 616 1061 videntur:
644 990 841 1083 inquibus
866 1000 1059 1087 propterea
1084 990 1322 1063 discutiendis
1347 999 1384 1063 et

277 1113 528 1186 examinandis
554 1115 728 1187 maiorem
751 1119 946 1209 quamdam
964 1118 1195 1213 diligentiam
1218 1116 1383 1213 impendi

279 1234 436 1310 maxime
466 1239 575 1311 velim
602 1242 647 1312 ab
674 1240 731 1327 iis,
759 1266 850 1334 quos
877 1240 1094 1337 profundior
1124 1242 1287 1329 scientia,
1319 1250 1382 1314 aut

279 1360 434 1435 olfactus
475 1365 623 1457 quidam
663 1365 940 1461 philosophicus
980 1367 1113 1438 certior
1153 1376 1191 1439 et
1231 1366 1383 1451 acutior,

278 1489 416 1561 iudices
450 1487 578 1561 fecerit
608 1497 645 1561 et
672 1513 738 1585 pro
766 1490 963 1577 communi,
992 1491 1049 1563 vel
1080 1490 1193 1562 etiam
1224 1489 1383 1585 speciali,

278 1613 532 1685 benevolentia
566 1615 762 1686 monitores
796 1637 905 1686 meos.
960 1615 1085 1707 Atque
1113 1624 1156 1686 ut
1185 1639 1301 1686 unum
1327 1614 1383 1688 vel

279 1737 435 1809 alterum
459 1737 669 1833 exemplum
692 1735 886 1831 proferam,
905 1743 984 1808 tota
1000 1761 1094 1809 nova
1110 1761 1309 1831 recensque
1327 1747 1382 1812 est

277 1860 466 1952 inquisitio
481 1860 524 1935 da
536 1861 781 1935 essentialibus
798 1861 1038 1935 constitutivis
1054 1856 1263 1935 aaronica
1278 1862 1385 1959 apiri-

279 1985 400 2071 taalis,
419 1986 459 2055 in
477 2009 520 2057 ea
537 1987 737 2079 prasertim
757 1994 872 2082 parte,
897 2011 970 2079 qua
997 1987 1043 2058 de
1066 1986 1199 2058 ultimo
1221 1982 1384 2059 eiusdem

280 2110 491 2181 substantiae
517 2110 784 2206 complemento
812 2112 952 2207 agitur:
980 2111 1075 2184 hanc
1092 2118 1217 2184 autem
1234 2112 1384 2205 inquisi-

279 2235 417 2306 tionem
445 2233 669 2330 deprehendi
699 2234 856 2307 maxime
885 2235 1016 2306 utilem
1045 2258 1121 2306 esse
1145 2244 1225 2306 tum
1248 2235 1287 2305 in
1316 2234 1384 2306 sol··

277 2358 396 2429 venda
411 2357 547 2429 celebri
568 2360 613 2431 de
636 2357 815 2454 principio
843 2357 1142 2430 individuationis
1171 2358 1382 2450 quaestione,

279 2491 359 2554 tum
388 2482 428 2553 in
455 2481 595 2578 origine
624 2480 869 2576 spiritualium
899 2479 1118 2553 facultatum
1146 2479 1380 2576 exploranda

279 2608 384 2680 Nova
410 2609 547 2703 pariter
574 2616 639 2694 est,
671 2608 810 2702 opinor,
842 2607 1010 2679 tractatio
1042 2606 1085 2679 da
1122 2608 1314 2704 coraposito
1340 2627 1384 2680 aa

278 2735 411 2831 spirita
439 2740 475 2808 at
502 2735 656 2808 materia
687 2734 896 2831 pataratim,
926 2733 966 2803 in
996 2755 1070 2825 qua
1102 2730 1253 2825 reliquis
1287 2733 1383 2804 circa

278 2859 464 2932 hominem
483 2859 743 2952 quaestionibus
754 2857 920 2954 praelusi:
948 2879 1043 2929 nova
1054 2856 1144 2928 item
1158 2856 1201 2929 da
1212 2851 1384 2956 fontibus

278 2985 517 3058 madentium
533 2984 774 3081 investigatio,
793 3007 840 3055 ex
856 3007 930 3076 qua
946 2981 1085 3076 accipio
1103 2982 1317 3054 divisionem
1329 3005 1384 3053 ac·

279 3109 479 3180 cidentium
502 3109 541 3180 in
558 3108 736 3210 simplicia
754 3131 817 3180 seu
835 3106 1029 3202 primitiva,
1048 3116 1086 3178 et
1102 3107 1293 3201 complexa
1318 3129 1382 3176 seu

278 3233 511 3306 resultantia:
530 3257 624 3305 nova
634 3246 779 3326 quoque
790 3231 1030 3304 consideratio
1045 3254 1091 3303 ex
1101 3227 1378 3324 dynamicacor-

213 3389 217 3399 ·
279 3383 409 3453 porum
428 3359 698 3443 constitutione,
717 3356 821 3427 iuxta
845 3355 1048 3427 doctrinam
1071 3355 1111 3425 in
1140 3353 1259 3449 primo
1281 3354 1382 3425 volu·

278 3483 376 3556 mine
388 3483 601 3578 expositam,
614 3483 784 3569 derivata,
799 3489 838 3552 et
849 3480 899 3553 ad
910 3478 1127 3553 reddendam
1139 3478 1182 3551 da
1193 3478 1380 3573 qualitati-

278 3608 340 3680 bas
356 3609 531 3681 rationem
542 3607 658 3704 (quod
669 3619 811 3701 semper
820 3603 967 3677 difficile
977 3603 1095 3675 visum
1108 3602 1180 3698 est)
1189 3601 1381 3698 perspicue

278 3757 320 3804 ac
341 3734 500 3806 breviter
512 3733 792 3805 accommodata.
847 3731 940 3802 Haec
956 3728 1071 3824 igitur
1088 3736 1126 3798 et
1145 3749 1263 3822 pauca
1285 3749 1381 3818 quae·

278 3860 363 3930 dam
390 3857 463 3930 alia
488 3858 558 3929 hoc
581 3856 729 3928 nomine
754 3877 848 3926 nova
871 3863 968 3939 sunt,
997 3852 1096 3945 quod
1116 3853 1162 3922 de
1188 3850 1233 3921 iis
1260 3866 1379 3933 nemo,

278 4009 387 4079 quem
414 3984 535 4070 sciam,
564 3983 699 4054 directe
726 3988 763 4051 et
787 3977 993 4075 specialiter
1020 3976 1154 4072 egerit:
1182 3974 1381 4066 inquibus

277 4134 402 4206 parem
419 4108 536 4182 labori
552 4130 633 4179 meo
657 4104 924 4204 indulgentiam
944 4101 1090 4174 lectoris
1111 4107 1256 4194 exopto.
1310 4098 1381 4170 Sed

277 4235 351 4306 alia
366 4235 544 4328 quaedam
571 4232 641 4303 hoc
670 4229 819 4301 nomine
852 4251 946 4299 nova
980 4233 1076 4312 sunt,
1108 4225 1205 4318 quod
1234 4222 1382 4319 agitatis
