3200 4975
301 322 345 383 80
621 348 663 391 nu
680 346 884 391 sosarnurrr
902 348 1104 393 srrnrrcaur.
1246 329 1331 412 [cur.
1350 349 1407 391 111.

299 504 474 572 affectuum.
521 508 581 572 His
609 511 808 576 constituitur
832 512 974 591 vitalitas,
1000 534 1053 577 scu
1080 511 1122 591 id,
1147 534 1208 596 quo
1236 512 1408 579 substantia

298 617 465 702 spiritualis
479 620 578 704 primo
590 620 687 687 vivere
702 620 884 707 concipitur,
896 632 927 688 et
942 646 1007 688 esse
1023 623 1071 689 sui
1086 624 1207 689 conscia
1221 646 1255 689 ac
1271 624 1405 690 domina.

298 729 421 815 Duplex
442 731 555 796 iterum
578 741 624 797 est
644 734 710 799 eins
732 734 862 799 facultas
888 734 927 799 ad
952 742 1038 799 aetus
1061 742 1253 800 transeuntes
1276 737 1308 800 in
1331 736 1405 801 alios

299 842 443 927 spiritus:
466 843 677 925 illuminativa,
693 854 725 910 et
739 844 883 910 allicitiva
897 846 1073 925 voluntatis,
1089 868 1159 911 cum
1175 848 1405 933 proportionata

298 954 473 1037 passivitate
502 956 654 1039 receptiva
688 956 923 1021 illuminationis
953 966 984 1022 et
1013 956 1223 1022 allactationis.
1283 959 1404 1044 Duplex

300 1063 424 1129 tandem
449 1064 578 1129 facultas
604 1067 643 1132 ad
666 1075 752 1131 actus
777 1076 972 1133 transeuntes
995 1068 1028 1132 in
1057 1089 1203 1153 corpora:
1227 1069 1405 1153 simpliciter

298 1176 420 1254 motiva,
445 1186 475 1240 et
502 1176 713 1257 informativa3
737 1178 849 1263 quibus
875 1178 1039 1265 respondet
1068 1179 1228 1263 passivitas
1254 1182 1404 1265 receptiva

297 1287 465 1371 specierum
487 1288 728 1373 intelligibilium
744 1314 762 1354 a
784 1291 961 1375 corporibus
976 1300 1068 1375 prout
1086 1301 1160 1355 sunt
1175 1291 1291 1376 aliquid
1313 1294 1403 1357 intel-

295 1396 420 1481 ligibile,
439 1408 470 1462 et
490 1400 650 1483 passivitas
668 1402 821 1481 sensitiva,
840 1410 871 1467 et
893 1425 961 1487 qnae
982 1402 1054 1467 inde
1074 1413 1314 1488 consequuntur.
1361 1404 1402 1468 Et

296 1509 327 1572 in
351 1510 400 1573 bis
429 1509 549 1575 videtur
572 1511 687 1577 absolvi
716 1513 816 1577 omnis
840 1515 937 1579 virtus
960 1513 1049 1579 nobis
1073 1514 1198 1599 cognita
1224 1515 1403 1579 substantiae

296 1620 472 1705 spiritualis.

733 1860 874 1925 CAPUT
897 1859 960 1924 III.

365 2016 417 2070 DE
433 2016 740 2071 OPERATIONIBUS
758 2015 1021 2073 FAOUL'I‘A'I‘UM
1039 2016 1328 2073 SPIRITUALIUM.

337 2162 389 2225 61.
414 2161 487 2225 Post
502 2162 661 2225 facultates
676 2161 888 2225 considerandi
904 2170 976 2225 snnt
992 2184 1096 2227 earum
1111 2172 1209 2243 aetus,
1225 2188 1278 2228 seu
1294 2188 1398 2250 opera-

293 2274 393 2336 tiones
407 2272 626 2337 aecidentnles:
649 2282 681 2336 et
695 2272 795 2357 primo
807 2281 894 2337 actus
909 2274 1114 2338 immanentes
1130 2283 1197 2339 tum
1213 2277 1399 2355 intellectivi,

292 2393 360 2447 tum
375 2384 499 2463 volitivi,
516 2384 626 2448 deinde
648 2392 843 2449 transeuntes
863 2386 903 2449 ad
925 2394 1009 2450 extra
1031 2409 1067 2451 ex
1081 2387 1209 2472 imperio
1224 2388 1399 2454 voluntatis.

294 2495 355 2558 Sed
371 2497 407 2560 de
429 2497 478 2560 his
496 2496 714 2582 posterioribus
729 2521 826 2582 pauca
847 2507 969 2562 tantum
990 2499 1136 2580 dicemus,
1161 2524 1256 2585 quum
1280 2502 1399 2585 agendo

292 2606 329 2669 de
344 2607 373 2671 vi
394 2609 506 2672 motiva
529 2608 679 2693 spirituali
694 2609 754 2673 iam
776 2609 850 2673 satis
872 2609 1119 2694 explicaverimus
1140 2611 1250 2676 talium
1273 2622 1398 2676 actuum

293 2729 444 2784 naturam.

336 2833 454 2916 Itaque,
471 2833 572 2917 quoad
586 2843 672 2897 actus
686 2833 899 2911 immanentes,
912 2811 1131 2898 advertendum
1147 2843 1193 2898 est
1208 2857 1260 2900 ecs
1272 2835 1319 2900 vel
1333 2856 1398 2899 esse

292 2944 421 3009 directos
447 2945 494 3008 vel
517 2945 655 3010 reflexos.
704 2945 802 3008 Actus
826 2945 1018 3010 accidentalia
1046 2946 1178 3011 directus
1207 2947 1399 3031 intelligendi

291 3066 337 3120 est
360 3056 421 3136 ille,
437 3078 498 3140 quc
523 3056 675 3120 obiectum
701 3056 927 3120 accidentaliter
948 3077 1080 3140 praesens
1104 3057 1274 3123 intellectui
1301 3061 1396 3142 perei-

290 3167 393 3250 pitur:
416 3175 502 3230 aetus
528 3188 598 3237 vero
623 3166 750 3230 reflexus
774 3175 821 3229 est
846 3165 904 3244 ille,
926 3187 987 3250 quc
1013 3166 1188 3252 intelligens
1213 3169 1342 3252 percipit
1367 3192 1398 3232 se

292 3279 516 3342 accidentaliter
531 3277 709 3362 intelligere.
755 3279 853 3340 Actus
868 3278 1063 3342 accidentalis
1079 3279 1245 3343 voluntatis
1265 3280 1397 3343 directus

290 3400 336 3454 est
358 3390 419 3469 ille,
440 3412 501 3474 quc
526 3390 668 3454 voluntas
691 3389 818 3472 attingit
841 3388 994 3452 obiectum
1017 3389 1242 3453 accidentaliter
1264 3413 1416 3475 praesens

291 3501 348 3565 sub
362 3502 478 3564 ratione
493 3501 566 3565 boni
581 3501 639 3565 sibi
654 3501 873 3579 convenientis,
889 3509 919 3564 et
938 3500 1015 3563 illud
1029 3500 1095 3564 vult
1111 3523 1165 3564 seu
1179 3510 1261 3564 amat
1276 3502 1375 3586 primo
1387 3526 1401 3592 ι,

291 3620 377 3676 actus
391 3635 461 3676 vero
483 3613 611 3676 reflexus
628 3621 675 3676 est
697 3611 759 3691 ille,
775 3634 837 3696 quo
859 3612 999 3676 voluntas
1021 3612 1189 3698 complacet
1211 3612 1269 3676 sibi
1284 3613 1317 3677 in
1340 3636 1397 3677 sua

290 3723 433 3787 volitione
458 3723 572 3788 directa
597 3732 628 3788 et
658 3733 740 3787 amat
771 3746 803 3786 se
829 3732 864 3786 ut
893 3731 1046 3786 amantem
1077 3722 1200 3807 aliquod
1231 3723 1395 3788 obiectum.

290 3835 387 3898 Actus
409 3834 513 3918 itaque
533 3833 639 3898 directi
661 3832 776 3898 babent
797 3855 853 3917 pro
875 3831 993 3896 obiecto
1015 3855 1078 3897 rem
1101 3833 1311 3912 extrinsecam,
1328 3857 1396 3919 quae

288 3947 492 4032 cognoscitur,
510 3945 555 4010 vel
578 3955 717 4009 amatur:
741 3953 827 4010 actus
843 3967 912 4009 vero
933 3944 1037 4008 reflexi
1059 3944 1175 4009 habent
1198 3967 1253 4029 pro
1277 3944 1395 4010 obiecto

288 4061 390 4144 ipsum
405 4069 508 4125 actum
524 4058 684 4136 directum,
694 4066 785 4142 prout
800 4067 846 4122 est
863 4057 981 4120 affectio
996 4057 1136 4141 quaedam
1150 4057 1324 4121 intellectus
1339 4068 1393 4123 aut

288 4171 463 4235 voluntatis.
509 4171 606 4233 Actus
622 4169 728 4232 directi
744 4169 889 4232 dicuntur
908 4167 1060 4253 perceptio
1076 4176 1106 4231 et
1122 4169 1341 4252 complacentia
1357 4168 1394 4232 de

287 4283 415 4361 obiecto,
440 4291 525 4347 aetus
548 4281 649 4345 reflexi
678 4281 872 4344 constituunt
898 4278 1047 4343 actualem
1073 4279 1290 4344 conscientiam
1316 4281 1393 4344 acei-
