3200 4975
241 385 310 428 csr.
328 367 397 449 nn]
652 388 694 431 nn
711 388 968 433 sccansnrrnns.
1281 368 1342 430 381

241 552 421 632 unitatibus,
446 560 483 615 ιιι
507 560 609 637 patet:
644 553 698 617 sed
723 553 948 618 disoontinuata
975 552 1172 617 multitudine
1197 555 1340 637 partium,

240 663 327 728 nulla
340 672 386 728 est
401 664 638 729 diseontinuatio
653 665 762 749 spatii,
785 688 880 750 quare
895 665 1048 730 dividetur
1061 687 1171 749 eorpus
1186 684 1340 748 occupans

242 774 385 859 spatium,
407 775 440 840 id
462 784 508 839 est
530 775 654 839 tolletur
669 775 826 840 vinculum
849 776 973 841 unionis
995 776 1028 839 in
1050 775 1250 840 multitudine
1272 797 1343 859 par·

241 886 320 951 tium
335 887 410 965 eius,
426 886 559 972 spatium
573 909 643 951 vero
664 887 798 952 manebit
818 887 993 967 indivisum,
1009 887 1089 965 lieet,
1105 894 1223 951 mutata
1237 885 1341 950 termi-

242 1020 352 1062 norum
367 999 522 1079 relatione,
537 999 706 1064 formaliter
720 999 884 1064 diversum.

287 1111 338 1174 78.
362 1108 519 1185 Quaeritur
532 1110 704 1189 undecimo,
719 1118 818 1173 utrum
838 1111 988 1193 quantitas
1007 1109 1126 1172 realiter
1147 1108 1344 1191 ds'stinquatur

241 1223 438 1286 anhelantia
452 1224 534 1286 euius
547 1231 591 1286 est
605 1224 765 1306 quantitas,
780 1224 824 1285 ita
838 1229 871 1285 ut
880 1223 978 1304 possit
997 1241 1113 1282 manem
1132 1220 1229 1282 eadem
1249 1242 1340 1302 qaan-

240 1334 312 1397 titas
324 1335 387 1397 sine
400 1336 575 1411 substantia,
589 1334 636 1397 ael
648 1334 747 1397 eadem
760 1335 926 1397 substantia
939 1333 1002 1395 sine
1016 1354 1070 1395 sua
1085 1332 1259 1413 quantitate.

284 1444 475 1529 Respondes,
488 1444 641 1529 duplicem
655 1466 721 1507 esse
731 1443 764 1508 in
776 1441 953 1527 corporibus
962 1442 1175 1526 quantitatem,
1190 1440 1344 1507 voluminis

234 1554 388 1634 uidelicet,
403 1563 434 1618 et
453 1578 563 1619 massa.
609 1554 773 1631 Quantitas
787 1554 961 1632 voluminis,
985 1560 1019 1617 ut
1040 1576 1077 1617 ex
1100 1553 1189 1618 dietis
1212 1562 1343 1632 constat,

241 1674 288 1730 est
310 1666 463 1751 quantitas
493 1667 583 1751 spatii
612 1666 762 1731 limitibus
791 1665 924 1750 eorporis
953 1664 1156 1744 determinati,
1180 1686 1235 1729 seu
1256 1664 1342 1729 lacus

240 1778 305 1863 ipse
328 1777 510 1842 sensibiliter
534 1786 700 1862 occupatus
722 1800 740 1841 a
762 1799 896 1862 corpore,
918 1786 949 1840 et
972 1776 1085 1840 dieitur
1113 1776 1267 1862 quantitas
1283 1800 1342 1861 per

240 1891 499 1954 denominationem
527 1891 727 1967 eatrinseaam,
754 1898 784 1951 et
811 1910 881 1952 oum
910 1895 1049 1972 respectu
1075 1887 1113 1951 ad
1139 1887 1341 1971 quantitatem

241 2001 422 2065 intensivum
452 2000 617 2079 actionum,
644 2022 712 2083 quae
740 1998 914 2063 necessaria
943 2006 1044 2062 essent
1070 2006 1105 2062 ut
1127 1998 1187 2062 tale
1209 1999 1341 2083 spatium

242 2112 314 2176 dato
328 2112 461 2196 quodam
475 2120 611 2195 tempore
630 2110 798 2174 seeundum
822 2109 968 2194 quasdam
990 2109 1086 2173 lineas
1108 2120 1342 2194 percurreretur.

243 2221 407 2297 Quantitas
435 2244 507 2307 ergo
537 2220 699 2285 voluminis
727 2221 825 2284 vorari
860 2228 960 2305 potest
990 2219 1145 2306 quantitas
1180 2224 1342 2285 autrimeea

241 2333 381 2417 eorporis,
405 2355 459 2396 seu
480 2334 512 2395 in
533 2334 633 2395 ordine
654 2332 695 2394 ad
714 2331 817 2395 baum.
864 2328 1028 2405 Quantitas
1043 2350 1113 2393 vero
1135 2352 1251 2410 massae,
1274 2354 1342 2415 quoe

240 2452 286 2507 est
301 2465 371 2508 vera
385 2450 415 2507 et
434 2444 591 2507 intrimeaa
610 2441 743 2526 eorporis
766 2440 931 2526 quantitas,
955 2448 1001 2505 est
1023 2440 1190 2506 multituda
1211 2442 1343 2508 elemen-

239 2564 340 2620 torum
363 2557 612 2640 componentium
635 2577 762 2639 eorpus:
786 2565 817 2618 et
832 2554 892 2618 diei
912 2563 1012 2639 potest
1032 2555 1187 2638 quantitas
1210 2558 1344 2641 eorporis

240 2670 272 2729 in
286 2669 386 2731 ordine
401 2669 441 2730 ad
453 2689 493 2730 ae.

286 2777 347 2840 His
369 2777 487 2861 positis,
511 2776 588 2854 dieo,
619 2779 813 2859 quantitatem
842 2778 994 2841 velaminis
1022 2777 1141 2842 realiter
1163 2779 1303 2863 distinqui
1324 2801 1343 2844 a

241 2890 405 2951 substantia
415 2890 554 2971 corporis,
566 2894 597 2951 et
608 2909 697 2972 posse
707 2888 846 2952 eamdem
861 2910 988 2952 numero
1003 2891 1196 2954 substantiam
1211 2892 1344 2975 eorporis

242 2997 300 3060 sub
321 2997 438 3061 diverso
452 2997 605 3062 volumine
625 2999 762 3078 existere,
777 3007 814 3062 ιιι
829 3007 912 3084 patet
927 3022 963 3062 ex
977 2999 1119 3086 physica:
1142 3001 1236 3065 immo
1255 3024 1343 3087 posse

242 3111 380 3173 eamdem
395 3131 523 3174 numero
538 3109 740 3174 substantiam
758 3111 842 3173 omni
857 3110 1020 3174 voluminis
1041 3111 1211 3195 quantitate
1233 3134 1342 3193 carere,

242 3221 268 3284 si
296 3220 383 3285 Deus
412 3221 455 3286 ita
476 3221 566 3285 velit:
596 3244 691 3305 quum
715 3243 752 3285 ex
780 3221 869 3285 dietis
891 3222 924 3284 in
946 3229 1079 3287 tractatu
1108 3222 1146 3286 de
1176 3223 1347 3290 substantia

241 3355 383 3417 corporea
397 3334 441 3417 (n.
459 3335 534 3417 104)
549 3340 649 3397 status
664 3333 951 3418 compenetrationis
969 3333 1103 3418 plurium
1123 3334 1342 3402 elementorum

240 3445 442 3510 materialium
472 3445 512 3509 sit
538 3455 653 3510 tantum
681 3447 861 3511 naturaliter
889 3446 1093 3530 impossibilis,
1125 3448 1177 3512 sed
1207 3448 1344 3515 absolute

239 3557 400 3640 possibilis.
448 3557 516 3621 Hoe
539 3566 640 3621 autem
664 3557 690 3620 si
711 3557 798 3621 Deus
828 3557 940 3636 secent,
971 3579 1081 3642 corpus
1109 3557 1187 3623 illud
1216 3583 1343 3626 manens

239 3667 319 3732 idem
335 3668 435 3753 quoad
456 3669 669 3748 substantiam,
690 3669 894 3734 constituetur
908 3670 940 3733 in
957 3669 1074 3734 diverso
1089 3678 1180 3749 statu,
1198 3678 1233 3735 ut
1248 3681 1342 3757 patet,

240 3787 270 3840 et
285 3799 348 3841 non
362 3778 486 3843 babebit
500 3802 570 3843 eum
591 3779 716 3843 modum
737 3779 908 3844 naturalem
929 3779 1050 3864 agendi,
1071 3802 1161 3864 quem
1177 3778 1301 3846 baberet
1317 3783 1343 3847 si

239 3896 374 3952 maneret
390 3911 459 3952 eum
475 3912 530 3953 suo
545 3889 718 3954 volumine:
742 3900 772 3954 et
789 3891 832 3954 sio
847 3891 954 3954 dieunt
976 3891 1120 3974 theologi,
1141 3914 1206 3958 esse
1227 3891 1343 3958 Christi

238 4020 349 4083 eorpus
364 3998 397 4060 in
414 3998 605 4063 Eucharistia
627 4009 776 4064 extensum
798 4003 830 4064 in
847 4003 948 4066 ordine
965 4003 1007 4066 ad
1017 4025 1057 4082 se,
1073 4012 1103 4067 et
1116 4006 1296 4070 inentensum
1311 4009 1342 4071 in

238 4111 339 4173 ordine
354 4109 394 4172 ad
407 4109 509 4187 heum,
524 4131 580 4173 nee
596 4111 628 4174 in
644 4119 727 4175 statu
749 4134 805 4176 suo
828 4113 969 4192 naturali,
991 4113 1091 4178 sedin
1106 4115 1165 4180 alio
1180 4125 1272 4196 statu,
1288 4119 1342 4203 qui

239 4220 351 4284 dieitur
366 4221 596 4284 sacramentalis.

236 4349 239 4353 ·
283 4332 373 4408 Quod
395 4334 504 4398 attinet
527 4334 565 4398 ad
587 4335 790 4419 quantitatem
819 4360 935 4417 massae,
956 4337 992 4402 de
1016 4361 1076 4423 qua
1098 4339 1156 4414 boo
1177 4340 1244 4406 looo
1267 4365 1340 4427 prae-
