3200 4975
277 349 342 413 368
681 371 724 416 nr
738 371 994 418 sccrnnurraus.
1227 354 1311 438 [ese.
1330 373 1386 417 111.

276 566 364 623 nnrn,
379 566 434 609 seu
449 551 496 609 est
504 543 607 628 fornic
620 543 767 609 naturalia
781 564 886 629 aqua:
902 542 963 609 sed
978 565 1075 630 quum
1092 542 1223 609 dicimus
1245 546 1303 608 vim
1322 568 1385 608 mc-

276 655 459 739 defactincm,
474 655 639 740 accipimus
654 654 712 719 boc
726 654 853 719 formale
868 655 1103 721 constitutivum
1124 656 1324 742 inadaequate,
1348 665 1386 719 ut

278 767 469 832 constituens
483 788 594 852 aquam
609 773 746 851 paratam
771 766 811 830 ad
835 766 1107 847 madefaciendum,
1127 768 1330 834 abstrahendo
1346 768 1386 832 ab

277 878 421 944 omnibns
436 878 513 958 aliis,
529 878 568 943 ad
582 900 651 963 quse
672 886 719 941 est
739 886 863 963 parata:
886 888 917 943 et
932 901 1029 964 quum
1043 879 1176 945 dicimus
1197 890 1387 964 transponen-

279 994 360 1069 ticm,
374 988 540 1074 accipimus
561 987 688 1054 formale
710 989 944 1055 constitutivum
958 1013 1045 1075 aquae
1060 991 1118 1055 sub
1134 991 1193 1057 alia
1215 991 1386 1056 considera·

279 1100 363 1165 done
383 1100 586 1185 inadequata,
607 1108 645 1164 ut
666 1100 860 1165 constituens
881 1124 992 1187 aquam
1013 1111 1150 1188 paratam
1166 1104 1205 1168 ad
1220 1103 1386 1168 admitten-

279 1212 356 1276 dum
370 1212 534 1276 transitum
550 1210 687 1291 luminis,
699 1210 905 1277 abstrahendo
917 1214 954 1279 ab
970 1213 1037 1279 aliis
1048 1214 1191 1279 omnibus
1206 1214 1323 1300 adquae
1338 1224 1387 1279 est

277 1333 400 1409 parata:
423 1331 455 1389 et
469 1324 513 1391 sic
527 1325 565 1390 de
579 1324 704 1389 coeoeris.
749 1322 853 1401 Quare
871 1324 905 1389 in
924 1325 1098 1409 cogitandis
1120 1326 1324 1411 qualitatibus
1339 1326 1386 1390 di-

278 1436 400 1501 stinctis
414 1434 542 1502 alicuius
562 1434 751 1516 substantia,
773 1436 959 1521 principium
974 1436 1101 1502 formale
1116 1438 1251 1502 eiusdem
1272 1439 1386 1502 eonsti-

278 1549 413 1613 tutivum
437 1548 597 1613 resolvitur
625 1546 850 1633 quodammodo
880 1548 914 1612 in
943 1547 1034 1634 plura
1063 1549 1176 1633 quibus
1205 1550 1383 1635 aequivalet3

279 1682 378 1746 neque
399 1659 481 1723 enirn
504 1680 560 1744 per
580 1658 664 1724 aliud
685 1658 765 1723 reale
786 1682 866 1744 aqna
888 1669 934 1725 est
956 1660 1155 1726 madefactiva
1175 1670 1207 1727 et
1228 1686 1283 1748 per
1302 1664 1386 1729 aliud

279 1771 360 1837 reale
381 1780 429 1835 est
451 1769 603 1855 diaphana
624 1778 656 1835 et
678 1791 734 1854 per
753 1769 839 1834 aliud
860 1769 939 1835 reale
961 1779 1008 1835 est
1028 1770 1156 1858 liquida,
1171 1783 1240 1853 eta,
1264 1774 1317 1838 sed
1332 1798 1387 1860 per

279 1907 377 1949 unum
393 1891 424 1946 et
437 1880 529 1960 idem,
546 1904 600 1945 seu
615 1902 751 1966 peream
766 1883 896 1946 formam
911 1883 1093 1963 naturalem,
1109 1907 1170 1970 qua
1188 1888 1385 1951 constituitur

279 2016 375 2080 aqua:
399 1992 478 2058 sicut
493 2015 556 2056 non
570 2014 625 2077 per
639 1992 723 2056 aliud
737 1992 819 2057 reale
838 1993 930 2057 bomo
948 1994 1105 2079 intelligit,
1124 2019 1179 2081 per
1200 1997 1284 2062 aliud
1307 1998 1386 2063 reale

281 2114 372 2183 arnat,
396 2126 451 2189 per
472 2103 556 2168 aliud
578 2103 658 2167 reale
679 2103 755 2184 odit,
778 2114 848 2183 cta,
872 2105 926 2169 sed
951 2128 1006 2191 per
1031 2129 1128 2171 unum
1159 2108 1249 2188 reale,
1272 2108 1386 2173 scilicet

282 2241 335 2303 per
349 2217 493 2281 animam.

325 2329 457 2405 Quando
471 2350 545 2414 ergo
559 2337 670 2394 natura
683 2331 823 2415 quadam
846 2353 909 2395 una
931 2330 1140 2397 consideratur
1155 2334 1323 2410 seeundum
1339 2334 1380 2399 di·

279 2464 381 2507 versos
400 2448 564 2527 conceptus
586 2439 729 2506 formales
750 2441 932 2508 intrinsecos
954 2442 1174 2532 inadaequatoa,
1197 2446 1256 2511 ista
1276 2456 1387 2512 natura

278 2553 406 2621 assumit
436 2552 553 2617 diversa
581 2552 716 2633 nomina,
746 2553 858 2640 quibus
888 2555 984 2640 qualis
1012 2558 1052 2620 ait
1083 2557 1284 2624 describitur:
1317 2560 1386 2623 vhaec

279 2667 405 2733 nomina
419 2666 525 2731 dicunt
540 2647 703 2751 qualitates
717 2674 834 2730 naturae
849 2667 995 2751 specifica
1009 2668 1193 2750 essentiales,
1209 2692 1278 2755 quae
1292 2680 1328 2735 ut
1343 2671 1387 2734 sic

279 2787 437 2865 nequeunt
460 2777 498 2841 de
519 2801 554 2841 ea
575 2787 686 2842 natura
708 2777 866 2862 praedicari
888 2779 1123 2860 accidentaliter,
1138 2790 1170 2845 et
1185 2804 1248 2846 non
1264 2792 1336 2846 sunt
1350 2793 1387 2847 ut

280 2892 371 2957 sicin
385 2889 632 2976 praedicamento
679 2889 740 2953 Sed
754 2889 780 2953 si
795 2890 1026 2954 considerantur
1040 2900 1133 2977 prout
1148 2901 1221 2957 sunt
1244 2897 1275 2957 in
1290 2896 1387 2979 produ

281 3005 480 3080 determinato,
496 3023 588 3085 quem
603 3009 713 3064 natura
734 3000 786 3065 illa
809 3001 947 3086 specifica
969 3023 1032 3065 non
1051 3002 1155 3086 exigit,
1176 3012 1252 3069 tunc
1271 3005 1387 3070 babent

282 3115 431 3179 rationem
454 3114 609 3197 qualitatis
630 3113 827 3193 tencarolia,
850 3121 885 3177 ut
908 3135 1001 3198 supra
1023 3114 1067 3197 (n.
1084 3117 1138 3198 62)
1161 3115 1387 3202 explicavimus,

283 3236 314 3291 et
328 3232 488 3311 ponuntur
501 3224 534 3287 in
549 3223 794 3309 praedicamento.
843 3223 934 3288 Unde
948 3224 1091 3309 qualitas,
1106 3248 1175 3310 quae
1197 3235 1243 3291 est
1263 3228 1295 3291 in
1311 3251 1387 3313 prae·

283 3339 464 3415 dicamento,
490 3334 671 3420 praedicatur
694 3334 732 3399 de
760 3348 871 3398 natura
901 3334 1048 3420 specifica,
1078 3359 1136 3400 noa
1161 3339 1196 3401 dc
1223 3341 1388 3404 substantia
1499 3421 1501 3426 Ι

283 3448 416 3535 praecise,
431 3468 487 3511 nec
502 3448 537 3510 de
550 3453 659 3510 notura
673 3447 827 3531 aequiori.
872 3445 947 3509 Non
963 3446 1001 3510 de
1016 3455 1126 3511 natura
1141 3448 1300 3533 singulari,
1316 3451 1388 3537 quia

284 3581 347 3623 non
370 3565 417 3621 est
443 3555 582 3620 accidens
607 3556 710 3635 huius,
735 3556 789 3620 sed
814 3557 1047 3621 constitutivum
1071 3561 1249 3626 essentiale:
1271 3564 1388 3628 nonde

283 3669 464 3748 substantia,
486 3667 559 3754 quia
581 3667 719 3753 quamvis
738 3667 932 3733 accidentalia
958 3669 998 3735 sit
1021 3671 1200 3756 compositio
1223 3673 1388 3740 elemento-

284 3806 365 3862 rum,
379 3804 417 3846 ex
430 3802 491 3865 qua
504 3777 581 3843 tales
595 3778 757 3865 qualitates
771 3789 951 3864 exsurgunt,
961 3781 1027 3866 ipsa
1042 3790 1146 3848 tamen
1161 3784 1311 3851 elementa
1325 3809 1388 3851 non

161 3918 165 3925 ·
285 3898 365 3960 liunt
379 3891 524 3958 habentia
539 3890 701 3976 qualitates
715 3892 747 3953 in
760 3913 792 3954 rc
807 3899 964 3976 tamquam
978 3891 1012 3955 in
1027 3877 1180 3973 subiectis,
1196 3895 1250 3960 sed
1264 3903 1386 3961 tantum

285 4008 441 4093 passiones
454 4011 486 4068 et
501 4001 635 4066 actiones
656 4011 790 4081 mutuas,
813 4024 850 4066 ex
872 4001 985 4088 quibu·
1008 4002 1169 4089 qualitates
1190 4005 1389 4072 resultantia

284 4127 392 4183 natura
406 4117 573 4200 composito.
620 4113 728 4200 Neque
747 4113 830 4178 enim
848 4114 1033 4180 elementum
1054 4116 1218 4197 materiale,
1241 4119 1324 4203 quod
1341 4128 1390 4197 est

284 4230 319 4294 in
333 4250 422 4314 aqua,
437 4234 538 4312 potest
553 4248 619 4290 esse
632 4224 795 4310 liquidum,
810 4233 864 4290 aut
880 4237 1082 4312 transparens,
1104 4237 1158 4293 aut
1177 4230 1319 4311 calidum,
1336 4241 1389 4296 aut

284 4339 441 4426 frigidum,
458 4347 512 4402 aut
526 4337 616 4403 aliam
632 4337 811 4422 qualitatem
822 4337 998 4404 huiusmodi
1008 4339 1185 4408 subiectare.
1230 4343 1303 4407 Non
1315 4367 1388 4428 ergo
