3200 4975
205 352 275 395 cur,
293 332 348 413 ra]
514 352 556 392 ns
574 351 777 394 suasurum
793 352 996 398 sararruanr.
1269 338 1310 397 65

203 516 422 600 multiplieiter,
434 515 559 599 spiritus
574 516 685 579 habere
697 517 758 580 vim
774 518 918 580 motivam
934 539 1093 601 corporum
1109 518 1307 603 (quodetiam

203 650 239 691 ex
253 628 356 691 anima
370 628 505 691 humana
520 627 643 710 elucet),
659 636 796 712 superest
812 629 1012 713 quaerendum
1028 629 1062 691 in
1082 652 1143 716 quo
1162 632 1308 694 consistat

202 739 267 803 haec
285 740 390 819 virtus,
406 740 561 824 quomodo
580 762 644 804 non
664 749 816 825 repugnet
833 739 1015 804 substantiae
1039 741 1200 825 spirituali,
1215 752 1246 806 et
1268 765 1308 806 an

203 850 346 933 explicari
356 851 462 915 debeat
472 873 526 935 per
536 851 946 936 aliquidillisuperadditum
956 852 996 916 ad
1005 852 1131 916 modum
1140 854 1307 938 qualitatis.

247 962 329 1027 Mihi
347 963 510 1028 dicendum
525 963 655 1041 videtur,
670 963 754 1047 quod
769 964 837 1048 ipsa
851 962 1023 1027 substantia
1039 964 1173 1049 spiritus,
1188 986 1257 1048 quae
1271 972 1307 1027 ut

204 1076 328 1158 attingit
358 1074 549 1158 intelligibile
579 1074 691 1139 dicitur
717 1076 814 1139 virtus
842 1075 1027 1139 intellectiva
1055 1086 1087 1138 et
1116 1085 1152 1138 ut
1180 1076 1308 1158 attingit

203 1183 368 1269 appetibile
391 1184 502 1249 dicitur
516 1186 612 1249 virtus
635 1184 812 1269 appetitiva,
826 1186 924 1269 possit
946 1208 981 1249 ac
1003 1185 1111 1249 debeat
1133 1184 1193 1249 dici
1210 1186 1308 1248 virtus

203 1318 364 1379 corporum
381 1297 492 1359 motiva
508 1316 561 1379 per
576 1296 642 1374 hoc,
654 1294 739 1378 quod
753 1299 906 1379 attingere
920 1296 1016 1379 possit
1027 1294 1180 1359 obiectum
1195 1295 1307 1359 mobile

204 1428 258 1491 per
279 1406 391 1484 locum,
416 1405 567 1469 actuando
591 1415 710 1468 motum
737 1405 864 1469 localem
894 1406 926 1468 in
956 1406 1018 1469 illo.
1064 1406 1147 1470 Nam
1172 1407 1306 1490 quoties-

202 1539 332 1601 cumque
342 1518 517 1600 cogitantur
527 1516 727 1600 proprietates
742 1516 896 1580 naturales
911 1516 1090 1581 substantiae
1104 1516 1259 1601 simplicis,
1273 1518 1307 1581 in

204 1650 264 1710 qua
279 1650 341 1691 non
365 1635 437 1691 sunt
460 1628 558 1711 plura,
574 1628 628 1690 sed
648 1650 746 1690 unum
770 1628 910 1711 pluribus
932 1627 1124 1712 aequivalens,
1141 1636 1307 1712 conceptus

204 1739 425 1823 proprietatum
448 1748 606 1823 nequeunt
630 1761 703 1818 esse,
726 1739 786 1802 nisi
809 1749 974 1823 conceptus
996 1740 1181 1824 inadaequati
1209 1740 1307 1823 ipsius

206 1850 383 1914 substantiae
403 1849 559 1934 simplicis,
575 1872 629 1933 per
651 1871 727 1934 quos
742 1850 914 1933 cogitamus
928 1872 995 1913 eam
1011 1858 1046 1913 ut
1062 1850 1212 1914 dicentem
1228 1850 1307 1933 apti-

204 1962 343 2025 tudinem
358 1962 398 2024 ad
417 1961 501 2025 hunc
516 1962 562 2023 vel
582 1960 668 2024 illum
688 1961 856 2024 terminum
876 1960 1072 2039 actuandum,
1089 1983 1143 2024 seu
1164 1960 1306 2025 effectum

205 2072 452 2158 producendum:
479 2083 510 2135 et
533 2094 551 2135 a
573 2071 698 2135 diversis
720 2071 769 2134 his
791 2072 959 2149 effectibus,
983 2071 1108 2136 diversis
1130 2071 1309 2136 nominibus

205 2186 337 2249 relativis
351 2184 569 2269 potentialibus
585 2184 682 2267 ipsam
698 2183 902 2247 substantiam
917 2184 1124 2267 designamus.
1146 2184 1225 2248 Vide
1240 2206 1308 2268 quae

145 2310 148 2314 “
206 2295 337 2359 diximus
361 2318 452 2380 supra
474 2317 505 2358 n.
529 2296 582 2372 29,
598 2297 650 2357 30.
697 2295 783 2360 Sicut
805 2296 909 2379 igitur,
925 2307 961 2359 ut
984 2296 1043 2359 iam
1066 2295 1230 2380 probatum
1251 2307 1308 2373 est,

207 2407 330 2491 spiritus
353 2406 466 2471 dieitur
494 2409 588 2470 virtus
617 2406 793 2470 intellectiva
816 2428 870 2493 per
895 2406 1107 2471 habitudinem
1138 2408 1177 2470 ad
1206 2416 1309 2471 actum

206 2518 409 2603 intelligendi,
432 2519 486 2604 qui
508 2519 607 2602 primo
629 2517 815 2602 intelligitur
837 2518 869 2581 in
891 2519 1011 2602 spiritu,
1029 2527 1060 2583 et
1083 2519 1195 2583 dieitur
1216 2521 1309 2582 virtus

205 2631 324 2694 oolitivu
352 2653 407 2714 per
435 2629 648 2694 habitudinem
678 2631 717 2693 ad
746 2638 849 2693 actum
875 2629 1005 2711 volendi,
1030 2632 1084 2715 qui
1113 2631 1311 2713 consequitur

206 2753 308 2805 actum
331 2741 452 2804 virtutis
475 2741 685 2819 intellectivam
707 2742 750 2804 ita
773 2740 920 2805 dicendus
942 2751 989 2805 est
1010 2744 1104 2805 virtus
1125 2743 1232 2806 motiva
1254 2763 1309 2825 per

207 2852 418 2916 habitudinem
438 2851 476 2915 ad
497 2841 599 2914 actum
620 2851 773 2930 movendi,
789 2853 843 2935 qui
864 2873 926 2914 non
942 2852 1126 2935 intelligitur
1140 2853 1173 2914 in
1189 2852 1308 2936 spiritu,

207 2963 266 3026 nisi
286 2970 506 3047 consequenter
528 2962 567 3025 ad
586 2961 758 3046 intelligere
779 2972 810 3025 et
829 2961 913 3026 velle.
959 2961 1062 3038 Quare
1081 2963 1177 3026 virtus
1198 2963 1311 3026 motiva

207 3074 284 3137 nihil
298 3073 382 3138 aliud
396 3083 442 3136 est
457 3073 576 3136 realiter
598 3074 629 3136 in
655 3072 826 3156 spiritibus,
842 3074 903 3136 nisi
920 3074 988 3157 ipsa
1010 3096 1115 3137 eorum
1139 3072 1311 3137 substantia

207 3194 242 3249 ut
257 3185 361 3251 dicens
375 3184 587 3248 habitudinem
603 3184 642 3247 ad
657 3185 858 3248 extrinsecam
872 3186 1079 3269 operationem
1094 3186 1246 3250 movendi.

250 3300 302 3361 51.
328 3295 420 3372 Quod
449 3304 485 3359 ut
515 3296 692 3372 declaretur,
725 3294 797 3375 dua,
827 3318 895 3379 quae
928 3296 961 3358 in
997 3297 1184 3361 contrarium
1213 3296 1310 3361 valere

207 3407 358 3486 videntur,
375 3416 446 3470 sunt
464 3407 514 3471 hio
535 3406 745 3490 expendenda.
790 3407 929 3471 Primum
947 3415 1005 3486 est,
1020 3407 1104 3491 quod
1124 3408 1258 3492 spiritus,
1276 3417 1311 3471 ut

208 3519 304 3602 possit
325 3528 396 3582 actu
418 3517 533 3603 aliquid
555 3516 781 3583 accidentaliter
801 3519 982 3602 intelligere
1003 3519 1121 3602 indiget
1139 3520 1253 3583 moveri
1272 3521 1311 3582 ab

208 3630 325 3694 obiecto
349 3639 380 3693 et
406 3631 536 3714 recipere
563 3629 713 3714 speciem:
745 3629 894 3709 similiter,
919 3639 954 3694 ut
980 3631 1077 3715 possit
1100 3630 1217 3715 aliquid
1240 3640 1312 3694 actu
1433 3632 1436 3636 ’

207 3742 293 3821 velle,
309 3741 427 3825 indiget
445 3741 558 3806 moveri
573 3740 686 3805 abono
709 3741 833 3824 cognito
853 3750 884 3804 et
904 3743 1035 3826 recipere
1049 3741 1127 3805 illud
1142 3741 1311 3806 secundum

208 3853 350 3917 affectum
376 3853 409 3917 in
433 3853 609 3937 passivitate
636 3852 811 3916 voluntatis.
857 3853 937 3916 Non.
959 3865 1063 3916 autem
1092 3863 1217 3938 apparet
1246 3877 1312 3917 esse

208 3963 325 4049 aliquid
346 3963 380 4027 in
400 3964 517 4028 obiecto
536 3985 687 4048 corporeo,
704 3963 787 4046 quod
809 3973 928 4027 moveat
948 3964 1081 4049 aliquam
1104 3965 1313 4048 passivitatem

209 4076 352 4160 spiritus:
375 4085 405 4138 et
429 4077 471 4140 sic
492 4076 619 4160 spiritus
639 4075 766 4139 deberet
776 4097 896 4139 movere
911 4097 1031 4159 corpus,
1047 4077 1123 4160 quin
1138 4077 1224 4160 prius
1237 4077 1313 4141 reei-

208 4189 272 4272 piat
287 4187 404 4272 aliquid
419 4188 457 4251 ab
473 4187 540 4271 ipso
555 4186 671 4252 mobili.
718 4187 751 4250 Si
765 4187 847 4250 enirn
863 4210 974 4271 corpus
988 4198 1091 4271 ageret
1106 4188 1139 4250 in
1160 4187 1312 4272 spiritum,

209 4321 330 4362 necesse
353 4309 433 4362 esset
455 4321 567 4383 ponere
591 4302 623 4361 in
647 4299 757 4382 spiritu
779 4299 937 4362 materiam
960 4299 1081 4382 proprie
1104 4298 1226 4379 dictam,
1242 4302 1315 4382 quia

257 4431 331 4476 von.
349 4431 388 4476 11.
1126 4429 1143 4470 r
