3200 4975
275 342 337 405 126
722 364 765 406 nr
782 364 928 407 nouruu.
1251 344 1335 428 [car.
1354 364 1375 406 1.

272 548 366 613 capax
376 536 422 591 est
438 536 524 592 actus
539 527 617 605 vitae,
628 527 734 591 eodem
750 534 901 593 actuatur.
947 528 995 592 De
1005 550 1065 613 qua
1081 550 1112 592 re
1122 528 1237 612 aliquid
1249 527 1378 591 addetur

272 638 363 703 infra.

315 754 347 815 8.
371 748 527 828 Quaeritur
542 749 660 835 quinto,
676 772 716 813 aa
738 752 834 834 quivis
847 753 969 834 apiritue
983 752 1017 815 de
1039 774 1070 815 ae
1083 754 1123 814 sit
1139 760 1225 835 uptus
1242 754 1377 835 coniungi

271 886 336 927 cum
350 864 473 926 mutem
487 863 557 925 bene
571 862 711 945 deposita
726 864 757 923 ia
771 862 914 925 unitatem
928 870 1048 925 nature.

315 971 498 1058 Respondeo
520 971 670 1056 negative,
686 972 794 1037 saltem
817 972 843 1036 si
858 982 968 1057 agatur
989 972 1026 1037 de
1042 972 1173 1037 naturali
1195 972 1374 1056 aptitudine.

274 1086 355 1149 Nam
370 1084 511 1170 aptitudo
526 1083 565 1148 ad
580 1083 825 1149 coniunctionem
842 1107 913 1149 cum
927 1084 1031 1170 aliquo
1046 1085 1079 1148 iu
1095 1084 1245 1151 unitatem
1260 1094 1377 1149 naturae

273 1218 335 1259 uon
361 1195 436 1259 dicit
458 1194 557 1259 solum
579 1193 823 1279 possibilitatem,
847 1195 900 1260 sed
922 1196 1014 1259 etiam
1041 1195 1222 1279 exigentiam
1250 1196 1376 1260 coniun-

271 1307 392 1386 ctionis,
417 1313 454 1370 ut
481 1328 574 1391 supra
602 1305 743 1371 habitum
767 1316 814 1371 est
844 1308 886 1391 (n.
906 1310 952 1390 4),
977 1329 1072 1392 quum
1100 1306 1208 1371 debeat
1231 1307 1385 1389 resultare¹

272 1419 474 1504 compositum
496 1441 552 1505 per
567 1440 600 1482 se
621 1441 730 1496 unum,
746 1428 777 1483 et
800 1441 862 1483 non
878 1441 932 1504 per
946 1419 1094 1483 accidens.
1139 1419 1205 1483 Iam
1221 1442 1292 1483 vero
1314 1442 1376 1483 non

272 1540 375 1615 potest
389 1530 458 1609 dici,
475 1529 559 1615 quod
579 1529 707 1614 quilibet
723 1530 849 1615 spiritus
864 1530 964 1615 exigat
988 1531 1133 1615 coniungi
1149 1554 1217 1595 cum
1234 1534 1358 1616 corpore
1366 1558 1375 1610 ;

273 1665 369 1727 quum
391 1643 563 1707 substantia
583 1641 750 1728 spiritualis
771 1642 811 1707 sit
834 1642 922 1707 dese
942 1644 1092 1728 completa
1112 1644 1144 1707 iu
1165 1644 1282 1707 ratione
1304 1641 1376 1705 sub-

272 1754 402 1834 stantiae,
414 1764 445 1819 et
456 1754 542 1819 nullo
552 1754 695 1819 inferiore
705 1754 843 1839 indigeat
858 1755 896 1819 ad
912 1778 983 1819 suas
994 1755 1166 1840 spirituales
1178 1755 1376 1839 operationes,

273 1864 391 1950 Nequit
413 1887 486 1949 ergo
508 1864 578 1944 dici,
600 1864 683 1950 quod
703 1865 832 1950 quilibet
856 1866 981 1950 spiritus
1002 1866 1042 1929 sit
1066 1876 1156 1952 aptus
1177 1866 1322 1949 coniungi
1344 1865 1377 1928 in

171 2038 175 2043 ,
272 1977 423 2042 unitatem
445 1988 562 2042 naturae
588 2000 659 2042 com
685 2000 810 2062 corpore
837 1978 869 2041 in
896 1978 1034 2062 potentia
1054 1978 1146 2042 vitam
1167 1977 1299 2042 habente
1309 2004 1319 2056 3
1343 2000 1377 2041 ac

272 2097 431 2173 propterea
446 2088 582 2171 spiritus,
598 2088 713 2171 dequo
728 2088 841 2171 agitur,
857 2087 976 2171 indiget
997 2088 1118 2173 speciali
1134 2088 1325 2152 ordinatione
1340 2088 1378 2151 ad

273 2222 308 2265 co
345 2223 393 2265 us.

308 2223 347 2376 ll.
371 2310 528 2388 Quaeritur
543 2322 637 2412 serto,
653 2315 685 2375 in
705 2335 761 2396 qao
784 2314 923 2376 wusistct
941 2313 1085 2377 naturalis
1107 2314 1240 2396 aptitudo
1256 2314 1378 2395 spiritus

272 2424 313 2488 cd
325 2446 428 2509 corpus
442 2426 619 2509 inpotentia
633 2426 724 2488 vitam
738 2425 855 2489 dobere.

315 2537 509 2622 Respondeo,
519 2537 683 2602 consistere
698 2537 730 2599 in
747 2536 815 2616 hoe,
827 2537 910 2620 quod
924 2536 976 2600 ille
991 2536 1118 2621 spiritus
1132 2536 1172 2602 ad
1186 2537 1269 2601 hunc
1284 2537 1375 2601 finem

272 2659 399 2729 creetur,
420 2656 452 2714 et
477 2660 596 2715 creetur
617 2649 677 2734 ipsi
699 2648 817 2733 corpori
847 2649 980 2713 unitum.
1025 2649 1066 2712 Et
1088 2648 1146 2714 boc
1167 2649 1285 2735 patebit
1307 2671 1378 2713 con-

273 2761 434 2826 siderando
449 2761 530 2847 quod
546 2761 673 2846 spiritus
688 2769 825 2845 separate
839 2761 1034 2845 praeexistens
1050 2761 1178 2845 corpori,
1189 2769 1220 2824 et
1235 2761 1300 2824 siue
1314 2759 1378 2823 ullo

271 2873 492 2958 impedimento
519 2894 661 2936 exercens
692 2873 785 2936 vitam
815 2894 902 2935 suam
938 2871 1137 2956 spiritualem,
1168 2893 1231 2935 non
1260 2872 1377 2956 appetit

272 2984 451 3048 naturaliter
465 3006 585 3067 corpus,
602 3005 663 3067 quo
678 3005 741 3046 non
757 2982 894 3066 indiget,
918 3005 1014 3067 quum
1030 2982 1115 3046 nulla
1129 2995 1239 3046 natura
1254 2993 1377 3067 appetat

272 3094 390 3159 bonum
407 3093 531 3158 alterius
552 3103 678 3172 naturae,
694 3092 748 3157 sed
770 3092 913 3178 quaelibet
934 3092 1049 3157 bonum
1071 3093 1249 3178 proprium:
1269 3093 1376 3171 immo,

273 3205 345 3291 quia
359 3205 518 3290 perfectior
529 3205 681 3268 censenda
692 3212 738 3268 est
754 3204 889 3289 operatio
904 3204 973 3288 puri
989 3205 1124 3288 spiritus,
1136 3227 1226 3288 quam
1243 3205 1377 3289 operatio

273 3316 398 3402 spiritus
412 3318 445 3380 in
468 3338 592 3399 corpore
607 3316 711 3395 infusi,
728 3317 854 3379 omnino
877 3315 1040 3380 dicendum
1055 3324 1112 3394 est,
1129 3315 1212 3400 quod
1232 3317 1318 3379 fieret
1333 3314 1378 3378 illi

273 3428 395 3513 spiritui
416 3427 569 3504 violentia,
586 3427 751 3512 siquando
773 3427 987 3491 infunderetur
1005 3427 1124 3512 corpori
1145 3428 1293 3491 naturalis
1307 3427 1378 3490 vitae

273 3539 440 3622 potentiam
462 3537 589 3603 habenti
600 3564 610 3615 3
633 3547 791 3622 cogeretur
812 3539 895 3602 enim
915 3561 932 3602 a
955 3547 1039 3602 statu
1057 3537 1203 3602 nobiliore
1227 3538 1266 3602 ad
1289 3538 1376 3622 iguo-

272 3650 409 3715 biliorem
431 3650 623 3728 descendere,
641 3661 673 3714 et
687 3651 734 3715 vel
757 3650 890 3714 naturali
910 3649 1094 3735 perfectione
1117 3673 1178 3714 suae
1195 3650 1379 3735 operationis

271 3763 450 3847 privaretur,
466 3761 549 3847 quod
563 3772 610 3826 eat
624 3762 849 3841 inconveniens,
866 3761 921 3841 vel,
938 3762 963 3826 si
979 3784 1040 3825 non
1059 3763 1237 3847 privaretur,
1253 3762 1378 3825 haberet

272 3874 478 3959 operationem
503 3897 600 3953 suam,
619 3895 687 3958 quae
710 3897 771 3938 non
793 3882 873 3938 esset
896 3873 1074 3958 compositi;
1097 3873 1193 3938 etsie
1216 3895 1279 3937 non
1305 3895 1377 3937 cou-

271 3987 411 4051 stitueret
435 4009 505 4051 cum
530 4007 654 4070 corpore
681 3985 806 4048 unicum
836 3985 1029 4070 adaequatum
1059 3984 1244 4070 principium
1274 4006 1377 4068 opera-

271 4098 402 4162 tionum.
448 4096 642 4182 Quapropter
665 4097 792 4182 spiritus
818 4097 1012 4181 praeexistens
1038 4096 1155 4181 corpori
1182 4096 1215 4159 in
1241 4096 1378 4180 potentia

271 4211 365 4274 vitam
387 4208 514 4293 habenti
530 4231 600 4288 ,non
624 4216 670 4271 eat
696 4207 876 4272 naturaliter
902 4215 993 4292 aptus
1017 4207 1056 4271 ad
1080 4207 1262 4272 actuandam
1286 4207 1318 4270 in
1343 4227 1378 4270 eo

270 4321 374 4385 vitam.
421 4320 576 4404 Sequitur,
586 4343 656 4384 eum
674 4319 783 4384 debere
794 4319 888 4384 creari
904 4319 936 4381 in
948 4341 984 4382 eo
996 4319 1134 4397 instanti,
1147 4318 1178 4382 in
1194 4341 1255 4404 quo
1268 4341 1378 4402 corpus
