3200 4975
294 360 359 423 322
709 380 753 424 ns
768 380 1024 425 sccrnuurrans.
1261 362 1345 445 [car.
1366 381 1403 423 11.

293 551 397 635 agitur
419 550 511 615 etiarn
535 550 574 615 ds
600 550 718 614 actione
742 548 774 613 in
802 549 929 615 distans.
977 550 1037 615 llic
1061 550 1182 628 addam,
1199 550 1311 614 falsum
1336 572 1402 615 esse

295 662 378 747 quod
393 664 481 727 arbor
489 664 628 747 producit
642 663 773 726 arborem
782 684 839 744 per
854 664 991 727 virtutem
1004 662 1137 727 relictam
1151 663 1183 725 ia
1200 662 1316 740 samiae,
1331 661 1405 745 quia

294 772 383 837 arbor
404 772 545 857 producit
568 794 683 850 semen,
699 771 754 835 sed
776 794 881 836 semen
903 772 1005 857 ipsum
1027 772 1170 856 producit
1189 772 1328 835 arborem
1346 794 1401 855 per

295 884 441 950 virtutem
467 907 565 963 susm,
590 906 653 947 non
680 883 814 961 arboris;
846 891 877 947 ct
902 894 1048 967 praeterea
1073 884 1169 947 virtus
1193 882 1320 947 seminis
1345 904 1402 945 nac

294 1004 342 1059 est
362 994 501 1059 accidens
521 994 647 1075 arboris,
662 1016 718 1059 nec
738 996 879 1059 accidens
895 995 1019 1059 seminis
1034 995 1066 1059 in
1082 1004 1233 1081 quantum
1248 1004 1295 1058 est
1308 997 1403 1059 virtus

295 1109 393 1171 octioo
414 1108 594 1191 simpliciter,
610 1106 711 1170 sedin
733 1114 886 1191 quantum
906 1106 1012 1171 multae
1027 1106 1105 1171 vires
1131 1107 1235 1171 activae
1258 1106 1400 1170 substan-

295 1218 382 1283 tiales
397 1218 518 1283 suntin
533 1219 649 1285 semine
664 1220 707 1283 sic
719 1220 903 1283 coordinatae
913 1218 1140 1283 coordinatione
1154 1240 1218 1282 non
1233 1219 1402 1281 necessaria

296 1329 426 1415 singulis
449 1330 588 1416 partibus
612 1330 724 1416 quibus
748 1337 869 1395 constat
880 1356 889 1410 3
913 1330 995 1394 unde
1019 1329 1207 1395 coordinatio
1229 1329 1282 1392 illa
1304 1329 1401 1413 perire

294 1449 405 1524 potest,
421 1440 492 1505 licet
507 1441 603 1505 virtus
618 1441 715 1505 activa
737 1441 948 1506 substantialis
969 1441 1161 1525 singulorum
1181 1441 1400 1505 elementorum

295 1560 426 1631 maneat,
452 1561 489 1617 ιιι
514 1552 684 1617 videbimus
713 1551 794 1617 infra
823 1552 944 1638 agendo
973 1552 1011 1616 da
1041 1552 1207 1637 qualitate:
1241 1552 1292 1616 hic
1317 1553 1399 1615 enim

295 1663 416 1747 agimus
432 1663 470 1727 dc
485 1664 603 1728 actione
618 1664 748 1748 simplici
764 1671 856 1747 prout
871 1664 1009 1749 procedit
1025 1663 1225 1728 asubstantia
1235 1664 1398 1749 primitiva,

294 1797 362 1859 quae
376 1797 438 1839 non
453 1782 500 1839 est
515 1774 693 1859 composita.

336 1886 436 1948 Dices.
459 1883 567 1949 Virtus
589 1906 681 1968 supra
703 1884 908 1949 substantiam
930 1885 1092 1965 radicatur,
1108 1893 1145 1948 ut
1162 1884 1264 1969 inquit
1279 1885 1397 1971 Diony-

293 1976 358 2059 sius
375 1994 425 2077 (dc
439 1994 503 2059 cael.
518 1995 594 2060 hier.
609 2018 636 2061 c.
654 1999 720 2078 ll),
735 1996 808 2081 quia
822 2005 865 2060 est
881 1997 953 2081 qaid
968 1997 1093 2061 mediam
1112 1999 1190 2064 inter
1206 2000 1399 2061 substantiam

293 2114 322 2170 et
336 2108 542 2189 operationem.
586 2107 671 2191 Ergo
686 2108 782 2171 virtus
797 2108 895 2172 activa
909 2130 972 2172 non
986 2118 1033 2173 est
1048 2109 1114 2193 ipsa
1129 2109 1309 2173 substantia.

338 2217 519 2303 Respondeo
541 2219 718 2283 comedendo
739 2227 857 2283 textum
873 2220 1015 2307 Dionysii
1037 2228 1067 2285 et
1090 2221 1154 2291 eius
1177 2244 1322 2286 sensum:
1346 2222 1397 2285 sed
1467 2224 1469 2229 ’

174 2380 178 2388 ,
292 2329 391 2413 primo
420 2338 582 2415 retorqueo
611 2330 776 2416 sequelam.
824 2330 857 2395 Si
881 2332 964 2395 enim
994 2331 1167 2398 Goudinius
1190 2356 1226 2397 ex
1255 2334 1397 2418 eoquod

290 2440 387 2506 virtus
409 2440 451 2506 sit
471 2440 574 2506 media
593 2440 675 2506 inter
696 2441 899 2508 substantiam
914 2443 1110 2525 atascidans,
1126 2443 1275 2510 deducere
1295 2454 1396 2530 potest

291 2554 375 2638 quod
387 2556 482 2620 virtus
495 2577 554 2619 aaa
568 2563 612 2620 est
624 2556 800 2634 adstantia,
815 2547 922 2620 eodem
937 2556 1003 2620 iure
1024 2578 1082 2641 ego
1104 2578 1226 2642 quoqne
1248 2557 1395 2622 deducam

290 2666 373 2750 quod
389 2667 483 2731 virtus
499 2689 559 2731 ooo
576 2675 620 2731 est
641 2668 793 2743 academ
818 2666 970 2752 siquidem
992 2668 1128 2732 medium
1142 2691 1205 2756 non
1220 2679 1268 2733 est
1282 2669 1394 2734 alteru-

290 2787 373 2840 trum
399 2777 436 2842 de
459 2777 612 2842 extremis.
638 2777 801 2842 Secundo
823 2778 891 2843 dist.
913 2801 991 2843 eoas.
1015 2779 1123 2844 Virtus
1145 2780 1242 2845 activa
1261 2803 1324 2845 non
1348 2790 1395 2846 est

290 2888 357 2972 ipsa
375 2889 547 2953 substantia
565 2875 656 2952 nt'in
674 2911 707 2953 ae
729 2888 971 2954 substantialiter
988 2901 1057 2956 actu
1079 2891 1191 2962 sistens
1209 2915 1287 2957 emta.
1304 2915 1392 2972 cona,

291 3023 355 3064 non
369 3009 416 3065 cst
429 3001 496 3086 ipsa
507 2988 682 3065 substantia
701 3009 737 3064 ut
745 3003 953 3085 potentialiter
971 3025 1003 3066 se
1022 3003 1115 3067 habet
1133 3004 1173 3068 ad
1192 3005 1359 3070 terminum
1376 3027 1394 3068 a

291 3135 323 3176 se
338 3113 518 3178 distinctum
532 3136 566 3191 aa
579 3097 657 3186 eoas.
702 3113 872 3198 Dionysius
886 3137 956 3178 vcro
971 3114 1139 3179 rectissime
1159 3115 1306 3200 loquitur,
1322 3117 1394 3202 quia

288 3225 385 3290 virtus
411 3209 621 3305 substantialis
647 3225 816 3289 formaliter
841 3234 964 3309 sumpta
987 3249 1090 3290 revera
1115 3235 1163 3290 est
1186 3226 1267 3291 inter
1290 3237 1392 3292 actum

290 3335 522 3401 substantialem
542 3320 699 3409 etlactum
717 3335 953 3399 accidentalem:
976 3336 1064 3399 illum
1085 3337 1168 3400 euim
1188 3338 1304 3402 ratione
1319 3339 1392 3403 sub·

291 3447 439 3530 sequitur,
454 3447 539 3521 hanc
558 3433 668 3511 natura
687 3455 719 3511 et
738 3455 875 3531 tempore
889 3447 1053 3532 praecedit3
1076 3456 1225 3513 ettamen
1240 3451 1312 3534 quia
1326 3450 1393 3535 ipsa

290 3580 353 3621 non
368 3569 414 3622 est
428 3558 595 3636 formaliter
610 3557 822 3642 actusaliquis
837 3557 1041 3637 accidentalis,
1053 3559 1161 3644 nequit
1177 3582 1242 3624 csse
1253 3560 1392 3625 accidens

289 3670 478 3754 subsequens
498 3658 701 3734 substantiam
713 3671 732 3749 ι’
747 3669 809 3743 scd,
826 3671 898 3753 quia
917 3679 965 3733 est
982 3671 1119 3754 potantia
1139 3671 1178 3736 ad
1198 3681 1301 3736 actum
1316 3673 1392 3736 acci·

290 3783 454 3860 dentalem,
470 3782 559 3846 debet
579 3781 728 3854 contineri
746 3781 780 3845 in
802 3789 874 3846 actu
893 3781 1044 3860 nobiliori,
1059 3781 1092 3845 id
1111 3791 1157 3845 cst
1179 3783 1212 3846 in
1233 3794 1304 3846 actu
1319 3783 1391 3847 sub-

290 3895 435 3959 stantiali.
482 3894 542 3959 Sed
557 3894 654 3958 virtus
669 3894 776 3958 eadem
796 3893 992 3958 materialiter
1009 3903 1133 3979 sumpta
1154 3907 1200 3958 est
1219 3894 1285 3979 ipse
1307 3904 1392 3960 actus

289 4008 508 4084 substantialis,
523 4016 554 4070 et
578 4006 690 4072 dicitur
712 4007 807 4071 virtus
826 4007 930 4090 potius
950 4027 1043 4089 quam
1061 4015 1152 4085 oetas,
1168 4007 1241 4090 quia
1257 4029 1321 4072 non
1341 4031 1390 4072 ac-

289 4120 400 4204 cipitur
425 4119 563 4184 absolute
584 4126 677 4203 prout
694 4127 741 4182 est
761 4127 848 4182 actus
872 4117 1113 4181 substantialiter
1135 4117 1314 4202 completus,
1338 4120 1392 4184 sed

288 4231 410 4296 relative
426 4241 517 4316 prout
532 4239 578 4295 est
594 4230 723 4294 ulterius
738 4229 937 4314 complebilis,
947 4238 984 4293 ut
999 4251 1077 4314 saepe
1089 4229 1149 4294 iam
1163 4230 1391 4296 declaravimus.

332 4341 510 4424 Superessct
536 4351 752 4425 argumentum
781 4343 813 4406 S.
839 4342 963 4406 'l'homae
986 4365 1017 4425 p.
1039 4345 1067 4405 l.
1086 4364 1116 4426 q.
1138 4345 1190 4406 54.
1215 4365 1242 4406 a.
1264 4346 1306 4423 3,
1330 4367 1391 4429 quo
