3200 4975
294 322 360 389 832
686 345 729 387 nn
746 344 1001 390 sccrnsurrsus.
1257 326 1342 412 [car.
1360 346 1400 389 ιι.

295 510 360 575 haec
376 509 477 595 passio
494 509 650 575 evidenter
672 532 735 575 non
755 520 802 575 est
822 510 948 597 physica
964 533 1021 575 nec
1042 511 1205 577 intrinsece
1227 522 1347 597 recepta
1364 512 1398 575 in

293 622 422 699 obiecto,
438 622 492 687 sed
513 621 557 685 sic
575 621 741 686 extrinsece
762 621 968 703 denominata,
984 622 1030 687 vel
1050 622 1151 707 passio
1172 623 1291 708 logica:
1314 623 1398 687 unde

294 734 386 799 etiam
412 744 499 799 actus
517 736 641 818 physice
664 736 832 813 immanens,
847 733 945 819 logice
968 757 1022 798 seu
1044 734 1191 799 obiective
1214 734 1273 799 dici
1295 743 1397 819 potest

290 849 447 911 traciae.
491 845 597 922 Quum
615 868 689 931 ergo
710 854 797 911 actus
819 845 990 911 immanens
1007 868 1070 911 non
1092 846 1211 911 dicatur
1230 846 1309 911 actio
1331 846 1398 931 ipsa

293 956 505 1042 intelligibilis,
529 980 597 1043 quar
618 958 768 1044 imprimit
790 958 931 1043 speciem,
959 958 1013 1023 sed
1040 967 1127 1023 actus
1156 959 1277 1023 virtutis
1306 958 1396 1023 intel-

293 1070 418 1148 lectivae,
441 1091 510 1154 quae
531 1068 648 1133 nullam
671 1091 781 1133 novam
807 1069 1037 1155 impressionem
1062 1070 1204 1154 producit
1227 1071 1260 1133 in
1283 1069 1396 1134 intelli-

292 1190 393 1267 gente,
406 1180 554 1267 sequitur,
565 1189 667 1245 actum
682 1181 766 1246 hunc
776 1181 996 1246 immanentem
1011 1202 1074 1245 non
1086 1204 1208 1245 causare
1222 1181 1395 1265 passionem

292 1295 507 1358 immutantem
522 1293 685 1358 intrinsece
705 1292 898 1359 subiectum:
922 1302 953 1357 et
966 1293 1036 1358 ideo
1050 1293 1141 1357 etiarn
1162 1293 1273 1359 dicitur
1293 1296 1395 1379 potius

292 1416 377 1471 octar
396 1429 489 1492 quam
503 1408 591 1485 actio,
606 1405 679 1490 qnia
701 1405 727 1469 si
741 1405 892 1469 diceretur
911 1405 1000 1486 actio,
1017 1416 1194 1471 connotaret
1212 1405 1393 1492 passionem.

293 1518 440 1582 Similiter
462 1516 651 1602 loquendum
676 1525 723 1581 est
749 1516 787 1579 de
809 1526 880 1580 actu
903 1517 1090 1581 immanente
1112 1517 1298 1603 appetitivo:
1321 1541 1393 1581 nam

290 1630 392 1715 passio
406 1630 439 1693 in
461 1629 573 1693 affectu
591 1627 779 1713 imprimitur
793 1627 832 1691 ab
854 1628 921 1713 ipso
936 1627 1053 1693 obiecto
1068 1629 1201 1713 cognito,
1217 1638 1303 1694 actus
1323 1652 1393 1694 vero

291 1741 408 1827 primus
430 1740 614 1825 appetitivus
638 1739 821 1803 terminatur
842 1761 905 1803 non
928 1740 1051 1829 praecise
1069 1740 1108 1805 ad
1129 1741 1270 1806 affectum
1291 1751 1327 1805 ut
1346 1752 1393 1807 est

290 1853 406 1938 aliquid
428 1851 566 1931 subiecti,
582 1851 634 1915 sed
657 1850 696 1915 ad
718 1850 871 1915 obiectum
892 1859 928 1915 ut
951 1874 1075 1916 movens
1095 1852 1249 1917 affectum.
1295 1855 1394 1919 Actus

289 1986 369 2043 vero,
392 1985 454 2048 quo
476 1963 544 2048 quis
565 1962 675 2027 deinde
697 1962 825 2048 quiescit
847 1962 881 2025 in
904 1984 959 2026 suo
982 1971 1065 2027 statu
1087 1963 1234 2044 affectivo,
1260 1987 1321 2029 non
1345 1974 1392 2030 est

288 2098 367 2139 nova
389 2075 477 2152 actio,
494 2072 547 2137 sed
569 2082 616 2137 est
635 2074 722 2159 quies
741 2074 775 2137 in
796 2096 832 2139 eo
850 2082 920 2139 actu
938 2074 1021 2159 quod
1039 2074 1098 2139 sibi
1119 2076 1260 2140 convenit
1270 2102 1280 2155 3
1303 2077 1393 2142 etsie

289 2186 375 2251 nulla
397 2185 496 2271 passio
521 2185 655 2249 exoritur
676 2184 841 2249 intrinseca
865 2184 1011 2251 subiecto.
1056 2186 1154 2251 Actus
1179 2188 1304 2252 tandem
1334 2190 1391 2253 irn-

288 2296 384 2384 perati
399 2297 612 2376 immanentes,
624 2296 678 2381 qui
694 2305 768 2361 sunt
783 2296 913 2361 attentio
927 2305 958 2361 et
975 2297 1103 2377 reflexio,
1114 2307 1149 2361 ut
1164 2298 1236 2364 alibi
1249 2300 1391 2379 diximus,

288 2432 383 2497 quum
414 2417 445 2473 et
473 2407 533 2494 ipsi
557 2408 633 2472 fiant
662 2407 729 2471 sine
757 2430 836 2471 nova
866 2408 1035 2493 specierum
1064 2410 1245 2496 receptione,
1272 2411 1391 2475 nullam

287 2523 483 2588 intrinsecam
498 2520 670 2606 passionem
685 2521 850 2604 importare
865 2530 1002 2606 possunt.

331 2635 407 2699 Haec
415 2642 517 2697 autem
526 2640 657 2717 possunt
665 2632 757 2696 etiam
767 2631 907 2716 explicari
917 2655 971 2717 per
981 2633 1143 2718 quamdam
1156 2634 1389 2700 similitudinem

285 2769 322 2810 ex
336 2754 423 2808 motu
435 2744 568 2808 materiae
582 2765 637 2827 per
650 2742 760 2807 locum.
807 2742 939 2819 Quando
953 2745 1035 2808 enim
1052 2746 1186 2826 materia,
1196 2757 1316 2831 recepta
1330 2748 1388 2812 im-

285 2855 441 2940 pressione
456 2855 495 2918 ab
507 2863 626 2938 agente,
639 2854 696 2918 sibi
717 2833 908 2939 relinquitur·
917 2859 979 2920 aas
993 2879 1067 2922 noco
1085 2860 1281 2942 impressione,
1296 2860 1389 2924 habet

285 2975 403 3030 motum
427 2967 620 3044 uniformem,
642 2988 703 3050 quo
718 2988 779 3029 non
803 2976 942 3032 mutatur
956 2967 1129 3048 intrinsece,
1146 2971 1201 3034 sed
1222 2973 1388 3037 extrinsece

284 3087 416 3157 tantum,
432 3077 464 3142 id
485 3086 531 3142 est
545 3101 600 3162 per
616 3077 829 3141 habitudinem
852 3078 889 3143 ad
906 3080 983 3144 alia:
1006 3091 1109 3146 motus
1129 3092 1230 3146 autem
1251 3084 1302 3149 hic
1317 3085 1386 3149 uni-

283 3189 390 3253 formis
413 3211 484 3252 cum
510 3189 591 3253 dicta
620 3188 803 3267 conditione,
827 3189 934 3254 similis
960 3202 1006 3257 est
1032 3193 1114 3258 actui
1139 3195 1330 3276 immanenti,
1352 3197 1384 3261 in

283 3313 433 3387 quantum
458 3310 543 3366 actus
566 3301 770 3381 accidentalis,
786 3324 848 3386 quo
867 3305 993 3368 materia
1016 3306 1213 3370 constituitur
1234 3309 1266 3370 in
1288 3321 1383 3388 motu,

282 3413 375 3476 idest
391 3420 581 3476 momentum
597 3423 709 3491 motus,
720 3422 774 3477 aut
789 3413 941 3494 velocitas,
958 3439 1020 3479 non
1035 3417 1218 3482 terminatur
1232 3419 1271 3482 ad
1285 3420 1382 3504 ipsam

281 3524 439 3588 materiam
469 3532 503 3586 ut
526 3533 573 3587 est
602 3546 673 3607 pars
698 3523 829 3604 mobilis,
859 3526 912 3589 sed
938 3526 977 3590 ad
1005 3529 1056 3591 uti
1084 3528 1321 3595 determinatum
1345 3532 1383 3596 ab

281 3635 398 3700 obiecto
422 3643 570 3729 movente,
586 3659 604 3698 a
622 3658 682 3720 quo
702 3637 811 3720 accipit
834 3637 1029 3702 directionem
1046 3651 1164 3704 motus:
1189 3664 1249 3726 quo
1272 3644 1381 3728 posito,

280 3758 423 3812 manente
436 3746 510 3822 licet
521 3746 648 3811 materia
663 3747 728 3810 sine
742 3747 907 3811 intrinseca
921 3751 1100 3830 mutatione,
1116 3760 1200 3815 actus
1215 3753 1383 3819 ubicativos

280 3860 412 3924 diversos
426 3857 550 3922 habebit
564 3859 596 3921 in
612 3881 668 3922 suo
684 3870 788 3923 motu:
813 3860 944 3924 diximus
959 3869 1062 3925 autem
1078 3885 1178 3948 supra,
1195 3863 1383 3930 ubicationes

280 3971 390 4036 locales
404 3980 435 4036 et
449 3970 668 4035 intellectuales
683 3993 748 4034 esse
769 3971 934 4056 analogas;
958 3982 988 4038 et
1004 3975 1047 4038 sic
1062 3998 1097 4038 ex
1119 3974 1180 4040 illis
1195 3976 1234 4040 ad
1249 3977 1380 4042 hasnon

278 4092 324 4145 est
340 4081 468 4145 difficilis
483 4082 638 4144 transitus.
685 4081 746 4144 Sed
760 4082 825 4146 haec
840 4081 996 4171 hactenus.
