<?xml version="1.0" encoding="UTF-8"?>
<!DOCTYPE html PUBLIC "-//W3C//DTD XHTML 1.0 Transitional//EN"
    "http://www.w3.org/TR/xhtml1/DTD/xhtml1-transitional.dtd">
<html xmlns="http://www.w3.org/1999/xhtml" xml:lang="en" lang="en">
 <head>
  <title>
</title>
<meta http-equiv="Content-Type" content="text/html;charset=utf-8" />
  <meta name='ocr-system' content='tesseract 3.04.00' />
  <meta name='ocr-capabilities' content='ocr_page ocr_carea ocr_par ocr_line ocrx_word'/>
</head>
<body>
  <div class='ocr_page' id='page_1' title='image "./realisphilosoph02baymgoog_0227.png"; bbox 0 0 3200 4975; ppageno 0'>
   <div class='ocr_carea' id='block_1_1' title="bbox 230 333 1335 419">
    <p class='ocr_par' dir='ltr' id='par_1_1' title="bbox 230 333 1335 419">
     <span class='ocr_line' id='line_1_1' title="bbox 230 333 1335 419; baseline 0.001 -23"><span class='ocrx_word' id='word_1_1' title='bbox 230 355 303 398; x_wconf 79' lang='lat' dir='ltr'>cnr.</span> <span class='ocrx_word' id='word_1_2' title='bbox 323 333 380 419; x_wconf 76' lang='lat' dir='ltr'>in]</span> <span class='ocrx_word' id='word_1_3' title='bbox 685 357 728 401; x_wconf 86' lang='lat' dir='ltr'>nn</span> <span class='ocrx_word' id='word_1_4' title='bbox 746 356 893 403; x_wconf 76' lang='lat' dir='ltr'>nonius.</span> <span class='ocrx_word' id='word_1_5' title='bbox 1271 333 1335 398; x_wconf 80' lang='lat'>213</span> 
     </span>
    </p>
   </div>
   <div class='ocr_carea' id='block_1_2' title="bbox 227 519 1385 4400">
    <p class='ocr_par' dir='ltr' id='par_1_2' title="bbox 229 519 1335 830">
     <span class='ocr_line' id='line_1_2' title="bbox 230 519 1335 609; baseline -0.001 -25"><span class='ocrx_word' id='word_1_6' title='bbox 230 521 398 585; x_wconf 90' lang='lat' dir='ltr'>secundum</span> <span class='ocrx_word' id='word_1_7' title='bbox 419 521 567 586; x_wconf 88' lang='lat' dir='ltr'>diversam</span> <span class='ocrx_word' id='word_1_8' title='bbox 590 522 807 607; x_wconf 81' lang='lat' dir='ltr'>aptitudinem,</span> <span class='ocrx_word' id='word_1_9' title='bbox 826 546 919 609; x_wconf 90' lang='lat' dir='ltr'>quam</span> <span class='ocrx_word' id='word_1_10' title='bbox 938 523 1052 587; x_wconf 90' lang='lat' dir='ltr'>habent</span> <span class='ocrx_word' id='word_1_11' title='bbox 1075 523 1141 608; x_wconf 89' lang='lat' dir='ltr'>ipsa</span> <span class='ocrx_word' id='word_1_12' title='bbox 1163 543 1277 605; x_wconf 87' lang='lat' dir='ltr'>organa</span> <span class='ocrx_word' id='word_1_13' title='bbox 1296 519 1335 584; x_wconf 89' lang='lat' dir='ltr'>ad</span> 
     </span>
     <span class='ocr_line' id='line_1_3' title="bbox 229 632 1335 720; baseline -0.001 -24"><span class='ocrx_word' id='word_1_14' title='bbox 229 633 418 718; x_wconf 89' lang='lat' dir='ltr'>recipiendos</span> <span class='ocrx_word' id='word_1_15' title='bbox 434 633 590 698; x_wconf 80' lang='lat' dir='ltr'>sensibiles</span> <span class='ocrx_word' id='word_1_16' title='bbox 606 641 708 698; x_wconf 91' lang='lat' dir='ltr'>motus</span> <span class='ocrx_word' id='word_1_17' title='bbox 723 634 761 698; x_wconf 92' lang='lat' dir='ltr'>ab</span> <span class='ocrx_word' id='word_1_18' title='bbox 776 635 944 699; x_wconf 81' lang='lat' dir='ltr'>extrinseco</span> <span class='ocrx_word' id='word_1_19' title='bbox 959 634 1131 720; x_wconf 89' lang='lat' dir='ltr'>impressos,</span> <span class='ocrx_word' id='word_1_20' title='bbox 1145 641 1175 698; x_wconf 89' lang='lat' dir='ltr'>et</span> <span class='ocrx_word' id='word_1_21' title='bbox 1190 632 1335 697; x_wconf 88' lang='lat' dir='ltr'>dicuntur</span> 
     </span>
     <span class='ocr_line' id='line_1_4' title="bbox 229 744 864 830; baseline 0.003 -22"><span class='ocrx_word' id='word_1_22' title='bbox 229 747 317 824; x_wconf 69' lang='lat' dir='ltr'>ursus,</span> <span class='ocrx_word' id='word_1_23' title='bbox 332 745 460 824; x_wconf 79' lang='lat' dir='ltr'>nuditus,</span> <span class='ocrx_word' id='word_1_24' title='bbox 477 744 612 829; x_wconf 79' lang='lat' dir='ltr'>olfactus,</span> <span class='ocrx_word' id='word_1_25' title='bbox 623 754 740 830; x_wconf 73' lang='lat' dir='ltr'>pastas,</span> <span class='ocrx_word' id='word_1_26' title='bbox 756 754 864 810; x_wconf 79' lang='lat' dir='ltr'>tactus.</span> 
     </span>
    </p>

    <p class='ocr_par' dir='ltr' id='par_1_3' title="bbox 228 852 1334 2170">
     <span class='ocr_line' id='line_1_5' title="bbox 274 852 1334 943; baseline -0.003 -22"><span class='ocrx_word' id='word_1_27' title='bbox 274 855 435 941; x_wconf 89' lang='lat' dir='ltr'>Orgauum</span> <span class='ocrx_word' id='word_1_28' title='bbox 446 857 529 921; x_wconf 88' lang='lat' dir='ltr'>visus</span> <span class='ocrx_word' id='word_1_29' title='bbox 545 865 618 921; x_wconf 89' lang='lat' dir='ltr'>sunt</span> <span class='ocrx_word' id='word_1_30' title='bbox 632 857 723 937; x_wconf 88' lang='lat' dir='ltr'>oculi,</span> <span class='ocrx_word' id='word_1_31' title='bbox 736 879 867 942; x_wconf 86' lang='lat' dir='ltr'>quorum</span> <span class='ocrx_word' id='word_1_32' title='bbox 879 856 1019 943; x_wconf 91' lang='lat' dir='ltr'>aptitudo</span> <span class='ocrx_word' id='word_1_33' title='bbox 1034 865 1081 920; x_wconf 92' lang='lat' dir='ltr'>est</span> <span class='ocrx_word' id='word_1_34' title='bbox 1092 855 1132 920; x_wconf 90' lang='lat' dir='ltr'>ad</span> <span class='ocrx_word' id='word_1_35' title='bbox 1146 852 1334 940; x_wconf 87' lang='lat' dir='ltr'>recipiendos</span> 
     </span>
     <span class='ocr_line' id='line_1_6' title="bbox 230 968 1334 1053; baseline -0.002 -21"><span class='ocrx_word' id='word_1_36' title='bbox 230 968 387 1032; x_wconf 76' lang='lat' dir='ltr'>sensibiles</span> <span class='ocrx_word' id='word_1_37' title='bbox 410 976 513 1033; x_wconf 87' lang='lat' dir='ltr'>motus</span> <span class='ocrx_word' id='word_1_38' title='bbox 530 969 569 1033; x_wconf 90' lang='lat' dir='ltr'>ab</span> <span class='ocrx_word' id='word_1_39' title='bbox 592 970 704 1034; x_wconf 87' lang='lat' dir='ltr'>aethere</span> <span class='ocrx_word' id='word_1_40' title='bbox 723 969 887 1034; x_wconf 91' lang='lat' dir='ltr'>luminoso.</span> <span class='ocrx_word' id='word_1_41' title='bbox 933 968 1094 1053; x_wconf 89' lang='lat' dir='ltr'>Organum</span> <span class='ocrx_word' id='word_1_42' title='bbox 1114 968 1238 1032; x_wconf 90' lang='lat' dir='ltr'>auditus</span> <span class='ocrx_word' id='word_1_43' title='bbox 1260 973 1334 1031; x_wconf 91' lang='lat' dir='ltr'>sunt</span> 
     </span>
     <span class='ocr_line' id='line_1_7' title="bbox 230 1077 1333 1166; baseline 0.001 -25"><span class='ocrx_word' id='word_1_44' title='bbox 230 1089 327 1156; x_wconf 88' lang='lat' dir='ltr'>aures,</span> <span class='ocrx_word' id='word_1_45' title='bbox 343 1102 474 1164; x_wconf 90' lang='lat' dir='ltr'>quarum</span> <span class='ocrx_word' id='word_1_46' title='bbox 497 1081 637 1166; x_wconf 87' lang='lat' dir='ltr'>aptitudo</span> <span class='ocrx_word' id='word_1_47' title='bbox 656 1089 703 1145; x_wconf 90' lang='lat' dir='ltr'>est</span> <span class='ocrx_word' id='word_1_48' title='bbox 722 1080 762 1145; x_wconf 92' lang='lat' dir='ltr'>ad</span> <span class='ocrx_word' id='word_1_49' title='bbox 784 1080 973 1166; x_wconf 89' lang='lat' dir='ltr'>recipiendos</span> <span class='ocrx_word' id='word_1_50' title='bbox 993 1089 1097 1144; x_wconf 88' lang='lat' dir='ltr'>motus</span> <span class='ocrx_word' id='word_1_51' title='bbox 1119 1078 1275 1144; x_wconf 89' lang='lat' dir='ltr'>sensibiles</span> <span class='ocrx_word' id='word_1_52' title='bbox 1295 1077 1333 1142; x_wconf 86' lang='lat' dir='ltr'>ab</span> 
     </span>
     <span class='ocr_line' id='line_1_8' title="bbox 229 1188 1334 1278; baseline 0.001 -25"><span class='ocrx_word' id='word_1_53' title='bbox 229 1194 307 1254; x_wconf 73' lang='lat' dir='ltr'>adra.</span> <span class='ocrx_word' id='word_1_54' title='bbox 353 1189 513 1276; x_wconf 90' lang='lat' dir='ltr'>Organum</span> <span class='ocrx_word' id='word_1_55' title='bbox 535 1191 664 1257; x_wconf 85' lang='lat' dir='ltr'>olfactus</span> <span class='ocrx_word' id='word_1_56' title='bbox 686 1201 760 1256; x_wconf 89' lang='lat' dir='ltr'>sunt</span> <span class='ocrx_word' id='word_1_57' title='bbox 786 1215 884 1271; x_wconf 90' lang='lat' dir='ltr'>nares,</span> <span class='ocrx_word' id='word_1_58' title='bbox 908 1215 1038 1278; x_wconf 91' lang='lat' dir='ltr'>quarum</span> <span class='ocrx_word' id='word_1_59' title='bbox 1063 1191 1202 1276; x_wconf 89' lang='lat' dir='ltr'>aptitudo</span> <span class='ocrx_word' id='word_1_60' title='bbox 1222 1199 1269 1255; x_wconf 92' lang='lat' dir='ltr'>est</span> <span class='ocrx_word' id='word_1_61' title='bbox 1294 1188 1334 1253; x_wconf 87' lang='lat' dir='ltr'>ad</span> 
     </span>
     <span class='ocr_line' id='line_1_9' title="bbox 229 1301 1332 1390; baseline 0 -26"><span class='ocrx_word' id='word_1_62' title='bbox 229 1301 416 1387; x_wconf 89' lang='lat' dir='ltr'>recipiendos</span> <span class='ocrx_word' id='word_1_63' title='bbox 438 1312 542 1367; x_wconf 90' lang='lat' dir='ltr'>motus</span> <span class='ocrx_word' id='word_1_64' title='bbox 557 1303 714 1368; x_wconf 89' lang='lat' dir='ltr'>sensibiles</span> <span class='ocrx_word' id='word_1_65' title='bbox 732 1327 751 1368; x_wconf 93' lang='lat' dir='ltr'>a</span> <span class='ocrx_word' id='word_1_66' title='bbox 773 1303 930 1389; x_wconf 82' lang='lat' dir='ltr'>particulis</span> <span class='ocrx_word' id='word_1_67' title='bbox 951 1303 1135 1390; x_wconf 89' lang='lat' dir='ltr'>quibusdam</span> <span class='ocrx_word' id='word_1_68' title='bbox 1150 1301 1332 1380; x_wconf 80' lang='lat' dir='ltr'>volatilibus,</span> 
     </span>
     <span class='ocr_line' id='line_1_10' title="bbox 230 1413 1332 1500; baseline 0.001 -23"><span class='ocrx_word' id='word_1_69' title='bbox 230 1435 297 1498; x_wconf 88' lang='lat' dir='ltr'>quae</span> <span class='ocrx_word' id='word_1_70' title='bbox 315 1413 460 1478; x_wconf 91' lang='lat' dir='ltr'>dicuntur</span> <span class='ocrx_word' id='word_1_71' title='bbox 474 1425 575 1500; x_wconf 88' lang='lat' dir='ltr'>partes</span> <span class='ocrx_word' id='word_1_72' title='bbox 597 1415 770 1480; x_wconf 89' lang='lat' dir='ltr'>odorantes.</span> <span class='ocrx_word' id='word_1_73' title='bbox 816 1415 978 1500; x_wconf 88' lang='lat' dir='ltr'>Organum</span> <span class='ocrx_word' id='word_1_74' title='bbox 1001 1423 1110 1500; x_wconf 88' lang='lat' dir='ltr'>gustus</span> <span class='ocrx_word' id='word_1_75' title='bbox 1126 1423 1198 1478; x_wconf 90' lang='lat' dir='ltr'>sunt</span> <span class='ocrx_word' id='word_1_76' title='bbox 1217 1414 1332 1497; x_wconf 83' lang='lat' dir='ltr'>lingua,</span> 
     </span>
     <span class='ocr_line' id='line_1_11' title="bbox 229 1525 1332 1612; baseline -0.001 -23"><span class='ocrx_word' id='word_1_77' title='bbox 229 1526 375 1610; x_wconf 90' lang='lat' dir='ltr'>palatum,</span> <span class='ocrx_word' id='word_1_78' title='bbox 390 1526 473 1611; x_wconf 89' lang='lat' dir='ltr'>gula,</span> <span class='ocrx_word' id='word_1_79' title='bbox 489 1550 620 1612; x_wconf 89' lang='lat' dir='ltr'>quorum</span> <span class='ocrx_word' id='word_1_80' title='bbox 635 1527 776 1611; x_wconf 91' lang='lat' dir='ltr'>aptitudo</span> <span class='ocrx_word' id='word_1_81' title='bbox 798 1535 846 1592; x_wconf 91' lang='lat' dir='ltr'>est</span> <span class='ocrx_word' id='word_1_82' title='bbox 861 1526 901 1591; x_wconf 90' lang='lat' dir='ltr'>ad</span> <span class='ocrx_word' id='word_1_83' title='bbox 915 1527 1105 1611; x_wconf 78' lang='lat' dir='ltr'>recipiendos</span> <span class='ocrx_word' id='word_1_84' title='bbox 1119 1533 1222 1590; x_wconf 86' lang='lat' dir='ltr'>motus</span> <span class='ocrx_word' id='word_1_85' title='bbox 1238 1525 1332 1590; x_wconf 90' lang='lat' dir='ltr'>sensi·</span> 
     </span>
     <span class='ocr_line' id='line_1_12' title="bbox 229 1636 1333 1723; baseline 0 -23"><span class='ocrx_word' id='word_1_86' title='bbox 229 1636 304 1701; x_wconf 90' lang='lat' dir='ltr'>biles</span> <span class='ocrx_word' id='word_1_87' title='bbox 326 1661 345 1701; x_wconf 86' lang='lat' dir='ltr'>a</span> <span class='ocrx_word' id='word_1_88' title='bbox 365 1639 541 1723; x_wconf 84' lang='lat' dir='ltr'>corporibus</span> <span class='ocrx_word' id='word_1_89' title='bbox 567 1647 603 1703; x_wconf 91' lang='lat' dir='ltr'>ut</span> <span class='ocrx_word' id='word_1_90' title='bbox 627 1638 666 1702; x_wconf 89' lang='lat' dir='ltr'>ad</span> <span class='ocrx_word' id='word_1_91' title='bbox 689 1638 890 1703; x_wconf 88' lang='lat' dir='ltr'>nutritionem</span> <span class='ocrx_word' id='word_1_92' title='bbox 913 1638 1125 1702; x_wconf 83' lang='lat' dir='ltr'>rescribilibus.</span> <span class='ocrx_word' id='word_1_93' title='bbox 1171 1637 1333 1722; x_wconf 89' lang='lat' dir='ltr'>Organum</span> 
     </span>
     <span class='ocr_line' id='line_1_13' title="bbox 229 1748 1334 1836; baseline -0.001 -24"><span class='ocrx_word' id='word_1_94' title='bbox 229 1756 329 1813; x_wconf 87' lang='lat' dir='ltr'>tactus</span> <span class='ocrx_word' id='word_1_95' title='bbox 348 1759 394 1814; x_wconf 86' lang='lat' dir='ltr'>cst</span> <span class='ocrx_word' id='word_1_96' title='bbox 417 1750 449 1814; x_wconf 88' lang='lat' dir='ltr'>in</span> <span class='ocrx_word' id='word_1_97' title='bbox 468 1758 534 1814; x_wconf 90' lang='lat' dir='ltr'>toto</span> <span class='ocrx_word' id='word_1_98' title='bbox 552 1773 675 1836; x_wconf 91' lang='lat' dir='ltr'>corpore</span> <span class='ocrx_word' id='word_1_99' title='bbox 698 1749 838 1829; x_wconf 85' lang='lat' dir='ltr'>diffusus,</span> <span class='ocrx_word' id='word_1_100' title='bbox 854 1750 960 1814; x_wconf 89' lang='lat' dir='ltr'>saltem</span> <span class='ocrx_word' id='word_1_101' title='bbox 984 1750 1098 1813; x_wconf 91' lang='lat' dir='ltr'>ineius</span> <span class='ocrx_word' id='word_1_102' title='bbox 1119 1748 1287 1834; x_wconf 88' lang='lat' dir='ltr'>superficie,</span> <span class='ocrx_word' id='word_1_103' title='bbox 1302 1755 1334 1812; x_wconf 91' lang='lat' dir='ltr'>et</span> 
     </span>
     <span class='ocr_line' id='line_1_14' title="bbox 230 1859 1333 1948; baseline -0.001 -24"><span class='ocrx_word' id='word_1_104' title='bbox 230 1861 304 1925; x_wconf 91' lang='lat' dir='ltr'>dicit</span> <span class='ocrx_word' id='word_1_105' title='bbox 315 1862 517 1947; x_wconf 84' lang='lat' dir='ltr'>aptitudinem</span> <span class='ocrx_word' id='word_1_106' title='bbox 534 1863 573 1927; x_wconf 91' lang='lat' dir='ltr'>ad</span> <span class='ocrx_word' id='word_1_107' title='bbox 588 1861 776 1948; x_wconf 90' lang='lat' dir='ltr'>recipiendos</span> <span class='ocrx_word' id='word_1_108' title='bbox 787 1871 890 1926; x_wconf 92' lang='lat' dir='ltr'>motus</span> <span class='ocrx_word' id='word_1_109' title='bbox 906 1861 1062 1926; x_wconf 83' lang='lat' dir='ltr'>sensibiles</span> <span class='ocrx_word' id='word_1_110' title='bbox 1077 1859 1283 1946; x_wconf 88' lang='lat' dir='ltr'>acorporibus</span> <span class='ocrx_word' id='word_1_111' title='bbox 1298 1867 1333 1923; x_wconf 89' lang='lat' dir='ltr'>ut</span> 
     </span>
     <span class='ocr_line' id='line_1_15' title="bbox 228 1972 1331 2058; baseline -0.001 -22"><span class='ocrx_word' id='word_1_112' title='bbox 228 1972 439 2038; x_wconf 86' lang='lat' dir='ltr'>resistentibus</span> <span class='ocrx_word' id='word_1_113' title='bbox 454 1974 640 2058; x_wconf 72' lang='lat' dir='ltr'>praesertim,</span> <span class='ocrx_word' id='word_1_114' title='bbox 667 1983 810 2039; x_wconf 88' lang='lat' dir='ltr'>caeterum</span> <span class='ocrx_word' id='word_1_115' title='bbox 827 1974 865 2038; x_wconf 91' lang='lat' dir='ltr'>ad</span> <span class='ocrx_word' id='word_1_116' title='bbox 881 1981 997 2038; x_wconf 91' lang='lat' dir='ltr'>tactum</span> <span class='ocrx_word' id='word_1_117' title='bbox 1012 1973 1105 2038; x_wconf 90' lang='lat' dir='ltr'>etiam</span> <span class='ocrx_word' id='word_1_118' title='bbox 1120 1972 1249 2037; x_wconf 89' lang='lat' dir='ltr'>refertur</span> <span class='ocrx_word' id='word_1_119' title='bbox 1264 1993 1331 2036; x_wconf 90' lang='lat' dir='ltr'>sen-</span> 
     </span>
     <span class='ocr_line' id='line_1_16' title="bbox 230 2083 1310 2170; baseline -0.001 -22"><span class='ocrx_word' id='word_1_120' title='bbox 230 2085 307 2148; x_wconf 90' lang='lat' dir='ltr'>satio</span> <span class='ocrx_word' id='word_1_121' title='bbox 321 2085 410 2150; x_wconf 89' lang='lat' dir='ltr'>calidi</span> <span class='ocrx_word' id='word_1_122' title='bbox 425 2095 455 2150; x_wconf 93' lang='lat' dir='ltr'>et</span> <span class='ocrx_word' id='word_1_123' title='bbox 470 2086 585 2170; x_wconf 84' lang='lat' dir='ltr'>frigidi,</span> <span class='ocrx_word' id='word_1_124' title='bbox 601 2095 632 2150; x_wconf 92' lang='lat' dir='ltr'>et</span> <span class='ocrx_word' id='word_1_125' title='bbox 647 2086 775 2150; x_wconf 89' lang='lat' dir='ltr'>aliorum</span> <span class='ocrx_word' id='word_1_126' title='bbox 791 2085 1006 2170; x_wconf 90' lang='lat' dir='ltr'>quorumdam,</span> <span class='ocrx_word' id='word_1_127' title='bbox 1021 2093 1057 2149; x_wconf 90' lang='lat' dir='ltr'>ut</span> <span class='ocrx_word' id='word_1_128' title='bbox 1071 2084 1151 2148; x_wconf 89' lang='lat' dir='ltr'>infra</span> <span class='ocrx_word' id='word_1_129' title='bbox 1165 2083 1310 2148; x_wconf 87' lang='lat' dir='ltr'>dicemus.</span> 
     </span>
    </p>

    <p class='ocr_par' dir='ltr' id='par_1_4' title="bbox 227 2195 1385 4400">
     <span class='ocr_line' id='line_1_17' title="bbox 273 2195 1333 2281; baseline -0.001 -22"><span class='ocrx_word' id='word_1_130' title='bbox 273 2196 453 2261; x_wconf 90' lang='lat' dir='ltr'>Notandum</span> <span class='ocrx_word' id='word_1_131' title='bbox 478 2206 525 2262; x_wconf 89' lang='lat' dir='ltr'>est</span> <span class='ocrx_word' id='word_1_132' title='bbox 550 2197 611 2279; x_wconf 90' lang='lat' dir='ltr'>hic,</span> <span class='ocrx_word' id='word_1_133' title='bbox 637 2219 744 2262; x_wconf 90' lang='lat' dir='ltr'>omnes</span> <span class='ocrx_word' id='word_1_134' title='bbox 769 2197 845 2261; x_wconf 91' lang='lat' dir='ltr'>istos</span> <span class='ocrx_word' id='word_1_135' title='bbox 870 2205 983 2277; x_wconf 92' lang='lat' dir='ltr'>motus,</span> <span class='ocrx_word' id='word_1_136' title='bbox 1007 2197 1060 2281; x_wconf 96' lang='lat' dir='ltr'>qui</span> <span class='ocrx_word' id='word_1_137' title='bbox 1086 2196 1276 2281; x_wconf 86' lang='lat' dir='ltr'>recipiuntur</span> <span class='ocrx_word' id='word_1_138' title='bbox 1300 2195 1333 2258; x_wconf 92' lang='lat' dir='ltr'>in</span> 
     </span>
     <span class='ocr_line' id='line_1_18' title="bbox 229 2307 1332 2392; baseline 0 -21"><span class='ocrx_word' id='word_1_139' title='bbox 229 2307 351 2392; x_wconf 84' lang='lat' dir='ltr'>organis</span> <span class='ocrx_word' id='word_1_140' title='bbox 367 2331 522 2389; x_wconf 91' lang='lat' dir='ltr'>sensuum,</span> <span class='ocrx_word' id='word_1_141' title='bbox 538 2332 603 2374; x_wconf 90' lang='lat' dir='ltr'>esse</span> <span class='ocrx_word' id='word_1_142' title='bbox 619 2308 808 2388; x_wconf 89' lang='lat' dir='ltr'>vibratorios,</span> <span class='ocrx_word' id='word_1_143' title='bbox 823 2317 854 2373; x_wconf 94' lang='lat' dir='ltr'>et</span> <span class='ocrx_word' id='word_1_144' title='bbox 872 2331 976 2373; x_wconf 90' lang='lat' dir='ltr'>eorum</span> <span class='ocrx_word' id='word_1_145' title='bbox 992 2308 1140 2372; x_wconf 90' lang='lat' dir='ltr'>rationem</span> <span class='ocrx_word' id='word_1_146' title='bbox 1156 2330 1221 2372; x_wconf 89' lang='lat' dir='ltr'>esse</span> <span class='ocrx_word' id='word_1_147' title='bbox 1236 2307 1332 2372; x_wconf 92' lang='lat' dir='ltr'>diver·</span> 
     </span>
     <span class='ocr_line' id='line_1_19' title="bbox 229 2417 1334 2505; baseline 0 -23"><span class='ocrx_word' id='word_1_148' title='bbox 229 2441 294 2482; x_wconf 89' lang='lat' dir='ltr'>sam</span> <span class='ocrx_word' id='word_1_149' title='bbox 309 2441 365 2505; x_wconf 92' lang='lat' dir='ltr'>pro</span> <span class='ocrx_word' id='word_1_150' title='bbox 374 2419 498 2484; x_wconf 90' lang='lat' dir='ltr'>diversis</span> <span class='ocrx_word' id='word_1_151' title='bbox 507 2419 640 2505; x_wconf 88' lang='lat' dir='ltr'>organi.</span> <span class='ocrx_word' id='word_1_152' title='bbox 685 2419 822 2483; x_wconf 82' lang='lat' dir='ltr'>Auditus</span> <span class='ocrx_word' id='word_1_153' title='bbox 833 2419 1037 2484; x_wconf 90' lang='lat' dir='ltr'>communiter</span> <span class='ocrx_word' id='word_1_154' title='bbox 1046 2418 1139 2503; x_wconf 83' lang='lat' dir='ltr'>exigit</span> <span class='ocrx_word' id='word_1_155' title='bbox 1150 2417 1334 2483; x_wconf 87' lang='lat' dir='ltr'>vibrationes</span> 
     </span>
     <span class='ocr_line' id='line_1_20' title="bbox 229 2531 1334 2617; baseline 0 -22"><span class='ocrx_word' id='word_1_156' title='bbox 229 2533 305 2596; x_wconf 87' lang='lat' dir='ltr'>aeris</span> <span class='ocrx_word' id='word_1_157' title='bbox 325 2533 433 2597; x_wconf 89' lang='lat' dir='ltr'>saltem</span> <span class='ocrx_word' id='word_1_158' title='bbox 456 2533 532 2597; x_wconf 89' lang='lat' dir='ltr'>duas</span> <span class='ocrx_word' id='word_1_159' title='bbox 556 2541 587 2597; x_wconf 91' lang='lat' dir='ltr'>et</span> <span class='ocrx_word' id='word_1_160' title='bbox 610 2532 739 2617; x_wconf 87' lang='lat' dir='ltr'>triginta</span> <span class='ocrx_word' id='word_1_161' title='bbox 763 2532 795 2595; x_wconf 93' lang='lat' dir='ltr'>in</span> <span class='ocrx_word' id='word_1_162' title='bbox 820 2533 911 2597; x_wconf 89' lang='lat' dir='ltr'>unico</span> <span class='ocrx_word' id='word_1_163' title='bbox 932 2533 1052 2597; x_wconf 90' lang='lat' dir='ltr'>minuto</span> <span class='ocrx_word' id='word_1_164' title='bbox 1075 2531 1228 2610; x_wconf 69' lang='lat' dir='ltr'>secundo,</span> <span class='ocrx_word' id='word_1_165' title='bbox 1250 2540 1281 2595; x_wconf 95' lang='lat' dir='ltr'>et</span> <span class='ocrx_word' id='word_1_166' title='bbox 1307 2531 1334 2595; x_wconf 88' lang='lat' dir='ltr'>si</span> 
     </span>
     <span class='ocr_line' id='line_1_21' title="bbox 227 2642 1333 2728; baseline -0.001 -20"><span class='ocrx_word' id='word_1_167' title='bbox 227 2643 411 2708; x_wconf 82' lang='lat' dir='ltr'>vibrationes</span> <span class='ocrx_word' id='word_1_168' title='bbox 433 2644 509 2708; x_wconf 85' lang='lat' dir='ltr'>fiant</span> <span class='ocrx_word' id='word_1_169' title='bbox 535 2644 611 2708; x_wconf 89' lang='lat' dir='ltr'>adeo</span> <span class='ocrx_word' id='word_1_170' title='bbox 636 2642 812 2728; x_wconf 85' lang='lat' dir='ltr'>frequentes</span> <span class='ocrx_word' id='word_1_171' title='bbox 835 2652 872 2707; x_wconf 91' lang='lat' dir='ltr'>ut</span> <span class='ocrx_word' id='word_1_172' title='bbox 895 2644 934 2708; x_wconf 94' lang='lat' dir='ltr'>ad</span> <span class='ocrx_word' id='word_1_173' title='bbox 957 2651 1026 2708; x_wconf 88' lang='lat' dir='ltr'>octo</span> <span class='ocrx_word' id='word_1_174' title='bbox 1051 2643 1135 2708; x_wconf 91' lang='lat' dir='ltr'>mille</span> <span class='ocrx_word' id='word_1_175' title='bbox 1158 2644 1190 2707; x_wconf 93' lang='lat' dir='ltr'>in</span> <span class='ocrx_word' id='word_1_176' title='bbox 1213 2643 1333 2707; x_wconf 89' lang='lat' dir='ltr'>minuto</span> 
     </span>
     <span class='ocr_line' id='line_1_22' title="bbox 230 2754 1333 2841; baseline 0 -24"><span class='ocrx_word' id='word_1_177' title='bbox 230 2754 364 2819; x_wconf 91' lang='lat' dir='ltr'>secundo</span> <span class='ocrx_word' id='word_1_178' title='bbox 378 2755 566 2840; x_wconf 87' lang='lat' dir='ltr'>pertingant,</span> <span class='ocrx_word' id='word_1_179' title='bbox 583 2777 677 2818; x_wconf 81' lang='lat' dir='ltr'>sonus</span> <span class='ocrx_word' id='word_1_180' title='bbox 692 2755 745 2818; x_wconf 87' lang='lat' dir='ltr'>fiet</span> <span class='ocrx_word' id='word_1_181' title='bbox 759 2755 822 2818; x_wconf 82' lang='lat' dir='ltr'>fere</span> <span class='ocrx_word' id='word_1_182' title='bbox 835 2754 1093 2840; x_wconf 89' lang='lat' dir='ltr'>imperceptibilis.</span> <span class='ocrx_word' id='word_1_183' title='bbox 1139 2755 1333 2841; x_wconf 79' lang='lat' dir='ltr'>&#39;lympanum</span> 
     </span>
     <span class='ocr_line' id='line_1_23' title="bbox 228 2865 1385 2949; baseline 0.003 -21"><span class='ocrx_word' id='word_1_184' title='bbox 228 2865 325 2949; x_wconf 89' lang='lat' dir='ltr'>igitur</span> <span class='ocrx_word' id='word_1_185' title='bbox 338 2867 458 2931; x_wconf 91' lang='lat' dir='ltr'>aurium</span> <span class='ocrx_word' id='word_1_186' title='bbox 481 2875 528 2930; x_wconf 91' lang='lat' dir='ltr'>est</span> <span class='ocrx_word' id='word_1_187' title='bbox 542 2867 785 2931; x_wconf 88' lang='lat' dir='ltr'>instrumentum</span> <span class='ocrx_word' id='word_1_188' title='bbox 808 2866 1016 2931; x_wconf 84' lang='lat' dir='ltr'>sensibilitatis</span> <span class='ocrx_word' id='word_1_189' title='bbox 1031 2868 1112 2931; x_wconf 87' lang='lat' dir='ltr'>intra</span> <span class='ocrx_word' id='word_1_190' title='bbox 1134 2866 1201 2931; x_wconf 92' lang='lat' dir='ltr'>illos</span> <span class='ocrx_word' id='word_1_191' title='bbox 1216 2866 1334 2931; x_wconf 86' lang='lat' dir='ltr'>circiter</span> <span class='ocrx_word' id='word_1_192' title='bbox 1383 2945 1385 2949; x_wconf 23' lang='grc' dir='ltr'>Ι</span> 
     </span>
     <span class='ocr_line' id='line_1_24' title="bbox 227 2976 1332 3062; baseline -0.002 -21"><span class='ocrx_word' id='word_1_193' title='bbox 227 2977 341 3041; x_wconf 88' lang='lat' dir='ltr'>limites</span> <span class='ocrx_word' id='word_1_194' title='bbox 362 2986 492 3042; x_wconf 87' lang='lat' dir='ltr'>tantum.</span> <span class='ocrx_word' id='word_1_195' title='bbox 539 2977 656 3042; x_wconf 84' lang='lat' dir='ltr'>Contra</span> <span class='ocrx_word' id='word_1_196' title='bbox 671 2977 754 3041; x_wconf 93' lang='lat' dir='ltr'>visus</span> <span class='ocrx_word' id='word_1_197' title='bbox 777 2976 871 3062; x_wconf 84' lang='lat' dir='ltr'>exigit</span> <span class='ocrx_word' id='word_1_198' title='bbox 886 2976 1070 3042; x_wconf 85' lang='lat' dir='ltr'>vibrationes</span> <span class='ocrx_word' id='word_1_199' title='bbox 1092 2976 1212 3042; x_wconf 88' lang='lat' dir='ltr'>aetheris</span> <span class='ocrx_word' id='word_1_200' title='bbox 1233 2976 1332 3040; x_wconf 92' lang='lat' dir='ltr'>multo</span> 
     </span>
     <span class='ocr_line' id='line_1_25' title="bbox 227 3087 1330 3174; baseline -0.003 -21"><span class='ocrx_word' id='word_1_201' title='bbox 227 3089 456 3173; x_wconf 85' lang='lat' dir='ltr'>frequentiores,</span> <span class='ocrx_word' id='word_1_202' title='bbox 472 3112 564 3173; x_wconf 91' lang='lat' dir='ltr'>quam</span> <span class='ocrx_word' id='word_1_203' title='bbox 587 3111 655 3174; x_wconf 85' lang='lat' dir='ltr'>quae</span> <span class='ocrx_word' id='word_1_204' title='bbox 674 3089 754 3152; x_wconf 87' lang='lat' dir='ltr'>fiunt</span> <span class='ocrx_word' id='word_1_205' title='bbox 768 3089 802 3152; x_wconf 93' lang='lat' dir='ltr'>in</span> <span class='ocrx_word' id='word_1_206' title='bbox 824 3093 894 3153; x_wconf 67' lang='lat' dir='ltr'>abre</span> <span class='ocrx_word' id='word_1_207' title='bbox 916 3110 972 3173; x_wconf 90' lang='lat' dir='ltr'>pro</span> <span class='ocrx_word' id='word_1_208' title='bbox 987 3087 1171 3153; x_wconf 87' lang='lat' dir='ltr'>acutissimis</span> <span class='ocrx_word' id='word_1_209' title='bbox 1193 3088 1330 3151; x_wconf 91' lang='lat' dir='ltr'>omnium</span> 
     </span>
     <span class='ocr_line' id='line_1_26' title="bbox 229 3198 1333 3286; baseline -0.002 -22"><span class='ocrx_word' id='word_1_210' title='bbox 229 3222 383 3264; x_wconf 91' lang='lat' dir='ltr'>sonorum.</span> <span class='ocrx_word' id='word_1_211' title='bbox 428 3200 623 3265; x_wconf 79' lang='lat' dir='ltr'>vibrationes</span> <span class='ocrx_word' id='word_1_212' title='bbox 646 3201 729 3264; x_wconf 91' lang='lat' dir='ltr'>enim</span> <span class='ocrx_word' id='word_1_213' title='bbox 751 3200 921 3280; x_wconf 75' lang='lat' dir='ltr'>luminosa,</span> <span class='ocrx_word' id='word_1_214' title='bbox 945 3206 981 3264; x_wconf 93' lang='lat' dir='ltr'>ut</span> <span class='ocrx_word' id='word_1_215' title='bbox 1003 3222 1040 3263; x_wconf 85' lang='lat' dir='ltr'>ex</span> <span class='ocrx_word' id='word_1_216' title='bbox 1062 3199 1187 3286; x_wconf 88' lang='lat' dir='ltr'>physica</span> <span class='ocrx_word' id='word_1_217' title='bbox 1206 3198 1333 3278; x_wconf 91' lang='lat' dir='ltr'>eruitur,</span> 
     </span>
     <span class='ocr_line' id='line_1_27' title="bbox 229 3310 1334 3394; baseline -0.001 -19"><span class='ocrx_word' id='word_1_218' title='bbox 229 3312 353 3376; x_wconf 91' lang='lat' dir='ltr'>suntin</span> <span class='ocrx_word' id='word_1_219' title='bbox 374 3334 438 3376; x_wconf 92' lang='lat' dir='ltr'>uno</span> <span class='ocrx_word' id='word_1_220' title='bbox 458 3311 577 3375; x_wconf 90' lang='lat' dir='ltr'>minuto</span> <span class='ocrx_word' id='word_1_221' title='bbox 598 3311 732 3376; x_wconf 89' lang='lat' dir='ltr'>secundo</span> <span class='ocrx_word' id='word_1_222' title='bbox 752 3313 1125 3391; x_wconf 88' lang='lat'>600,000,000,000,000</span> <span class='ocrx_word' id='word_1_223' title='bbox 1146 3310 1264 3375; x_wconf 88' lang='lat' dir='ltr'>circiter</span> <span class='ocrx_word' id='word_1_224' title='bbox 1278 3332 1334 3394; x_wconf 92' lang='lat' dir='ltr'>pro</span> 
     </span>
     <span class='ocr_line' id='line_1_28' title="bbox 228 3421 1333 3508; baseline -0.002 -21"><span class='ocrx_word' id='word_1_225' title='bbox 228 3423 327 3487; x_wconf 89' lang='lat' dir='ltr'>colore</span> <span class='ocrx_word' id='word_1_226' title='bbox 351 3423 438 3503; x_wconf 86' lang='lat' dir='ltr'>flavo,</span> <span class='ocrx_word' id='word_1_227' title='bbox 464 3423 568 3506; x_wconf 91' lang='lat' dir='ltr'>paullo</span> <span class='ocrx_word' id='word_1_228' title='bbox 594 3422 697 3507; x_wconf 89' lang='lat' dir='ltr'>plures</span> <span class='ocrx_word' id='word_1_229' title='bbox 719 3444 775 3507; x_wconf 90' lang='lat' dir='ltr'>pro</span> <span class='ocrx_word' id='word_1_230' title='bbox 799 3422 941 3502; x_wconf 87' lang='lat' dir='ltr'>violaceo,</span> <span class='ocrx_word' id='word_1_231' title='bbox 967 3421 1071 3507; x_wconf 90' lang='lat' dir='ltr'>paullo</span> <span class='ocrx_word' id='word_1_232' title='bbox 1095 3422 1252 3508; x_wconf 89' lang='lat' dir='ltr'>pauciores</span> <span class='ocrx_word' id='word_1_233' title='bbox 1277 3443 1333 3506; x_wconf 92' lang='lat' dir='ltr'>pro</span> 
     </span>
     <span class='ocr_line' id='line_1_29' title="bbox 228 3533 1334 3619; baseline -0.002 -21"><span class='ocrx_word' id='word_1_234' title='bbox 228 3534 330 3599; x_wconf 87' lang='lat' dir='ltr'>rubro.</span> <span class='ocrx_word' id='word_1_235' title='bbox 377 3534 479 3619; x_wconf 90' lang='lat' dir='ltr'>Igitur</span> <span class='ocrx_word' id='word_1_236' title='bbox 498 3533 597 3598; x_wconf 88' lang='lat' dir='ltr'>retina</span> <span class='ocrx_word' id='word_1_237' title='bbox 623 3533 790 3612; x_wconf 88' lang='lat' dir='ltr'>oculorum,</span> <span class='ocrx_word' id='word_1_238' title='bbox 810 3534 842 3598; x_wconf 95' lang='lat' dir='ltr'>in</span> <span class='ocrx_word' id='word_1_239' title='bbox 865 3555 926 3618; x_wconf 91' lang='lat' dir='ltr'>qua</span> <span class='ocrx_word' id='word_1_240' title='bbox 947 3533 1135 3619; x_wconf 89' lang='lat' dir='ltr'>recipiuntur</span> <span class='ocrx_word' id='word_1_241' title='bbox 1157 3533 1334 3597; x_wconf 90' lang='lat' dir='ltr'>huiusmodi</span> 
     </span>
     <span class='ocr_line' id='line_1_30' title="bbox 228 3635 1333 3725; baseline -0.001 -15"><span class='ocrx_word' id='word_1_242' title='bbox 228 3635 423 3725; x_wconf 87' lang='lat' dir='ltr'>vibrationes,</span> <span class='ocrx_word' id='word_1_243' title='bbox 439 3653 486 3709; x_wconf 89' lang='lat' dir='ltr'>est</span> <span class='ocrx_word' id='word_1_244' title='bbox 499 3646 740 3709; x_wconf 89' lang='lat' dir='ltr'>instrumentum</span> <span class='ocrx_word' id='word_1_245' title='bbox 764 3645 973 3709; x_wconf 88' lang='lat' dir='ltr'>sensibilitatis</span> <span class='ocrx_word' id='word_1_246' title='bbox 988 3646 1066 3709; x_wconf 90' lang='lat' dir='ltr'>inter</span> <span class='ocrx_word' id='word_1_247' title='bbox 1080 3646 1193 3709; x_wconf 88' lang='lat' dir='ltr'>limites</span> <span class='ocrx_word' id='word_1_248' title='bbox 1207 3644 1333 3709; x_wconf 92' lang='lat' dir='ltr'>omnino</span> 
     </span>
     <span class='ocr_line' id='line_1_31' title="bbox 229 3756 1333 3843; baseline -0.002 -21"><span class='ocrx_word' id='word_1_249' title='bbox 229 3757 362 3822; x_wconf 81' lang='lat' dir='ltr'>diversos</span> <span class='ocrx_word' id='word_1_250' title='bbox 384 3780 402 3822; x_wconf 92' lang='lat' dir='ltr'>a</span> <span class='ocrx_word' id='word_1_251' title='bbox 423 3757 575 3821; x_wconf 90' lang='lat' dir='ltr'>limitibus</span> <span class='ocrx_word' id='word_1_252' title='bbox 597 3758 678 3821; x_wconf 89' lang='lat' dir='ltr'>intra</span> <span class='ocrx_word' id='word_1_253' title='bbox 701 3779 778 3841; x_wconf 88' lang='lat' dir='ltr'>quos</span> <span class='ocrx_word' id='word_1_254' title='bbox 796 3765 979 3843; x_wconf 90' lang='lat' dir='ltr'>tympanum</span> <span class='ocrx_word' id='word_1_255' title='bbox 1006 3757 1125 3821; x_wconf 89' lang='lat' dir='ltr'>aurium</span> <span class='ocrx_word' id='word_1_256' title='bbox 1150 3765 1196 3821; x_wconf 91' lang='lat' dir='ltr'>est</span> <span class='ocrx_word' id='word_1_257' title='bbox 1219 3756 1333 3821; x_wconf 89' lang='lat' dir='ltr'>instru-</span> 
     </span>
     <span class='ocr_line' id='line_1_32' title="bbox 228 3867 1332 3934; baseline -0.001 0"><span class='ocrx_word' id='word_1_258' title='bbox 228 3879 368 3934; x_wconf 90' lang='lat' dir='ltr'>mentum</span> <span class='ocrx_word' id='word_1_259' title='bbox 398 3867 532 3933; x_wconf 89' lang='lat' dir='ltr'>auditns.</span> <span class='ocrx_word' id='word_1_260' title='bbox 592 3869 705 3932; x_wconf 78' lang='lat' dir='ltr'>&#39;lactus</span> <span class='ocrx_word' id='word_1_261' title='bbox 735 3890 798 3931; x_wconf 91' lang='lat' dir='ltr'>non</span> <span class='ocrx_word' id='word_1_262' title='bbox 828 3869 981 3932; x_wconf 87' lang='lat' dir='ltr'>excutitur</span> <span class='ocrx_word' id='word_1_263' title='bbox 1010 3868 1194 3933; x_wconf 88' lang='lat' dir='ltr'>sensibiliter</span> <span class='ocrx_word' id='word_1_264' title='bbox 1215 3869 1332 3934; x_wconf 89' lang='lat' dir='ltr'>oscilla·</span> 
     </span>
     <span class='ocr_line' id='line_1_33' title="bbox 227 3978 1333 4065; baseline 0.002 -21"><span class='ocrx_word' id='word_1_265' title='bbox 227 3982 364 4046; x_wconf 90' lang='lat' dir='ltr'>tionibus</span> <span class='ocrx_word' id='word_1_266' title='bbox 388 3980 547 4044; x_wconf 90' lang='lat' dir='ltr'>luminosis</span> <span class='ocrx_word' id='word_1_267' title='bbox 567 3987 598 4044; x_wconf 97' lang='lat' dir='ltr'>et</span> <span class='ocrx_word' id='word_1_268' title='bbox 620 3978 747 4059; x_wconf 87' lang='lat' dir='ltr'>sonoris,</span> <span class='ocrx_word' id='word_1_269' title='bbox 766 3988 802 4043; x_wconf 92' lang='lat' dir='ltr'>ut</span> <span class='ocrx_word' id='word_1_270' title='bbox 823 3979 876 4043; x_wconf 90' lang='lat' dir='ltr'>sic.</span> <span class='ocrx_word' id='word_1_271' title='bbox 923 3979 984 4044; x_wconf 82' lang='lat' dir='ltr'>Sed</span> <span class='ocrx_word' id='word_1_272' title='bbox 1008 3980 1034 4043; x_wconf 93' lang='lat' dir='ltr'>si</span> <span class='ocrx_word' id='word_1_273' title='bbox 1062 4002 1171 4045; x_wconf 90' lang='lat' dir='ltr'>manus</span> <span class='ocrx_word' id='word_1_274' title='bbox 1200 3989 1333 4065; x_wconf 88' lang='lat' dir='ltr'>ponatur</span> 
     </span>
     <span class='ocr_line' id='line_1_34' title="bbox 227 4091 1332 4178; baseline 0 -20"><span class='ocrx_word' id='word_1_275' title='bbox 227 4116 322 4178; x_wconf 90' lang='lat' dir='ltr'>prope</span> <span class='ocrx_word' id='word_1_276' title='bbox 344 4092 489 4158; x_wconf 86' lang='lat' dir='ltr'>chordam</span> <span class='ocrx_word' id='word_1_277' title='bbox 516 4092 696 4171; x_wconf 87' lang='lat' dir='ltr'>vibrantem,</span> <span class='ocrx_word' id='word_1_278' title='bbox 723 4091 834 4156; x_wconf 89' lang='lat' dir='ltr'>sentiet</span> <span class='ocrx_word' id='word_1_279' title='bbox 853 4092 1085 4178; x_wconf 91' lang='lat' dir='ltr'>impressionem</span> <span class='ocrx_word' id='word_1_280' title='bbox 1110 4092 1332 4158; x_wconf 90' lang='lat' dir='ltr'>oscillationum</span> 
     </span>
     <span class='ocr_line' id='line_1_35' title="bbox 227 4203 1334 4288; baseline 0.001 -21"><span class='ocrx_word' id='word_1_281' title='bbox 227 4204 333 4267; x_wconf 91' lang='lat' dir='ltr'>eodem</span> <span class='ocrx_word' id='word_1_282' title='bbox 361 4212 431 4269; x_wconf 91' lang='lat' dir='ltr'>actu</span> <span class='ocrx_word' id='word_1_283' title='bbox 459 4226 520 4288; x_wconf 93' lang='lat' dir='ltr'>quo</span> <span class='ocrx_word' id='word_1_284' title='bbox 547 4203 630 4267; x_wconf 91' lang='lat' dir='ltr'>illam</span> <span class='ocrx_word' id='word_1_285' title='bbox 656 4204 776 4286; x_wconf 85' lang='lat' dir='ltr'>tangit:</span> <span class='ocrx_word' id='word_1_286' title='bbox 799 4211 934 4267; x_wconf 89' lang='lat' dir='ltr'>attamen</span> <span class='ocrx_word' id='word_1_287' title='bbox 964 4203 1022 4267; x_wconf 92' lang='lat' dir='ltr'>boc</span> <span class='ocrx_word' id='word_1_288' title='bbox 1046 4204 1166 4287; x_wconf 88' lang='lat' dir='ltr'>proprie</span> <span class='ocrx_word' id='word_1_289' title='bbox 1196 4226 1258 4267; x_wconf 92' lang='lat' dir='ltr'>non</span> <span class='ocrx_word' id='word_1_290' title='bbox 1287 4214 1334 4268; x_wconf 90' lang='lat' dir='ltr'>est</span> 
     </span>
     <span class='ocr_line' id='line_1_36' title="bbox 228 4314 1332 4400; baseline -0.003 -20"><span class='ocrx_word' id='word_1_291' title='bbox 228 4316 341 4381; x_wconf 86' lang='lat' dir='ltr'>sentire</span> <span class='ocrx_word' id='word_1_292' title='bbox 366 4314 549 4379; x_wconf 85' lang='lat' dir='ltr'>vibrationes</span> <span class='ocrx_word' id='word_1_293' title='bbox 579 4337 713 4394; x_wconf 88' lang='lat' dir='ltr'>sonoras,</span> <span class='ocrx_word' id='word_1_294' title='bbox 741 4314 793 4378; x_wconf 92' lang='lat' dir='ltr'>sed</span> <span class='ocrx_word' id='word_1_295' title='bbox 827 4316 939 4379; x_wconf 87' lang='lat' dir='ltr'>sentire</span> <span class='ocrx_word' id='word_1_296' title='bbox 968 4336 1078 4400; x_wconf 87' lang='lat' dir='ltr'>corpus</span> <span class='ocrx_word' id='word_1_297' title='bbox 1107 4315 1219 4400; x_wconf 90' lang='lat' dir='ltr'>ipsum,</span> <span class='ocrx_word' id='word_1_298' title='bbox 1249 4314 1332 4400; x_wconf 92' lang='lat' dir='ltr'>quod</span> 
     </span>
    </p>
   </div>
   <div class='ocr_carea' id='block_1_3' title="bbox 0 0 1604 4975">
    <p class='ocr_par' dir='ltr' id='par_1_5' title="bbox 0 0 1604 4975">
     <span class='ocr_line' id='line_1_37' title="bbox 0 0 1604 4975; baseline 0 0"><span class='ocrx_word' id='word_1_299' title='bbox 0 0 1604 4975; x_wconf 95' lang='lat' dir='ltr'> </span> 
     </span>
    </p>
   </div>
  </div>
 </body>
</html>
