3200 4975
186 358 263 401 car.
282 341 351 423 rrr.]
591 365 633 405 nn
648 364 900 407 accrnrsrmos.
1229 349 1293 413 369

149 505 152 509 ’
186 521 391 604 praedicantur
406 523 567 607 qualitates
587 524 625 589 de
645 525 719 609 ipsis
739 526 877 610 partibus
898 525 1159 606 substantialibus,
1175 528 1287 612 quibus

187 640 306 696 constat
321 642 439 713 natura,
455 634 560 698 sedda
576 635 643 719 ipso
658 638 837 720 composito,
847 659 900 699 seu
912 636 949 700 de
959 646 1069 701 natura
1084 638 1287 702 substantiali.

189 741 270 817 Quia
284 750 387 807 tamen
398 754 507 808 natura
518 745 736 825 substantialis,
750 756 785 811 ut
797 746 939 826 diximus,
949 747 1147 812 confunditur
1161 748 1194 811 in
1206 771 1288 813 com-

188 854 276 916 muni
291 876 429 919 sermone
443 878 513 946 cum
534 857 714 938 substantia,
729 880 792 921 non
807 867 853 922 est
868 859 980 922 mirum
996 860 1022 923 si
1036 860 1197 943 qualitates
1212 883 1288 945 prae-

190 962 329 1027 dicentur
343 966 546 1030 communiter
560 967 597 1031 de
615 967 796 1046 substantia,
819 968 928 1052 inqua
944 991 1007 1032 non
1024 978 1097 1033 sunt
1111 970 1287 1049 formaliter,

190 1073 244 1137 sed
259 1074 437 1141 radicaliter.

233 1187 286 1248 66.
310 1184 465 1260 Quaeritur
479 1197 572 1266 serto,
589 1212 651 1271 quae
664 1192 704 1253 sit
717 1189 821 1253 divisio
836 1190 990 1273 qualitatis
998 1191 1271 1273 praedicamentalis.

235 1296 426 1380 Respondeo,
450 1307 553 1381 patere
573 1320 610 1363 ex
629 1298 718 1364 dictis
740 1322 772 1365 n.
788 1303 831 1365 59
846 1309 876 1364 et
900 1323 995 1387 seqq,
1016 1300 1176 1385 qualitates
1197 1300 1290 1367 dividi

191 1429 279 1489 posse
304 1407 337 1471 in
358 1418 490 1493 quatuor
513 1432 642 1494 genera:
673 1411 806 1495 primum
830 1434 927 1496 genus
950 1411 1071 1495 respicit
1094 1413 1208 1476 modam
1227 1434 1291 1496 spe-

192 1520 293 1582 cialem
318 1522 505 1585 intrinsecum
530 1523 641 1586 essendi
665 1545 757 1608 quem
787 1523 879 1587 habet
906 1522 1109 1608 compositum
1133 1522 1165 1586 in
1191 1524 1289 1607 seipso

193 1629 432 1695 consideratum:
456 1632 625 1695 secundum
646 1656 744 1716 genus
764 1633 886 1717 respicit
908 1636 970 1696 aias
988 1635 1124 1696 virtutem
1146 1635 1290 1696 activum:

192 1742 317 1805 tertium
332 1765 430 1825 genus
445 1743 567 1827 respicit
581 1746 643 1807 eius
651 1747 869 1827 passivitatemr
893 1752 1037 1830 quartum
1052 1767 1150 1828 genus
1166 1744 1289 1828 respicit

193 1855 307 1917 modum
321 1856 382 1917 cias
396 1858 588 1918 estrimeeam
602 1856 713 1919 essendi
727 1858 758 1918 in
773 1857 845 1920 beo.

237 1966 311 2029 Haec
326 1974 457 2050 quatuor
471 1988 583 2049 genera
597 1966 780 2054 qualitatum
801 1965 1006 2029 distinxerunt
1028 1964 1120 2028 etiam
1140 1964 1290 2049 peripate-

192 2076 262 2139 tici:
285 2078 419 2161 primum
434 2089 535 2142 autem
551 2078 719 2141 diviserunt
734 2077 766 2140 in
781 2079 911 2141 toditem
923 2086 953 2141 et
968 2078 1199 2160 dispositionem:
1222 2098 1290 2161 quae

193 2187 254 2252 duo
266 2190 450 2252 conveniunt
464 2189 496 2253 in
511 2198 661 2274 quantum
676 2188 792 2252 faciunt
804 2211 868 2253 rem
884 2188 960 2252 bene
975 2211 1049 2267 esse,
1062 2188 1108 2251 vel
1124 2187 1201 2252 male
1216 2210 1291 2265 esse,

192 2299 276 2364 iuxta
293 2323 378 2364 suam
398 2309 557 2365 naturam:
581 2301 725 2365 differunt
743 2309 845 2364 autem
865 2300 949 2363 iuxta
968 2299 1050 2383 ipsos
1070 2299 1149 2363 sicut
1171 2299 1291 2363 difficile

191 2412 302 2477 mobile
317 2436 336 2476 a
349 2413 436 2477 facile
451 2413 566 2491 mobili,
580 2435 633 2476 seu
648 2412 816 2498 secundum
830 2412 927 2496 magis
938 2411 985 2475 vel
998 2411 1099 2475 minus
1110 2410 1289 2475 stabilitatis.

236 2524 412 2588 Secundum
427 2548 524 2608 genus
540 2525 708 2589 diviserunt
722 2525 755 2587 in
764 2526 929 2606 potentiam
939 2531 969 2586 et
985 2525 1183 2605 impotentiam
1190 2550 1201 2600 3
1224 2545 1292 2607 quae

191 2635 252 2698 duo
267 2635 453 2698 conveniunt
467 2635 500 2697 in
515 2631 709 2716 exprimenda
724 2633 835 2694 virtute
849 2631 888 2694 ad
902 2630 1065 2714 agendum,
1078 2631 1131 2694 sed
1147 2631 1292 2718 differunt

192 2745 361 2809 secundum
375 2744 475 2826 magis
489 2744 535 2807 vel
551 2744 652 2805 minus
668 2744 856 2805 intmsitatis.

237 2855 373 2918 Tertium
388 2877 486 2936 genus
502 2853 670 2917 diviserunt
685 2852 717 2915 in
727 2855 893 2935 passionem
907 2861 938 2915 et
947 2853 1102 2934 patibilem
1113 2852 1293 2935 qualitatem,

193 2989 261 3050 quae
277 2966 338 3030 duo
353 2965 537 3028 conveniunt
551 2965 584 3027 in
595 2962 790 3048 exprimenda
805 2962 980 3026 alteratione
994 2963 1150 3047 patientis,
1166 2963 1220 3028 sed
1235 2963 1294 3028 dif-

153 3074 158 3083 ’
194 3078 343 3141 ferentin
358 3079 623 3161 quantumpaasie
645 3075 705 3139 cito
724 3074 842 3150 transit,
859 3075 996 3157 patibilis
1011 3076 1139 3158 qualitas
1153 3074 1207 3138 diu
1226 3098 1293 3159 per-

195 3198 328 3252 severat:
351 3188 409 3251 hoc
424 3198 526 3250 autern
542 3196 588 3250 est
603 3185 723 3249 differre
738 3185 906 3249 secundum
921 3185 1018 3269 magis
1031 3184 1078 3248 vel
1093 3185 1194 3248 minus
1205 3187 1294 3250 dura-

194 3301 328 3363 tioitatis.

239 3410 391 3485 Quartum
404 3432 502 3492 genus
514 3408 681 3473 diviserunt
691 3408 724 3471 in
731 3408 862 3491 summm
873 3415 904 3471 et
912 3405 1054 3490 fiparom,
1066 3428 1135 3490 quae
1150 3406 1211 3471 duo
1226 3429 1297 3472 cou-

194 3521 322 3585 veniunt
336 3521 369 3584 in
384 3519 579 3604 exprimenda
588 3518 785 3603 dispositione
800 3519 933 3603 partium
945 3518 1025 3581 inter
1035 3540 1075 3596 se,
1089 3517 1141 3581 sed
1151 3518 1296 3585 differunt

195 3653 231 3694 ex
252 3654 288 3694 eo
311 3629 394 3715 quod
413 3631 513 3714 figura
536 3628 654 3692 dicatur
675 3629 712 3691 de
738 3627 936 3712 dispositione
959 3627 1092 3712 partium
1117 3628 1296 3693 naturaliter

195 3740 371 3819 resultante,
392 3742 475 3804 utin
495 3739 647 3826 crystallo,
666 3740 698 3802 in
721 3738 837 3816 arbore,
852 3739 884 3800 in
906 3737 1039 3817 animali,
1058 3739 1238 3804 formavere
1259 3739 1296 3803 de

195 3853 392 3939 dispositione
407 3853 563 3931 artificiali,
581 3861 615 3915 ut
629 3852 662 3914 in
678 3850 778 3929 domo,
793 3851 827 3912 in
842 3851 921 3928 navi,
937 3859 994 3915 etc.

238 3963 460 4028 Distinctiones
478 3963 545 4026 istae
568 3961 722 4026 evidenter
744 3961 867 4024 retineri
889 3971 1017 4044 possunt
1039 3961 1071 4024 in
1091 3961 1233 4025 omnibus
1254 3964 1297 4027 rei

195 4074 360 4138 materialis
374 4072 572 4156 qualitatibus
580 4099 590 4150 5
614 4071 699 4135 nulla
713 4072 794 4135 enim
810 4081 857 4136 est
872 4071 947 4134 ratio
961 4081 1187 4156 propterquam
1200 4073 1295 4137 reiici-

188 4171 297 4250 antui.
343 4186 383 4248 ln
398 4183 569 4248 substantia
584 4182 734 4267 spirituali
748 4182 841 4246 habet
855 4181 956 4245 locum
972 4183 1088 4244 liabitas
1103 4191 1132 4245 et
1148 4184 1297 4268 dispositio

197 4305 264 4360 tum
279 4296 311 4358 in
327 4295 493 4374 intellectu,
509 4302 576 4358 turn
591 4295 625 4357 in
641 4293 815 4358 voluntate:
840 4293 893 4357 sed
907 4292 1061 4357 evidenter
1075 4294 1245 4360 excluditur
1260 4297 1297 4360 ab

239 4427 314 4470 von.
331 4427 370 4471 11.
852 4430 855 4436 ·
1068 4409 1088 4468 2
1105 4427 1124 4467 s
