3200 4975
254 387 322 430 car.
340 367 379 453 a]
558 388 601 429 nn
618 386 820 429 suasrarvmr
834 386 1034 429 srrarrvam.
1310 366 1352 427 29

244 554 356 637 fectior
371 559 456 617 atre:
483 562 511 617 et
526 554 579 617 lroc
593 553 675 617 inodo
691 553 787 636 aaqeli
804 552 1038 635 diversificantur
1051 551 1204 615 secundum
1218 553 1312 635 mayir
1326 558 1356 613 et

253 669 357 730 minus.

294 778 388 841 Juxta
402 777 482 841 hanc
502 778 741 860 responsionem,
758 776 922 840 dicendum
937 786 1026 854 esset,
1043 776 1075 839 in
1091 774 1163 839 solis
1185 775 1353 840 accidenta-

253 889 334 953 libus
350 890 478 974 speciem
495 912 557 953 non
574 889 687 953 mutari
701 911 755 973 per
769 888 868 971 magis
879 898 910 951 et
924 888 1047 967 minus;
1070 910 1143 951 nam
1158 887 1357 952 nulla'forma

254 1001 463 1065 substantialis
493 1001 596 1064 stricte
625 1008 749 1086 sumpta
777 1000 948 1063 intenditur
977 1008 1030 1063 aut
1055 998 1232 1078 remittitur,
1258 1021 1354 1084 quum

252 1111 353 1175 omnis
367 1111 466 1179 forma
481 1109 692 1175 substantialis
707 1110 747 1175 sit
765 1109 952 1174 invariabilis
967 1110 1070 1195 quoad
1085 1133 1127 1189 se,
1144 1119 1179 1175 ut
1198 1110 1271 1174 alibi
1285 1133 1354 1195 pro-

252 1222 401 1288 bavimus.
449 1223 594 1288 Similiter
623 1222 788 1287 dicendum
817 1230 907 1301 essct,
937 1222 1019 1306 quod
1049 1222 1075 1284 si
1103 1222 1267 1285 existerent
1293 1222 1355 1286 duo

253 1335 402 1413 homines,
419 1357 549 1420 quorum
574 1334 685 1398 animae
704 1333 851 1398 haberent
874 1333 1020 1398 diversam
1044 1333 1216 1398 naturalem
1236 1334 1353 1419 perspi·

254 1447 421 1524 casitatem,
438 1446 594 1515 differrent
616 1445 752 1530 specifice
762 1470 771 1523 ;
794 1445 896 1509 anima
913 1445 995 1509 enim
1016 1467 1079 1508 non
1098 1454 1144 1509 est
1165 1446 1271 1525 forma,
1288 1469 1356 1531 quac

253 1559 431 1623 intendatur
449 1568 480 1622 et
500 1558 693 1636 remittatur,
716 1557 809 1621 etsie
829 1557 897 1621 duae
917 1558 1026 1621 animae
1043 1558 1169 1622 diversae
1187 1557 1354 1642 perspicui·

254 1670 336 1747 tatis,
348 1678 449 1733 essent
464 1669 532 1733 duae
547 1669 651 1733 formae
663 1669 850 1733 diversorum
863 1668 1024 1751 graduum,
1036 1690 1106 1753 quae
1120 1669 1355 1734 diversificarent

254 1781 394 1865 speciem.
440 1780 622 1864 Respondco
633 1801 705 1863 ergo
717 1778 831 1843 directe
842 1778 1077 1864 distinguendo:
1100 1780 1199 1863 magis
1209 1791 1240 1843 et
1251 1780 1354 1844 minus

254 1892 422 1957 secundum
438 1892 520 1977 quod
535 1904 699 1956 causantur
714 1914 749 1954 ex
764 1890 870 1954 formis
888 1890 1073 1955 diversorum
1089 1892 1241 1975 gradimm
1257 1893 1355 1958 diver·

255 2006 373 2069 sificant
403 2004 542 2089 speciem,
572 2006 599 2067 si
628 2005 660 2066 tt
683 2004 795 2087 qradrar
823 2004 883 2066 siat
908 2004 1025 2067 diuma
1053 2012 1167 2066 actura
1188 2028 1225 2068 uc
1249 2006 1356 2069 diversi

254 2121 387 2199 nomino,
406 2140 489 2182 conc.
499 2144 509 2197 ς
535 2119 562 2181 si
583 2119 615 2181 vt
636 2118 748 2201 aradus
768 2118 829 2181 siat
849 2116 975 2179 eimdcm
995 2118 1129 2194 marinis,
1152 2139 1223 2199 neg.
1269 2115 1353 2193 Quin

254 2230 347 2294 etiam
370 2239 472 2315 potest
493 2228 599 2313 negari
622 2228 760 2293 absolute
782 2228 866 2313 quod
891 2226 1005 2311 gradus
1028 2227 1137 2292 diversi
1159 2229 1302 2309 nominis,
1319 2239 1354 2294 ut

254 2342 335 2426 ignis
350 2350 381 2405 et
399 2346 460 2421 adr,
476 2340 642 2425 importent
657 2338 859 2403 differentiam
882 2338 1051 2403 secundum
1074 2341 1172 2424 magis
1186 2351 1217 2405 et
1231 2344 1353 2406 minus:

254 2454 352 2539 magis
367 2454 450 2518 enim
463 2462 495 2518 ct
510 2454 613 2517 minus
629 2451 740 2517 debent
757 2452 869 2517 versari
888 2451 966 2517 circa
979 2452 1178 2538 homogenea,
1194 2477 1257 2520 non
1274 2455 1352 2520 circa

255 2566 407 2650 disparata
417 2592 428 2646 3
451 2565 635 2650 comparatio
647 2564 728 2629 enim
741 2564 910 2630 secundum
922 2565 1021 2648 magis
1030 2573 1061 2629 et
1070 2566 1173 2630 minus
1183 2566 1354 2632 desumitur

254 2679 292 2743 ab
302 2679 404 2763 aliquo
413 2677 544 2741 termino
556 2677 721 2756 communi,
731 2677 785 2762 qui
794 2676 942 2761 accipitur
950 2699 1007 2762 pro
1019 2699 1179 2757 mensura;
1202 2679 1355 2762 disparata

253 2797 356 2854 autem
365 2811 429 2854 non
444 2789 628 2854 conveniunt
637 2789 670 2853 in
684 2811 899 2856 unamensura
909 2788 1075 2867 communi,
1084 2789 1143 2852 nisi
1158 2789 1353 2873 inquantum

255 2901 430 2984 cogitantur
441 2901 497 2965 sub
509 2923 571 2964 una
581 2899 715 2986 generali
729 2899 846 2964 ratione
854 2898 1005 2963 abstracta
1013 2923 1023 2976 3
1047 2898 1103 2962 sub
1119 2921 1180 2984 qua
1188 2922 1251 2963 non
1263 2911 1354 2965 erunt

253 3012 385 3097 amplius
396 3011 557 3096 disparata,
570 3020 605 3074 ut
614 3010 695 3095 ignis
707 3019 738 3074 et
749 3015 810 3090 aiir,
822 3009 874 3074 sed
885 3010 1084 3093 homogenea.
1129 3010 1171 3076 Et
1180 3010 1223 3074 sic
1234 3032 1353 3096 semper

201 3145 202 3148 ’
255 3133 367 3204 manet,
377 3123 460 3209 quod
474 3123 573 3207 magis
587 3131 618 3187 et
633 3122 736 3186 minus
750 3122 917 3206 respiciunt
932 3122 1045 3206 gradus
1056 3123 1193 3187 eiusdem
1207 3123 1351 3189 nominis.

254 3234 426 3300 Dicendum
452 3244 498 3299 est
521 3235 626 3319 igitur,
650 3233 734 3320 quod
756 3255 820 3298 non
847 3233 946 3298 solum
972 3234 1094 3319 quando
1123 3236 1229 3300 eadem
1254 3235 1353 3301 forma

253 3346 424 3411 intenditur
438 3355 469 3410 et
483 3346 660 3424 remittitur,
672 3345 725 3409 sed
740 3345 832 3409 etiam
847 3344 970 3430 quando
982 3344 1094 3410 dantur
1109 3346 1177 3411 duae
1188 3347 1235 3411 vel
1250 3347 1353 3432 plures

253 3457 358 3522 lormae
380 3457 527 3522 habentes
550 3457 679 3541 gradum
702 3458 890 3520 intensivum
908 3445 1116 3522 invariabilem
1138 3460 1281 3524 maiorem
1298 3437 1353 3525 vel

251 3569 402 3632 minorem
420 3569 453 3632 in
475 3568 580 3632 eadem
599 3568 680 3632 linea
701 3567 903 3647 formalitatis,
919 3591 974 3633 seu
995 3569 1053 3633 sub
1070 3570 1177 3635 eodem
1201 3581 1352 3660 conceptu

252 3679 382 3758 formali,
392 3678 522 3744 habetur
533 3679 631 3764 magis
645 3689 675 3744 et
690 3680 793 3744 minus
809 3680 874 3744 sine
889 3679 952 3744 ulla
960 3680 1208 3747 diversificatione
1222 3684 1333 3768 speciei
1345 3711 1352 3748 ε

255 3800 285 3854 et
302 3791 380 3855 sicut
394 3800 480 3856 actus
495 3791 688 3855 accidentalis
703 3791 897 3876 intelligendi
911 3815 947 3857 er
960 3815 996 3857 co
1010 3794 1093 3878 quod
1112 3795 1153 3858 sit
1168 3795 1275 3861 clarior
1288 3819 1351 3861 non

250 3901 355 3966 differt
374 3902 475 3988 specie
496 3901 534 3966 ab
554 3901 612 3966 alio
632 3902 724 3966 simili
743 3913 816 3967 actu
837 3903 941 3968 minus
958 3904 1049 3985 claro,
1062 3905 1106 3969 ita
1125 3928 1247 3991 quoque
1265 3916 1353 3973 actus

252 4013 463 4078 substantialis
485 4008 688 4079 intellectivus
703 4013 899 4100 praestantior
919 3999 983 4080 non
998 4015 1100 4080 differt
1120 4018 1218 4102 specie
1240 4018 1278 4082 ab
1291 4019 1352 4084 alio

253 4124 345 4188 simili
359 4125 462 4189 minus
476 4133 650 4211 praestante.
1079 4130 1081 4133 ’
1231 4101 1238 4108 .

296 4237 338 4300 m
352 4238 411 4301 hoc
425 4236 554 4301 ulterius
576 4245 677 4322 potest
696 4235 843 4301 declarari
864 4239 1001 4324 exemplo
1016 4238 1235 4328 elementorum
1257 4250 1353 4305 mate-

253 4349 384 4430 rialium,
407 4349 526 4414 utiam
551 4371 630 4434 saepe
651 4348 821 4414 innuimus.
866 4350 946 4414 Nam
972 4351 1032 4415 duo
1057 4351 1206 4416 elementa
1229 4353 1353 4418 diversae
