<?xml version="1.0" encoding="UTF-8"?>
<!DOCTYPE html PUBLIC "-//W3C//DTD XHTML 1.0 Transitional//EN"
    "http://www.w3.org/TR/xhtml1/DTD/xhtml1-transitional.dtd">
<html xmlns="http://www.w3.org/1999/xhtml" xml:lang="en" lang="en">
 <head>
  <title>
</title>
<meta http-equiv="Content-Type" content="text/html;charset=utf-8" />
  <meta name='ocr-system' content='tesseract 3.04.00' />
  <meta name='ocr-capabilities' content='ocr_page ocr_carea ocr_par ocr_line ocrx_word'/>
</head>
<body>
  <div class='ocr_page' id='page_1' title='image "./realisphilosoph02baymgoog_0192.png"; bbox 0 0 3200 4975; ppageno 0'>
   <div class='ocr_carea' id='block_1_1' title="bbox 279 344 1383 441">
    <p class='ocr_par' dir='ltr' id='par_1_1' title="bbox 279 344 1383 441">
     <span class='ocr_line' id='line_1_1' title="bbox 279 344 1383 441; baseline -0.001 -25"><span class='ocrx_word' id='word_1_1' title='bbox 279 357 342 420; x_wconf 85' lang='grc'><strong>178</strong></span> <span class='ocrx_word' id='word_1_2' title='bbox 730 377 773 420; x_wconf 85' lang='lat' dir='ltr'><strong>ua</strong></span> <span class='ocrx_word' id='word_1_3' title='bbox 790 375 938 422; x_wconf 78' lang='lat' dir='ltr'><strong>nonina.</strong></span> <span class='ocrx_word' id='word_1_4' title='bbox 1229 344 1326 441; x_wconf 75' lang='lat' dir='ltr'><strong>[cnr.</strong></span> <span class='ocrx_word' id='word_1_5' title='bbox 1344 373 1383 416; x_wconf 73' lang='grc' dir='ltr'><strong>ιι.</strong></span> 
     </span>
    </p>
   </div>
   <div class='ocr_carea' id='block_1_2' title="bbox 198 540 1469 4425">
    <p class='ocr_par' dir='ltr' id='par_1_2' title="bbox 277 540 1469 1839">
     <span class='ocr_line' id='line_1_2' title="bbox 277 540 1386 626; baseline 0.002 -22"><span class='ocrx_word' id='word_1_6' title='bbox 277 540 390 604; x_wconf 75' lang='lat' dir='ltr'><strong>nubam</strong></span> <span class='ocrx_word' id='word_1_7' title='bbox 403 541 535 605; x_wconf 75' lang='lat' dir='ltr'><strong>maidens</strong></span> <span class='ocrx_word' id='word_1_8' title='bbox 549 549 592 605; x_wconf 83' lang='lat' dir='ltr'><strong>ert</strong></span> <span class='ocrx_word' id='word_1_9' title='bbox 608 543 723 604; x_wconf 83' lang='lat' dir='ltr'><strong>manino</strong></span> <span class='ocrx_word' id='word_1_10' title='bbox 731 543 863 625; x_wconf 86' lang='lat' dir='ltr'><strong>primum</strong></span> <span class='ocrx_word' id='word_1_11' title='bbox 873 543 1054 626; x_wconf 79' lang='lat' dir='ltr'><strong>principiam</strong></span> <span class='ocrx_word' id='word_1_12' title='bbox 1069 545 1254 626; x_wconf 81' lang='lat' dir='ltr'><strong>operationis.</strong></span> <span class='ocrx_word' id='word_1_13' title='bbox 1279 545 1386 606; x_wconf 82' lang='lat' dir='ltr'><strong><em>Minor</em></strong></span> 
     </span>
     <span class='ocr_line' id='line_1_3' title="bbox 279 653 1384 739; baseline -0.001 -22"><span class='ocrx_word' id='word_1_14' title='bbox 279 661 376 717; x_wconf 89' lang='lat' dir='ltr'><strong>autem</strong></span> <span class='ocrx_word' id='word_1_15' title='bbox 393 661 480 737; x_wconf 88' lang='lat' dir='ltr'><strong>patet</strong></span> <span class='ocrx_word' id='word_1_16' title='bbox 505 675 543 716; x_wconf 83' lang='lat' dir='ltr'><strong>aa</strong></span> <span class='ocrx_word' id='word_1_17' title='bbox 568 653 710 716; x_wconf 89' lang='lat' dir='ltr'><strong>communi</strong></span> <span class='ocrx_word' id='word_1_18' title='bbox 734 655 853 717; x_wconf 85' lang='lat' dir='ltr'><strong>natione</strong></span> <span class='ocrx_word' id='word_1_19' title='bbox 873 655 1014 718; x_wconf 78' lang='lat' dir='ltr'><strong><em>vocabuli.</em></strong></span> <span class='ocrx_word' id='word_1_20' title='bbox 1072 654 1141 718; x_wconf 85' lang='lat' dir='ltr'><strong>Hoc</strong></span> <span class='ocrx_word' id='word_1_21' title='bbox 1166 662 1384 739; x_wconf 81' lang='lat' dir='ltr'><strong>argumentum</strong></span> 
     </span>
     <span class='ocr_line' id='line_1_4' title="bbox 279 763 1386 852; baseline 0.001 -23"><span class='ocrx_word' id='word_1_22' title='bbox 279 773 360 830; x_wconf 86' lang='lat' dir='ltr'><strong>esset</strong></span> <span class='ocrx_word' id='word_1_23' title='bbox 381 765 543 850; x_wconf 89' lang='lat' dir='ltr'><strong>optimum,</strong></span> <span class='ocrx_word' id='word_1_24' title='bbox 561 765 587 828; x_wconf 91' lang='lat' dir='ltr'><strong>si</strong></span> <span class='ocrx_word' id='word_1_25' title='bbox 609 763 804 829; x_wconf 81' lang='lat' dir='ltr'>insisteretur</span> <span class='ocrx_word' id='word_1_26' title='bbox 825 765 858 829; x_wconf 90' lang='lat' dir='ltr'><strong>in</strong></span> <span class='ocrx_word' id='word_1_27' title='bbox 876 765 944 844; x_wconf 88' lang='lat' dir='ltr'><strong>boo,</strong></span> <span class='ocrx_word' id='word_1_28' title='bbox 960 765 1043 850; x_wconf 91' lang='lat' dir='ltr'><strong>quod</strong></span> <span class='ocrx_word' id='word_1_29' title='bbox 1066 767 1255 852; x_wconf 81' lang='lat' dir='ltr'>operationes</span> <span class='ocrx_word' id='word_1_30' title='bbox 1278 766 1386 830; x_wconf 90' lang='lat' dir='ltr'><strong>animae</strong></span> 
     </span>
     <span class='ocr_line' id='line_1_5' title="bbox 280 875 1387 963; baseline 0.001 -22"><span class='ocrx_word' id='word_1_31' title='bbox 280 886 354 941; x_wconf 90' lang='lat' dir='ltr'><strong>sunt</strong></span> <span class='ocrx_word' id='word_1_32' title='bbox 375 877 488 956; x_wconf 80' lang='lat' dir='ltr'><strong>uitales,</strong></span> <span class='ocrx_word' id='word_1_33' title='bbox 509 899 564 940; x_wconf 88' lang='lat' dir='ltr'><strong>sen</strong></span> <span class='ocrx_word' id='word_1_34' title='bbox 589 875 811 956; x_wconf 84' lang='lat' dir='ltr'><strong>immanentes3</strong></span> <span class='ocrx_word' id='word_1_35' title='bbox 835 886 865 940; x_wconf 91' lang='lat' dir='ltr'><strong>et</strong></span> <span class='ocrx_word' id='word_1_36' title='bbox 889 877 987 941; x_wconf 89' lang='lat' dir='ltr'><strong>simile</strong></span> <span class='ocrx_word' id='word_1_37' title='bbox 1013 886 1092 942; x_wconf 86' lang='lat' dir='ltr'><strong>esset</strong></span> <span class='ocrx_word' id='word_1_38' title='bbox 1114 877 1160 941; x_wconf 94' lang='lat' dir='ltr'><strong>illi</strong></span> <span class='ocrx_word' id='word_1_39' title='bbox 1185 877 1269 963; x_wconf 93' lang='lat' dir='ltr'><strong>quod</strong></span> <span class='ocrx_word' id='word_1_40' title='bbox 1294 900 1387 962; x_wconf 88' lang='lat' dir='ltr'><strong>supra</strong></span> 
     </span>
     <span class='ocr_line' id='line_1_6' title="bbox 281 987 1386 1075; baseline 0 -22"><span class='ocrx_word' id='word_1_41' title='bbox 281 988 450 1053; x_wconf 78' lang='lat' dir='ltr'><strong>attulimus.</strong></span> <span class='ocrx_word' id='word_1_42' title='bbox 498 988 559 1052; x_wconf 84' lang='lat' dir='ltr'><strong>Sed</strong></span> <span class='ocrx_word' id='word_1_43' title='bbox 577 987 649 1072; x_wconf 88' lang='lat' dir='ltr'><strong>quia</strong></span> <span class='ocrx_word' id='word_1_44' title='bbox 663 996 786 1053; x_wconf 82' lang='lat' dir='ltr'><strong>tantuna</strong></span> <span class='ocrx_word' id='word_1_45' title='bbox 806 988 960 1053; x_wconf 80' lang='lat' dir='ltr'><strong>insistitur</strong></span> <span class='ocrx_word' id='word_1_46' title='bbox 979 988 1012 1053; x_wconf 93' lang='lat' dir='ltr'><strong>in</strong></span> <span class='ocrx_word' id='word_1_47' title='bbox 1026 989 1085 1054; x_wconf 89' lang='lat' dir='ltr'><strong>hoo</strong></span> <span class='ocrx_word' id='word_1_48' title='bbox 1100 990 1184 1075; x_wconf 92' lang='lat' dir='ltr'><strong>quod</strong></span> <span class='ocrx_word' id='word_1_49' title='bbox 1203 1012 1294 1055; x_wconf 89' lang='lat' dir='ltr'><strong>omne</strong></span> <span class='ocrx_word' id='word_1_50' title='bbox 1309 990 1386 1055; x_wconf 86' lang='lat' dir='ltr'><strong>aeci-</strong></span> 
     </span>
     <span class='ocr_line' id='line_1_7' title="bbox 282 1098 1469 1188; baseline 0.002 -24"><span class='ocrx_word' id='word_1_51' title='bbox 282 1100 359 1165; x_wconf 88' lang='lat' dir='ltr'><strong>dens</strong></span> <span class='ocrx_word' id='word_1_52' title='bbox 373 1100 438 1184; x_wconf 83' lang='lat' dir='ltr'><strong>agit</strong></span> <span class='ocrx_word' id='word_1_53' title='bbox 452 1098 486 1162; x_wconf 91' lang='lat' dir='ltr'><strong>in</strong></span> <span class='ocrx_word' id='word_1_54' title='bbox 496 1099 607 1164; x_wconf 88' lang='lat' dir='ltr'><strong>virtute</strong></span> <span class='ocrx_word' id='word_1_55' title='bbox 618 1099 808 1179; x_wconf 84' lang='lat' dir='ltr'><strong>substantiae,</strong></span> <span class='ocrx_word' id='word_1_56' title='bbox 820 1108 852 1165; x_wconf 92' lang='lat' dir='ltr'><strong>et</strong></span> <span class='ocrx_word' id='word_1_57' title='bbox 867 1100 981 1166; x_wconf 88' lang='lat' dir='ltr'><strong>sienon</strong></span> <span class='ocrx_word' id='word_1_58' title='bbox 997 1110 1048 1170; x_wconf 78' lang='lat' dir='ltr'><strong>est,</strong></span> <span class='ocrx_word' id='word_1_59' title='bbox 1058 1102 1192 1187; x_wconf 90' lang='lat' dir='ltr'><strong>primum</strong></span> <span class='ocrx_word' id='word_1_60' title='bbox 1201 1103 1386 1188; x_wconf 88' lang='lat' dir='ltr'><strong>principium</strong></span> <span class='ocrx_word' id='word_1_61' title='bbox 1466 1133 1469 1138; x_wconf 95' lang='lat'>·</span> 
     </span>
     <span class='ocr_line' id='line_1_8' title="bbox 282 1210 1387 1299; baseline 0.003 -24"><span class='ocrx_word' id='word_1_62' title='bbox 282 1211 478 1296; x_wconf 83' lang='lat' dir='ltr'><strong>operationis,</strong></span> <span class='ocrx_word' id='word_1_63' title='bbox 493 1210 669 1276; x_wconf 86' lang='lat' dir='ltr'><strong>incredulus</strong></span> <span class='ocrx_word' id='word_1_64' title='bbox 684 1212 830 1298; x_wconf 86' lang='lat' dir='ltr'><strong>replicare</strong></span> <span class='ocrx_word' id='word_1_65' title='bbox 844 1221 956 1299; x_wconf 86' lang='lat' dir='ltr'><strong>posset,</strong></span> <span class='ocrx_word' id='word_1_66' title='bbox 968 1214 1052 1299; x_wconf 91' lang='lat' dir='ltr'><strong>qnod</strong></span> <span class='ocrx_word' id='word_1_67' title='bbox 1060 1215 1163 1298; x_wconf 87' lang='lat' dir='ltr'><strong>farma</strong></span> <span class='ocrx_word' id='word_1_68' title='bbox 1178 1214 1387 1279; x_wconf 87' lang='lat' dir='ltr'><strong>substantialis</strong></span> 
     </span>
     <span class='ocr_line' id='line_1_9' title="bbox 282 1326 1388 1412; baseline 0.002 -24"><span class='ocrx_word' id='word_1_69' title='bbox 282 1333 327 1390; x_wconf 83' lang='lat' dir='ltr'><strong>est</strong></span> <span class='ocrx_word' id='word_1_70' title='bbox 355 1326 389 1389; x_wconf 88' lang='lat' dir='ltr'><strong>id</strong></span> <span class='ocrx_word' id='word_1_71' title='bbox 415 1347 471 1408; x_wconf 90' lang='lat' dir='ltr'><strong>quo</strong></span> <span class='ocrx_word' id='word_1_72' title='bbox 500 1346 590 1408; x_wconf 62' lang='lat' dir='ltr'><strong>wau</strong></span> <span class='ocrx_word' id='word_1_73' title='bbox 613 1327 677 1408; x_wconf 85' lang='lat' dir='ltr'><strong>aqit</strong></span> <span class='ocrx_word' id='word_1_74' title='bbox 687 1350 698 1404; x_wconf 76' lang='lat'><em>3</em></span> <span class='ocrx_word' id='word_1_75' title='bbox 728 1334 760 1389; x_wconf 93' lang='lat' dir='ltr'><strong>et</strong></span> <span class='ocrx_word' id='word_1_76' title='bbox 790 1334 1011 1410; x_wconf 81' lang='lat' dir='ltr'><strong>consequenter</strong></span> <span class='ocrx_word' id='word_1_77' title='bbox 1039 1327 1173 1412; x_wconf 87' lang='lat' dir='ltr'><strong>primurn</strong></span> <span class='ocrx_word' id='word_1_78' title='bbox 1202 1327 1388 1412; x_wconf 86' lang='lat' dir='ltr'><strong>principium</strong></span> 
     </span>
     <span class='ocr_line' id='line_1_10' title="bbox 283 1436 1387 1524; baseline 0 -22"><span class='ocrx_word' id='word_1_79' title='bbox 283 1437 467 1524; x_wconf 80' lang='lat' dir='ltr'><strong>operationis</strong></span> <span class='ocrx_word' id='word_1_80' title='bbox 482 1460 544 1501; x_wconf 92' lang='lat' dir='ltr'><strong>non</strong></span> <span class='ocrx_word' id='word_1_81' title='bbox 561 1446 608 1502; x_wconf 91' lang='lat' dir='ltr'><strong>est</strong></span> <span class='ocrx_word' id='word_1_82' title='bbox 622 1437 771 1516; x_wconf 86' lang='lat' dir='ltr'><strong>accidens,</strong></span> <span class='ocrx_word' id='word_1_83' title='bbox 786 1460 844 1503; x_wconf 87' lang='lat' dir='ltr'><strong>nee</strong></span> <span class='ocrx_word' id='word_1_84' title='bbox 859 1436 1040 1518; x_wconf 90' lang='lat' dir='ltr'><strong>substantia,</strong></span> <span class='ocrx_word' id='word_1_85' title='bbox 1057 1439 1110 1503; x_wconf 90' lang='lat' dir='ltr'><strong>sed</strong></span> <span class='ocrx_word' id='word_1_86' title='bbox 1126 1438 1223 1503; x_wconf 84' lang='lat' dir='ltr'><strong>forma</strong></span> <span class='ocrx_word' id='word_1_87' title='bbox 1238 1439 1387 1524; x_wconf 87' lang='lat' dir='ltr'><strong>quaedam,</strong></span> 
     </span>
     <span class='ocr_line' id='line_1_11' title="bbox 284 1549 1388 1636; baseline 0.003 -23"><span class='ocrx_word' id='word_1_88' title='bbox 284 1572 353 1634; x_wconf 85' lang='lat' dir='ltr'><strong>quae</strong></span> <span class='ocrx_word' id='word_1_89' title='bbox 376 1549 469 1614; x_wconf 90' lang='lat' dir='ltr'><strong>simul</strong></span> <span class='ocrx_word' id='word_1_90' title='bbox 489 1572 560 1614; x_wconf 87' lang='lat' dir='ltr'><strong>oum</strong></span> <span class='ocrx_word' id='word_1_91' title='bbox 580 1571 714 1635; x_wconf 83' lang='lat' dir='ltr'><strong>corpore,</strong></span> <span class='ocrx_word' id='word_1_92' title='bbox 730 1562 761 1614; x_wconf 92' lang='lat' dir='ltr'><strong>et</strong></span> <span class='ocrx_word' id='word_1_93' title='bbox 784 1549 991 1636; x_wconf 83' lang='lat' dir='ltr'><strong>dependenter</strong></span> <span class='ocrx_word' id='word_1_94' title='bbox 1013 1551 1051 1615; x_wconf 91' lang='lat' dir='ltr'><strong>ab</strong></span> <span class='ocrx_word' id='word_1_95' title='bbox 1073 1573 1110 1616; x_wconf 89' lang='lat' dir='ltr'><strong>eo</strong></span> <span class='ocrx_word' id='word_1_96' title='bbox 1132 1552 1291 1617; x_wconf 71' lang='lat' dir='ltr'><strong>constituit</strong></span> <span class='ocrx_word' id='word_1_97' title='bbox 1317 1551 1388 1616; x_wconf 91' lang='lat' dir='ltr'><strong>sub-</strong></span> 
     </span>
     <span class='ocr_line' id='line_1_12' title="bbox 285 1649 1388 1748; baseline 0.003 -24"><span class='ocrx_word' id='word_1_98' title='bbox 285 1661 440 1726; x_wconf 77' lang='lat' dir='ltr'><strong>stantiam.</strong></span> <span class='ocrx_word' id='word_1_99' title='bbox 486 1661 577 1725; x_wconf 87' lang='lat' dir='ltr'><strong>Hana</strong></span> <span class='ocrx_word' id='word_1_100' title='bbox 592 1670 696 1726; x_wconf 89' lang='lat' dir='ltr'><strong>autem</strong></span> <span class='ocrx_word' id='word_1_101' title='bbox 715 1649 956 1726; x_wconf 89' lang='lat' dir='ltr'><strong>adversariorum</strong></span> <span class='ocrx_word' id='word_1_102' title='bbox 978 1663 1149 1728; x_wconf 88' lang='lat' dir='ltr'><strong>evasionem</strong></span> <span class='ocrx_word' id='word_1_103' title='bbox 1164 1663 1388 1748; x_wconf 85' lang='lat' dir='ltr'><strong>argumentatio</strong></span> 
     </span>
     <span class='ocr_line' id='line_1_13' title="bbox 285 1774 682 1839; baseline 0.005 -3"><span class='ocrx_word' id='word_1_104' title='bbox 285 1774 417 1838; x_wconf 84' lang='lat' dir='ltr'><strong>auctoris</strong></span> <span class='ocrx_word' id='word_1_105' title='bbox 431 1795 495 1836; x_wconf 90' lang='lat' dir='ltr'><strong>non</strong></span> <span class='ocrx_word' id='word_1_106' title='bbox 509 1774 682 1839; x_wconf 89' lang='lat' dir='ltr'><strong>antevertit.</strong></span> 
     </span>
    </p>

    <p class='ocr_par' dir='ltr' id='par_1_3' title="bbox 198 1885 1392 3847">
     <span class='ocr_line' id='line_1_14' title="bbox 329 1885 1389 1972; baseline 0.003 -23"><span class='ocrx_word' id='word_1_107' title='bbox 329 1885 480 1962; x_wconf 83' lang='lat' dir='ltr'><strong>Quartum</strong></span> <span class='ocrx_word' id='word_1_108' title='bbox 496 1896 543 1951; x_wconf 88' lang='lat' dir='ltr'><strong>est</strong></span> <span class='ocrx_word' id='word_1_109' title='bbox 557 1885 635 1952; x_wconf 87' lang='lat' dir='ltr'><strong>hoc:</strong></span> <span class='ocrx_word' id='word_1_110' title='bbox 663 1887 755 1949; x_wconf 87' lang='lat' dir='ltr'><strong>Omne</strong></span> <span class='ocrx_word' id='word_1_111' title='bbox 768 1888 813 1950; x_wconf 88' lang='lat' dir='ltr'><strong>rei</strong></span> <span class='ocrx_word' id='word_1_112' title='bbox 828 1887 959 1951; x_wconf 73' lang='lat' dir='ltr'><strong>academ</strong></span> <span class='ocrx_word' id='word_1_113' title='bbox 968 1888 1015 1951; x_wconf 86' lang='lat' dir='ltr'><strong>ael</strong></span> <span class='ocrx_word' id='word_1_114' title='bbox 1027 1895 1070 1952; x_wconf 85' lang='lat' dir='ltr'><strong>est</strong></span> <span class='ocrx_word' id='word_1_115' title='bbox 1078 1891 1244 1972; x_wconf 82' lang='lat' dir='ltr'><strong>proprium,</strong></span> <span class='ocrx_word' id='word_1_116' title='bbox 1254 1889 1302 1952; x_wconf 88' lang='lat' dir='ltr'><strong>ael</strong></span> <span class='ocrx_word' id='word_1_117' title='bbox 1313 1910 1389 1952; x_wconf 83' lang='lat' dir='ltr'><strong>cmu-</strong></span> 
     </span>
     <span class='ocr_line' id='line_1_15' title="bbox 285 1997 1389 2084; baseline 0.003 -25"><span class='ocrx_word' id='word_1_118' title='bbox 285 2019 379 2060; x_wconf 87' lang='lat' dir='ltr'><strong>muuc.</strong></span> <span class='ocrx_word' id='word_1_119' title='bbox 424 1997 520 2060; x_wconf 90' lang='lat' dir='ltr'><strong>Nulla</strong></span> <span class='ocrx_word' id='word_1_120' title='bbox 534 1999 632 2061; x_wconf 84' lang='lat' dir='ltr'><strong>auium</strong></span> <span class='ocrx_word' id='word_1_121' title='bbox 652 2005 695 2060; x_wconf 81' lang='lat' dir='ltr'><strong>est</strong></span> <span class='ocrx_word' id='word_1_122' title='bbox 710 1999 844 2062; x_wconf 77' lang='lat' dir='ltr'><strong>accidens</strong></span> <span class='ocrx_word' id='word_1_123' title='bbox 858 2001 1023 2082; x_wconf 86' lang='lat' dir='ltr'><strong>proprium,</strong></span> <span class='ocrx_word' id='word_1_124' title='bbox 1039 2000 1086 2062; x_wconf 88' lang='lat' dir='ltr'><strong>ael</strong></span> <span class='ocrx_word' id='word_1_125' title='bbox 1103 2021 1259 2063; x_wconf 87' lang='lat' dir='ltr'><strong>commane.</strong></span> <span class='ocrx_word' id='word_1_126' title='bbox 1304 2000 1389 2084; x_wconf 82' lang='lat' dir='ltr'><strong>Erpa</strong></span> 
     </span>
     <span class='ocr_line' id='line_1_16' title="bbox 285 2109 1389 2204; baseline 0.003 -32"><span class='ocrx_word' id='word_1_127' title='bbox 285 2109 367 2172; x_wconf 85' lang='lat' dir='ltr'><strong>nulla</strong></span> <span class='ocrx_word' id='word_1_128' title='bbox 381 2111 480 2172; x_wconf 86' lang='lat' dir='ltr'><strong>anima</strong></span> <span class='ocrx_word' id='word_1_129' title='bbox 490 2117 534 2174; x_wconf 83' lang='lat' dir='ltr'><strong>est</strong></span> <span class='ocrx_word' id='word_1_130' title='bbox 548 2110 689 2187; x_wconf 84' lang='lat' dir='ltr'><strong>accidens,</strong></span> <span class='ocrx_word' id='word_1_131' title='bbox 702 2119 791 2193; x_wconf 89' lang='lat' dir='ltr'><strong>atque</strong></span> <span class='ocrx_word' id='word_1_132' title='bbox 806 2111 877 2173; x_wconf 87' lang='lat' dir='ltr'><strong>adeo</strong></span> <span class='ocrx_word' id='word_1_133' title='bbox 891 2133 983 2194; x_wconf 87' lang='lat' dir='ltr'><strong>neque</strong></span> <span class='ocrx_word' id='word_1_134' title='bbox 994 2113 1092 2175; x_wconf 87' lang='lat' dir='ltr'><strong>anima</strong></span> <span class='ocrx_word' id='word_1_135' title='bbox 1107 2112 1239 2175; x_wconf 75' lang='lat' dir='ltr'><strong>hominu.</strong></span> <span class='ocrx_word' id='word_1_136' title='bbox 1285 2113 1389 2204; x_wconf 82' lang='lat' dir='ltr'><strong>Maior</strong></span> 
     </span>
     <span class='ocr_line' id='line_1_17' title="bbox 198 2221 1389 2305; baseline 0.003 -22"><span class='ocrx_word' id='word_1_137' title='bbox 198 2253 201 2260; x_wconf 89' lang='lat'><strong>·</strong></span> <span class='ocrx_word' id='word_1_138' title='bbox 279 2222 455 2302; x_wconf 83' lang='lat' dir='ltr'><strong>probatione</strong></span> <span class='ocrx_word' id='word_1_139' title='bbox 473 2243 532 2284; x_wconf 90' lang='lat' dir='ltr'><strong>nou</strong></span> <span class='ocrx_word' id='word_1_140' title='bbox 546 2221 678 2305; x_wconf 82' lang='lat' dir='ltr'><strong>indiqat:</strong></span> <span class='ocrx_word' id='word_1_141' title='bbox 701 2223 797 2284; x_wconf 86' lang='lat' dir='ltr'><strong>minor</strong></span> <span class='ocrx_word' id='word_1_142' title='bbox 812 2223 969 2305; x_wconf 89' lang='lat' dir='ltr'><strong>probatur.</strong></span> <span class='ocrx_word' id='word_1_143' title='bbox 1014 2223 1096 2286; x_wconf 91' lang='lat' dir='ltr'><strong>Nam</strong></span> <span class='ocrx_word' id='word_1_144' title='bbox 1117 2224 1241 2288; x_wconf 74' lang='lat' dir='ltr'><strong>urticas</strong></span> <span class='ocrx_word' id='word_1_145' title='bbox 1263 2225 1389 2287; x_wconf 89' lang='lat' dir='ltr'><strong>animam</strong></span> 
     </span>
     <span class='ocr_line' id='line_1_18' title="bbox 285 2333 1389 2411; baseline 0.004 -17"><span class='ocrx_word' id='word_1_146' title='bbox 285 2353 347 2395; x_wconf 83' lang='lat' dir='ltr'><strong>ersa</strong></span> <span class='ocrx_word' id='word_1_147' title='bbox 371 2333 503 2395; x_wconf 70' lang='lat' dir='ltr'><strong>academ</strong></span> <span class='ocrx_word' id='word_1_148' title='bbox 522 2354 678 2411; x_wconf 87' lang='lat' dir='ltr'><strong>commune,</strong></span> <span class='ocrx_word' id='word_1_149' title='bbox 701 2340 770 2396; x_wconf 85' lang='lat' dir='ltr'><strong>tana</strong></span> <span class='ocrx_word' id='word_1_150' title='bbox 789 2334 888 2397; x_wconf 84' lang='lat' dir='ltr'><strong>eadem</strong></span> <span class='ocrx_word' id='word_1_151' title='bbox 909 2355 957 2398; x_wconf 87' lang='lat' dir='ltr'><strong>rea</strong></span> <span class='ocrx_word' id='word_1_152' title='bbox 976 2357 1095 2398; x_wconf 87' lang='lat' dir='ltr'><strong>maneas</strong></span> <span class='ocrx_word' id='word_1_153' title='bbox 1119 2335 1216 2398; x_wconf 85' lang='lat' dir='ltr'><strong>eadem</strong></span> <span class='ocrx_word' id='word_1_154' title='bbox 1235 2336 1389 2399; x_wconf 76' lang='lat' dir='ltr'><strong>nomadum</strong></span> 
     </span>
     <span class='ocr_line' id='line_1_19' title="bbox 204 2444 1391 2530; baseline 0.003 -23"><span class='ocrx_word' id='word_1_155' title='bbox 204 2503 207 2507; x_wconf 86' lang='lat'><strong>.</strong></span> <span class='ocrx_word' id='word_1_156' title='bbox 284 2444 487 2524; x_wconf 76' lang='lat' dir='ltr'><strong>substantiam,</strong></span> <span class='ocrx_word' id='word_1_157' title='bbox 505 2452 608 2528; x_wconf 86' lang='lat' dir='ltr'><strong>posset</strong></span> <span class='ocrx_word' id='word_1_158' title='bbox 629 2466 667 2509; x_wconf 81' lang='lat' dir='ltr'><strong>aa·</strong></span> <span class='ocrx_word' id='word_1_159' title='bbox 689 2466 747 2508; x_wconf 85' lang='lat' dir='ltr'><strong>non</strong></span> <span class='ocrx_word' id='word_1_160' title='bbox 770 2446 839 2509; x_wconf 88' lang='lat' dir='ltr'><strong>aiva</strong></span> <span class='ocrx_word' id='word_1_161' title='bbox 856 2447 930 2530; x_wconf 76' lang='lat' dir='ltr'><strong>fieri</strong></span> <span class='ocrx_word' id='word_1_162' title='bbox 952 2447 1027 2526; x_wconf 88' lang='lat' dir='ltr'><strong>aiau,</strong></span> <span class='ocrx_word' id='word_1_163' title='bbox 1051 2454 1081 2511; x_wconf 88' lang='lat' dir='ltr'><strong>et</strong></span> <span class='ocrx_word' id='word_1_164' title='bbox 1102 2454 1225 2521; x_wconf 89' lang='lat' dir='ltr'><strong>eontra;</strong></span> <span class='ocrx_word' id='word_1_165' title='bbox 1247 2447 1327 2530; x_wconf 86' lang='lat' dir='ltr'><strong>quod</strong></span> <span class='ocrx_word' id='word_1_166' title='bbox 1347 2455 1391 2512; x_wconf 87' lang='lat' dir='ltr'><strong>est</strong></span> 
     </span>
     <span class='ocr_line' id='line_1_20' title="bbox 275 2546 1390 2644; baseline 0.003 -25"><span class='ocrx_word' id='word_1_167' title='bbox 275 2557 439 2644; x_wconf 80' lang='lat' dir='ltr'><strong>¹manifeste</strong></span> <span class='ocrx_word' id='word_1_168' title='bbox 461 2565 564 2621; x_wconf 78' lang='lat' dir='ltr'><strong>matra</strong></span> <span class='ocrx_word' id='word_1_169' title='bbox 589 2579 699 2620; x_wconf 89' lang='lat' dir='ltr'><strong>omnem</strong></span> <span class='ocrx_word' id='word_1_170' title='bbox 725 2558 953 2640; x_wconf 82' lang='lat' dir='ltr'><strong>eaperieratiam:</strong></span> <span class='ocrx_word' id='word_1_171' title='bbox 984 2546 1220 2642; x_wconf 63' lang='lat' dir='ltr'><strong>quantiscumque</strong></span> <span class='ocrx_word' id='word_1_172' title='bbox 1242 2561 1318 2622; x_wconf 88' lang='lat' dir='ltr'><strong>enim</strong></span> <span class='ocrx_word' id='word_1_173' title='bbox 1343 2582 1390 2622; x_wconf 86' lang='lat' dir='ltr'><strong>raa</strong></span> 
     </span>
     <span class='ocr_line' id='line_1_21' title="bbox 284 2668 1391 2755; baseline 0.004 -24"><span class='ocrx_word' id='word_1_174' title='bbox 284 2669 391 2731; x_wconf 63' lang='lat' dir='ltr'><strong>munit</strong></span> <span class='ocrx_word' id='word_1_175' title='bbox 412 2670 507 2731; x_wconf 79' lang='lat' dir='ltr'><strong>nivem</strong></span> <span class='ocrx_word' id='word_1_176' title='bbox 528 2676 559 2731; x_wconf 90' lang='lat' dir='ltr'><strong>et</strong></span> <span class='ocrx_word' id='word_1_177' title='bbox 583 2690 644 2731; x_wconf 81' lang='lat' dir='ltr'><strong>esse</strong></span> <span class='ocrx_word' id='word_1_178' title='bbox 666 2668 808 2748; x_wconf 88' lang='lat' dir='ltr'><strong>animata,</strong></span> <span class='ocrx_word' id='word_1_179' title='bbox 832 2671 1005 2753; x_wconf 74' lang='lat' dir='ltr'><strong>reperimur,</strong></span> <span class='ocrx_word' id='word_1_180' title='bbox 1029 2672 1215 2733; x_wconf 85' lang='lat' dir='ltr'><strong>mutationem</strong></span> <span class='ocrx_word' id='word_1_181' title='bbox 1240 2672 1302 2733; x_wconf 83' lang='lat' dir='ltr'><strong>eius</strong></span> <span class='ocrx_word' id='word_1_182' title='bbox 1317 2671 1391 2755; x_wconf 81' lang='lat' dir='ltr'><strong>fieri</strong></span> 
     </span>
     <span class='ocr_line' id='line_1_22' title="bbox 285 2780 1390 2865; baseline 0.002 -22"><span class='ocrx_word' id='word_1_183' title='bbox 285 2780 440 2844; x_wconf 82' lang='lat' dir='ltr'><strong>secuudum</strong></span> <span class='ocrx_word' id='word_1_184' title='bbox 459 2780 661 2858; x_wconf 83' lang='lat' dir='ltr'><strong>substantiam,</strong></span> <span class='ocrx_word' id='word_1_185' title='bbox 677 2801 766 2863; x_wconf 87' lang='lat' dir='ltr'><strong>quum</strong></span> <span class='ocrx_word' id='word_1_186' title='bbox 784 2788 910 2862; x_wconf 82' lang='lat' dir='ltr'><strong>nequeat</strong></span> <span class='ocrx_word' id='word_1_187' title='bbox 932 2781 1057 2864; x_wconf 79' lang='lat' dir='ltr'><strong>amplius</strong></span> <span class='ocrx_word' id='word_1_188' title='bbox 1076 2802 1209 2844; x_wconf 76' lang='lat' dir='ltr'><strong>auersere</strong></span> <span class='ocrx_word' id='word_1_189' title='bbox 1224 2784 1390 2865; x_wconf 71' lang='lat' dir='ltr'><strong>praecipuas</strong></span> 
     </span>
     <span class='ocr_line' id='line_1_23' title="bbox 284 2891 1389 2976; baseline 0 -21"><span class='ocrx_word' id='word_1_190' title='bbox 284 2914 354 2955; x_wconf 77' lang='lat' dir='ltr'><strong>suaa</strong></span> <span class='ocrx_word' id='word_1_191' title='bbox 368 2894 556 2975; x_wconf 79' lang='lat' dir='ltr'><strong>operationes.</strong></span> <span class='ocrx_word' id='word_1_192' title='bbox 603 2891 640 2954; x_wconf 81' lang='lat' dir='ltr'><strong>Si</strong></span> <span class='ocrx_word' id='word_1_193' title='bbox 654 2900 751 2955; x_wconf 87' lang='lat' dir='ltr'><strong>autem</strong></span> <span class='ocrx_word' id='word_1_194' title='bbox 768 2891 849 2955; x_wconf 77' lang='lat' dir='ltr'><strong>dicas</strong></span> <span class='ocrx_word' id='word_1_195' title='bbox 864 2894 990 2955; x_wconf 90' lang='lat' dir='ltr'><strong>animam</strong></span> <span class='ocrx_word' id='word_1_196' title='bbox 1010 2914 1070 2955; x_wconf 80' lang='lat' dir='ltr'><strong>csse</strong></span> <span class='ocrx_word' id='word_1_197' title='bbox 1084 2893 1216 2956; x_wconf 78' lang='lat' dir='ltr'><strong>accidens</strong></span> <span class='ocrx_word' id='word_1_198' title='bbox 1224 2894 1389 2976; x_wconf 83' lang='lat' dir='ltr'><strong>proprium,</strong></span> 
     </span>
     <span class='ocr_line' id='line_1_24' title="bbox 284 3004 1391 3095; baseline 0.002 -29"><span class='ocrx_word' id='word_1_199' title='bbox 284 3004 376 3067; x_wconf 88' lang='lat' dir='ltr'><strong>malta</strong></span> <span class='ocrx_word' id='word_1_200' title='bbox 404 3006 499 3067; x_wconf 86' lang='lat' dir='ltr'><strong>minus</strong></span> <span class='ocrx_word' id='word_1_201' title='bbox 521 3010 624 3086; x_wconf 81' lang='lat' dir='ltr'><strong>posset</strong></span> <span class='ocrx_word' id='word_1_202' title='bbox 653 3011 722 3095; x_wconf 83' lang='lat' dir='ltr'><strong>tuuc</strong></span> <span class='ocrx_word' id='word_1_203' title='bbox 750 3024 811 3067; x_wconf 83' lang='lat' dir='ltr'><strong>aeae</strong></span> <span class='ocrx_word' id='word_1_204' title='bbox 833 3006 964 3087; x_wconf 87' lang='lat' dir='ltr'><strong>primum</strong></span> <span class='ocrx_word' id='word_1_205' title='bbox 986 3004 1166 3088; x_wconf 79' lang='lat' dir='ltr'><strong>principium</strong></span> <span class='ocrx_word' id='word_1_206' title='bbox 1191 3006 1391 3087; x_wconf 85' lang='lat' dir='ltr'><strong>operationum</strong></span> 
     </span>
     <span class='ocr_line' id='line_1_25' title="bbox 284 3113 1392 3198; baseline 0.004 -21"><span class='ocrx_word' id='word_1_207' title='bbox 284 3114 426 3192; x_wconf 82' lang='lat' dir='ltr'><strong>vitalium,</strong></span> <span class='ocrx_word' id='word_1_208' title='bbox 443 3136 531 3197; x_wconf 88' lang='lat' dir='ltr'><strong>quam</strong></span> <span class='ocrx_word' id='word_1_209' title='bbox 542 3113 735 3196; x_wconf 78' lang='lat' dir='ltr'><strong>peculiariter</strong></span> <span class='ocrx_word' id='word_1_210' title='bbox 748 3114 918 3198; x_wconf 83' lang='lat' dir='ltr'><strong>dependeret</strong></span> <span class='ocrx_word' id='word_1_211' title='bbox 933 3138 951 3177; x_wconf 93' lang='lat' dir='ltr'><strong>a</strong></span> <span class='ocrx_word' id='word_1_212' title='bbox 965 3116 1129 3179; x_wconf 80' lang='lat' dir='ltr'><strong>substantia</strong></span> <span class='ocrx_word' id='word_1_213' title='bbox 1144 3116 1206 3195; x_wconf 88' lang='lat' dir='ltr'><strong>illa,</strong></span> <span class='ocrx_word' id='word_1_214' title='bbox 1222 3118 1304 3180; x_wconf 83' lang='lat' dir='ltr'><strong>euius</strong></span> <span class='ocrx_word' id='word_1_215' title='bbox 1318 3126 1392 3181; x_wconf 78' lang='lat' dir='ltr'><strong>esset</strong></span> 
     </span>
     <span class='ocr_line' id='line_1_26' title="bbox 282 3226 1390 3313; baseline 0.005 -24"><span class='ocrx_word' id='word_1_216' title='bbox 282 3228 436 3309; x_wconf 85' lang='lat' dir='ltr'><strong>proprium</strong></span> <span class='ocrx_word' id='word_1_217' title='bbox 456 3226 597 3290; x_wconf 75' lang='lat' dir='ltr'><strong>maidens.</strong></span> <span class='ocrx_word' id='word_1_218' title='bbox 641 3226 830 3309; x_wconf 87' lang='lat' dir='ltr'><strong>Itaqueiam</strong></span> <span class='ocrx_word' id='word_1_219' title='bbox 844 3250 902 3291; x_wconf 89' lang='lat' dir='ltr'><strong>non</strong></span> <span class='ocrx_word' id='word_1_220' title='bbox 922 3229 981 3293; x_wconf 89' lang='lat' dir='ltr'><strong>tale</strong></span> <span class='ocrx_word' id='word_1_221' title='bbox 998 3230 1131 3293; x_wconf 81' lang='lat' dir='ltr'><strong>accidens</strong></span> <span class='ocrx_word' id='word_1_222' title='bbox 1145 3232 1301 3313; x_wconf 86' lang='lat' dir='ltr'><strong>proprium</strong></span> <span class='ocrx_word' id='word_1_223' title='bbox 1318 3238 1390 3294; x_wconf 81' lang='lat' dir='ltr'><strong>esset</strong></span> 
     </span>
     <span class='ocr_line' id='line_1_27' title="bbox 286 3338 1391 3425; baseline 0.003 -23"><span class='ocrx_word' id='word_1_224' title='bbox 286 3341 393 3416; x_wconf 89' lang='lat' dir='ltr'><strong>anima,</strong></span> <span class='ocrx_word' id='word_1_225' title='bbox 408 3339 460 3402; x_wconf 81' lang='lat' dir='ltr'><strong>sed</strong></span> <span class='ocrx_word' id='word_1_226' title='bbox 472 3338 527 3401; x_wconf 89' lang='lat' dir='ltr'><strong>illa</strong></span> <span class='ocrx_word' id='word_1_227' title='bbox 537 3338 642 3421; x_wconf 84' lang='lat' dir='ltr'><strong>patim</strong></span> <span class='ocrx_word' id='word_1_228' title='bbox 654 3339 819 3401; x_wconf 77' lang='lat' dir='ltr'><strong>substantia</strong></span> <span class='ocrx_word' id='word_1_229' title='bbox 828 3341 925 3422; x_wconf 86' lang='lat' dir='ltr'><strong>prior.</strong></span> <span class='ocrx_word' id='word_1_230' title='bbox 971 3339 1087 3405; x_wconf 85' lang='lat' dir='ltr'><strong>Contra</strong></span> <span class='ocrx_word' id='word_1_231' title='bbox 1100 3340 1158 3405; x_wconf 89' lang='lat' dir='ltr'><strong>hoo</strong></span> <span class='ocrx_word' id='word_1_232' title='bbox 1173 3348 1391 3425; x_wconf 85' lang='lat' dir='ltr'><strong>argumentum</strong></span> 
     </span>
     <span class='ocr_line' id='line_1_28' title="bbox 286 3447 1389 3535; baseline 0.005 -24"><span class='ocrx_word' id='word_1_233' title='bbox 286 3448 398 3512; x_wconf 90' lang='lat' dir='ltr'><strong>iterum</strong></span> <span class='ocrx_word' id='word_1_234' title='bbox 413 3447 571 3534; x_wconf 87' lang='lat' dir='ltr'><strong>replicabit</strong></span> <span class='ocrx_word' id='word_1_235' title='bbox 586 3447 771 3527; x_wconf 86' lang='lat' dir='ltr'><strong>incredulus,</strong></span> <span class='ocrx_word' id='word_1_236' title='bbox 787 3471 873 3513; x_wconf 85' lang='lat' dir='ltr'><strong>exeo</strong></span> <span class='ocrx_word' id='word_1_237' title='bbox 894 3450 977 3535; x_wconf 93' lang='lat' dir='ltr'><strong>quod</strong></span> <span class='ocrx_word' id='word_1_238' title='bbox 991 3450 1093 3514; x_wconf 88' lang='lat' dir='ltr'><strong>anima</strong></span> <span class='ocrx_word' id='word_1_239' title='bbox 1107 3473 1170 3515; x_wconf 91' lang='lat' dir='ltr'><strong>uon</strong></span> <span class='ocrx_word' id='word_1_240' title='bbox 1185 3452 1226 3515; x_wconf 92' lang='lat' dir='ltr'><strong>sit</strong></span> <span class='ocrx_word' id='word_1_241' title='bbox 1241 3452 1389 3533; x_wconf 84' lang='lat' dir='ltr'><strong>accidens,</strong></span> 
     </span>
     <span class='ocr_line' id='line_1_29' title="bbox 286 3559 1390 3643; baseline 0.005 -21"><span class='ocrx_word' id='word_1_242' title='bbox 286 3581 350 3623; x_wconf 90' lang='lat' dir='ltr'><strong>non</strong></span> <span class='ocrx_word' id='word_1_243' title='bbox 365 3560 450 3643; x_wconf 88' lang='lat' dir='ltr'><strong>sequi</strong></span> <span class='ocrx_word' id='word_1_244' title='bbox 465 3581 532 3623; x_wconf 90' lang='lat' dir='ltr'><strong>eam</strong></span> <span class='ocrx_word' id='word_1_245' title='bbox 548 3559 656 3623; x_wconf 88' lang='lat' dir='ltr'><strong>debere</strong></span> <span class='ocrx_word' id='word_1_246' title='bbox 671 3582 737 3624; x_wconf 88' lang='lat' dir='ltr'><strong>esse</strong></span> <span class='ocrx_word' id='word_1_247' title='bbox 748 3560 961 3640; x_wconf 87' lang='lat' dir='ltr'><strong>substantiam,</strong></span> <span class='ocrx_word' id='word_1_248' title='bbox 974 3561 1027 3625; x_wconf 88' lang='lat' dir='ltr'><strong>sed</strong></span> <span class='ocrx_word' id='word_1_249' title='bbox 1042 3570 1164 3626; x_wconf 87' lang='lat' dir='ltr'><strong>tantum</strong></span> <span class='ocrx_word' id='word_1_250' title='bbox 1180 3585 1245 3627; x_wconf 87' lang='lat' dir='ltr'><strong>esse</strong></span> <span class='ocrx_word' id='word_1_251' title='bbox 1259 3563 1390 3628; x_wconf 83' lang='lat' dir='ltr'><strong>formam</strong></span> 
     </span>
     <span class='ocr_line' id='line_1_30' title="bbox 287 3670 1391 3756; baseline 0.005 -22"><span class='ocrx_word' id='word_1_252' title='bbox 287 3670 420 3755; x_wconf 90' lang='lat' dir='ltr'><strong>aliquam</strong></span> <span class='ocrx_word' id='word_1_253' title='bbox 434 3670 559 3734; x_wconf 90' lang='lat' dir='ltr'><strong>dantem</strong></span> <span class='ocrx_word' id='word_1_254' title='bbox 574 3671 709 3756; x_wconf 89' lang='lat' dir='ltr'><strong>primum</strong></span> <span class='ocrx_word' id='word_1_255' title='bbox 732 3694 797 3736; x_wconf 85' lang='lat' dir='ltr'><strong>esse</strong></span> <span class='ocrx_word' id='word_1_256' title='bbox 813 3672 1001 3753; x_wconf 86' lang='lat' dir='ltr'><strong>substantiae,</strong></span> <span class='ocrx_word' id='word_1_257' title='bbox 1017 3672 1095 3739; x_wconf 87' lang='lat' dir='ltr'><strong>sieut</strong></span> <span class='ocrx_word' id='word_1_258' title='bbox 1118 3674 1209 3739; x_wconf 89' lang='lat' dir='ltr'><strong>multi</strong></span> <span class='ocrx_word' id='word_1_259' title='bbox 1224 3682 1391 3740; x_wconf 88' lang='lat' dir='ltr'><strong>tenuerunt</strong></span> 
     </span>
     <span class='ocr_line' id='line_1_31' title="bbox 287 3781 772 3847; baseline -0.002 0"><span class='ocrx_word' id='word_1_260' title='bbox 287 3805 321 3847; x_wconf 86' lang='lat' dir='ltr'><strong>aa</strong></span> <span class='ocrx_word' id='word_1_261' title='bbox 335 3791 442 3847; x_wconf 88' lang='lat' dir='ltr'><strong>tenent</strong></span> <span class='ocrx_word' id='word_1_262' title='bbox 458 3781 496 3846; x_wconf 88' lang='lat' dir='ltr'><strong>de</strong></span> <span class='ocrx_word' id='word_1_263' title='bbox 510 3782 612 3846; x_wconf 88' lang='lat' dir='ltr'><strong>anima</strong></span> <span class='ocrx_word' id='word_1_264' title='bbox 625 3782 772 3847; x_wconf 89' lang='lat' dir='ltr'><strong>belluina.</strong></span> 
     </span>
    </p>

    <p class='ocr_par' dir='ltr' id='par_1_4' title="bbox 284 3894 1392 4201">
     <span class='ocr_line' id='line_1_32' title="bbox 330 3894 1390 3985; baseline 0.005 -27"><span class='ocrx_word' id='word_1_265' title='bbox 330 3894 376 3958; x_wconf 80' lang='lat' dir='ltr'><strong>Ila</strong></span> <span class='ocrx_word' id='word_1_266' title='bbox 390 3894 439 3957; x_wconf 88' lang='lat' dir='ltr'><strong>his</strong></span> <span class='ocrx_word' id='word_1_267' title='bbox 461 3901 596 3980; x_wconf 88' lang='lat' dir='ltr'><strong>apparet,</strong></span> <span class='ocrx_word' id='word_1_268' title='bbox 610 3916 674 3959; x_wconf 88' lang='lat' dir='ltr'><strong>uon</strong></span> <span class='ocrx_word' id='word_1_269' title='bbox 696 3894 809 3959; x_wconf 83' lang='lat' dir='ltr'><strong>frustra</strong></span> <span class='ocrx_word' id='word_1_270' title='bbox 824 3896 987 3980; x_wconf 84' lang='lat' dir='ltr'><strong>excogitari</strong></span> <span class='ocrx_word' id='word_1_271' title='bbox 1000 3919 1094 3962; x_wconf 88' lang='lat' dir='ltr'><strong>novas</strong></span> <span class='ocrx_word' id='word_1_272' title='bbox 1115 3898 1249 3963; x_wconf 88' lang='lat' dir='ltr'><strong>rationes</strong></span> <span class='ocrx_word' id='word_1_273' title='bbox 1264 3898 1304 3963; x_wconf 91' lang='lat' dir='ltr'><strong>ad</strong></span> <span class='ocrx_word' id='word_1_274' title='bbox 1320 3921 1390 3985; x_wconf 90' lang='lat' dir='ltr'><strong>pro-</strong></span> 
     </span>
     <span class='ocr_line' id='line_1_33' title="bbox 284 4006 1391 4095; baseline 0.005 -24"><span class='ocrx_word' id='word_1_275' title='bbox 284 4006 422 4071; x_wconf 88' lang='lat' dir='ltr'><strong>bandum</strong></span> <span class='ocrx_word' id='word_1_276' title='bbox 438 4006 571 4071; x_wconf 90' lang='lat' dir='ltr'><strong>animam</strong></span> <span class='ocrx_word' id='word_1_277' title='bbox 586 4028 652 4071; x_wconf 90' lang='lat' dir='ltr'><strong>esse</strong></span> <span class='ocrx_word' id='word_1_278' title='bbox 674 4006 888 4071; x_wconf 89' lang='lat' dir='ltr'><strong>substantiam.</strong></span> <span class='ocrx_word' id='word_1_279' title='bbox 933 4008 1014 4073; x_wconf 91' lang='lat' dir='ltr'><strong>Puto</strong></span> <span class='ocrx_word' id='word_1_280' title='bbox 1034 4018 1147 4090; x_wconf 91' lang='lat' dir='ltr'><strong>autem,</strong></span> <span class='ocrx_word' id='word_1_281' title='bbox 1162 4010 1296 4075; x_wconf 88' lang='lat' dir='ltr'><strong>rationes</strong></span> <span class='ocrx_word' id='word_1_282' title='bbox 1315 4033 1391 4095; x_wconf 87' lang='lat' dir='ltr'><strong>prae·</strong></span> 
     </span>
     <span class='ocr_line' id='line_1_34' title="bbox 287 4118 1392 4201; baseline 0.004 -18"><span class='ocrx_word' id='word_1_283' title='bbox 287 4118 466 4183; x_wconf 88' lang='lat' dir='ltr'><strong>cedentibus</strong></span> <span class='ocrx_word' id='word_1_284' title='bbox 494 4118 631 4182; x_wconf 88' lang='lat' dir='ltr'><strong>numeris</strong></span> <span class='ocrx_word' id='word_1_285' title='bbox 660 4118 807 4199; x_wconf 76' lang='lat' dir='ltr'><strong>deductas</strong></span> <span class='ocrx_word' id='word_1_286' title='bbox 836 4142 901 4183; x_wconf 88' lang='lat' dir='ltr'><strong>esse</strong></span> <span class='ocrx_word' id='word_1_287' title='bbox 930 4122 1069 4197; x_wconf 82' lang='lat' dir='ltr'><strong>omnium</strong></span> <span class='ocrx_word' id='word_1_288' title='bbox 1098 4122 1328 4201; x_wconf 73' lang='lat' dir='ltr'><strong>efficacissimas,</strong></span> <span class='ocrx_word' id='word_1_289' title='bbox 1358 4123 1392 4187; x_wconf 91' lang='lat' dir='ltr'><strong>in</strong></span> 
     </span>
    </p>

    <p class='ocr_par' dir='ltr' id='par_1_5' title="bbox 267 4228 1391 4425">
     <span class='ocr_line' id='line_1_35' title="bbox 267 4228 1391 4316; baseline 0.006 -23"><span class='ocrx_word' id='word_1_290' title='bbox 267 4239 409 4295; x_wconf 79' lang='lat' dir='ltr'><strong>tautum</strong></span> <span class='ocrx_word' id='word_1_291' title='bbox 433 4242 469 4293; x_wconf 86' lang='lat' dir='ltr'><strong>ut</strong></span> <span class='ocrx_word' id='word_1_292' title='bbox 492 4228 613 4294; x_wconf 86' lang='lat' dir='ltr'><strong>illarum</strong></span> <span class='ocrx_word' id='word_1_293' title='bbox 638 4230 750 4295; x_wconf 87' lang='lat' dir='ltr'><strong>auxilio</strong></span> <span class='ocrx_word' id='word_1_294' title='bbox 775 4231 867 4295; x_wconf 90' lang='lat' dir='ltr'><strong>etiam</strong></span> <span class='ocrx_word' id='word_1_295' title='bbox 894 4230 1088 4316; x_wconf 88' lang='lat' dir='ltr'><strong>probationes</strong></span> <span class='ocrx_word' id='word_1_296' title='bbox 1118 4233 1278 4299; x_wconf 89' lang='lat' dir='ltr'><strong>debiliores</strong></span> <span class='ocrx_word' id='word_1_297' title='bbox 1307 4254 1391 4301; x_wconf 87' lang='lat' dir='ltr'><strong>nunc</strong></span> 
     </span>
     <span class='ocr_line' id='line_1_36' title="bbox 287 4340 1390 4425; baseline 0.007 -20"><span class='ocrx_word' id='word_1_298' title='bbox 287 4341 385 4406; x_wconf 87' lang='lat' dir='ltr'><strong>allatae</strong></span> <span class='ocrx_word' id='word_1_299' title='bbox 408 4340 562 4425; x_wconf 85' lang='lat' dir='ltr'><strong>acquirere</strong></span> <span class='ocrx_word' id='word_1_300' title='bbox 586 4343 707 4425; x_wconf 88' lang='lat' dir='ltr'><strong>possint</strong></span> <span class='ocrx_word' id='word_1_301' title='bbox 735 4343 797 4407; x_wconf 90' lang='lat' dir='ltr'><strong>vim</strong></span> <span class='ocrx_word' id='word_1_302' title='bbox 822 4344 1022 4410; x_wconf 81' lang='lat' dir='ltr'><strong>sufficientem</strong></span> <span class='ocrx_word' id='word_1_303' title='bbox 1046 4344 1085 4411; x_wconf 89' lang='lat' dir='ltr'><strong>ad</strong></span> <span class='ocrx_word' id='word_1_304' title='bbox 1108 4345 1292 4412; x_wconf 84' lang='lat' dir='ltr'><strong>adversarios</strong></span> <span class='ocrx_word' id='word_1_305' title='bbox 1319 4370 1390 4413; x_wconf 89' lang='lat' dir='ltr'><strong>oon·</strong></span> 
     </span>
    </p>
   </div>
   <div class='ocr_carea' id='block_1_3' title="bbox 0 0 1614 4975">
    <p class='ocr_par' dir='ltr' id='par_1_6' title="bbox 0 0 1614 4975">
     <span class='ocr_line' id='line_1_37' title="bbox 0 0 1614 4975; baseline 0 0"><span class='ocrx_word' id='word_1_306' title='bbox 0 0 1614 4975; x_wconf 95' lang='lat' dir='ltr'><strong> </strong></span> 
     </span>
    </p>
   </div>
  </div>
 </body>
</html>
