3200 4975
287 358 352 422 882
682 378 726 421 nn
741 376 996 421 accrurnrraus.
1236 358 1321 441 [err.
1339 380 1397 423 ιιι.

286 543 391 608 sertim
407 542 628 628 disputandum
642 552 698 624 est,
714 542 792 623 dico,
809 541 892 607 illam
911 563 970 606 aon
989 542 1131 627 distinqui
1151 544 1272 608 realiter
1291 547 1327 609 ab
1348 568 1397 625 eo,

286 654 367 739 quod
378 656 464 719 labet
479 656 872 719 remunerantem
891 655 1137 732 substuatimed
1149 655 1290 739 mtiapai
1303 658 1394 721 reali-

287 776 333 831 ter
353 769 391 832 ab
412 770 478 851 ipsc
497 766 748 833 substantialitate
772 788 883 844 masse,
906 767 988 830 euius
1009 772 1053 830 est
1075 767 1237 849 partititus.
1287 766 1394 832 Huius

286 876 492 963 responsionis
511 898 620 942 sensus
640 898 676 941 ex
695 876 833 941 dicendis
854 874 980 961 patebit.
1024 876 1067 941 Et
1086 877 1211 962 quidem
1226 885 1291 943 tota
1304 878 1394 957 ratio,

285 996 522 1073 propterquam
542 987 724 1073 proponitur
747 987 876 1074 quaestio
896 987 934 1053 de
954 987 1151 1053 distinetione
1174 988 1353 1075 quantitatis
1375 1013 1395 1055 a

280 1096 465 1177 'substantia
480 1098 629 1183 petitura
643 1098 788 1184 mysterio
802 1098 1018 1165 Eucharistiae:
1042 1100 1163 1185 quodsi
1177 1100 1266 1167 nobis
1280 1100 1390 1165 luisset

284 1208 437 1293 ignotum,
457 1230 548 1274 nemo
566 1230 715 1294 nmquam
734 1208 886 1294 potuisset
909 1209 1054 1294 suspicari
1076 1210 1189 1276 realem
1210 1212 1393 1297 quantitatis

285 1320 512 1386 distinctionem
542 1344 561 1386 a
589 1320 779 1386 substantia:
814 1320 893 1385 sicut
921 1342 1013 1385 nemo
1040 1342 1188 1406 umquam
1221 1322 1393 1407 suspicatus

284 1431 394 1498 inuret
427 1433 654 1498 distinctionem
689 1434 770 1497 inter
804 1439 948 1497 naturam
977 1432 1112 1497 hominis
1147 1433 1332 1518 singularem
1359 1444 1393 1499 et

284 1564 447 1629 personam
460 1543 607 1622 eiusdem,
622 1543 684 1609 nisi
697 1542 813 1608 laetum
831 1543 939 1607 luisset
956 1542 1178 1610 Incamationis
1199 1546 1391 1630 mysterium.

285 1654 395 1739 Itaque
417 1654 544 1740 questio
566 1653 604 1719 de
625 1653 823 1720 distinctione
845 1653 1026 1738 quantitatis
1047 1677 1066 1719 a
1089 1654 1261 1722 substantia
1275 1654 1308 1719 in
1322 1656 1392 1741 ipso

284 1767 484 1833 Eucharistiae
504 1767 650 1854 mysterio
672 1765 766 1832 habet
788 1765 949 1849 originem,
966 1774 997 1831 et
1016 1788 1054 1831 ex
1072 1766 1140 1851 ipso
1162 1766 1274 1833 habere
1298 1767 1391 1832 debet

284 1879 477 1943 solutionem.

328 1992 380 2054 79.
403 1988 445 2053 llt
462 1988 565 2073 primo
586 2008 624 2053 ex
644 1988 717 2052 fidei
738 1987 878 2053 doctrina
898 1986 963 2052 hac
983 1986 1021 2052 de
1040 1988 1097 2052 hoc
1112 1987 1258 2074 mysterio
1272 1998 1308 2053 ut
1322 2010 1388 2052 cer-

283 2100 402 2163 tissima
414 2099 586 2163 hahentur:
611 2103 645 2163 1⁰
667 2098 879 2164 Substantiam
893 2098 982 2183 panis
993 2098 1097 2163 etvini
1107 2098 1173 2164 fieri
1184 2098 1387 2165 substantiam

282 2210 417 2295 corporis
439 2218 470 2274 et
496 2210 655 2294 sanguinis
679 2210 814 2275 Christi:
848 2212 884 2273 2ο
905 2209 964 2274 hoc
989 2209 1055 2274 heri
1079 2231 1136 2294 per
1156 2210 1386 2275 transsubstan-

282 2323 452 2401 tiationem,
463 2342 527 2386 non
538 2344 608 2386 vero
622 2344 676 2407 per
690 2322 824 2408 aliquam
839 2321 1066 2405 generationem
1081 2328 1135 2385 aut
1149 2321 1385 2407 corruptionem,

282 2445 336 2503 aut
356 2434 627 2502 annihilationem:
650 2436 685 2500 3⁰
706 2455 830 2499 manere
849 2433 953 2498 omnia
972 2454 1040 2519 quae
1054 2433 1093 2498 ad
1108 2446 1220 2520 panem
1234 2442 1264 2500 et
1279 2432 1384 2499 vinum

281 2549 445 2634 pertinent,
455 2553 579 2632 excepta
589 2543 761 2610 substantia
771 2544 917 2629 ipsorum.
963 2543 1010 2608 ux
1019 2543 1067 2608 his
1077 2542 1187 2623 tribus,
1201 2565 1269 2629 quae
1283 2553 1383 2608 totum

282 2659 442 2724 continent
456 2655 646 2743 mysterium,
661 2654 750 2740 plura
765 2653 825 2722 alia
843 2661 1025 2737 sequuntur,
1040 2675 1109 2737 qnae
1127 2653 1326 2718 diversimode
1346 2653 1384 2718 ab

281 2770 456 2836 auctoribus
470 2767 660 2853 explicantur
673 2787 729 2850 pro
743 2763 870 2828 diversis
881 2763 959 2830 eirca
967 2786 1015 2830 res
1025 2763 1166 2847 physicas
1179 2763 1382 2848 opinionibus.

282 2881 349 2945 Nos
377 2890 479 2945 autem
506 2879 568 2943 tria
595 2877 649 2942 illa
671 2877 771 2962 capita
794 2875 972 2955 retinentes,
998 2873 1035 2940 de
1059 2873 1170 2959 quibus
1193 2873 1313 2939 nullum
1337 2885 1384 2942 cst

281 2992 420 3072 dubium,
435 2990 650 3075 explicationes
671 2989 703 3052 in
724 2987 851 3072 antiqua
871 2985 998 3071 physica
1017 2985 1162 3050 firndatas
1177 2984 1217 3050 ad
1231 2985 1384 3069 significa-

274 3105 396 3169 tionem
418 3101 562 3189 praesenti
587 3101 722 3166 scientiae
743 3097 892 3163 naturalis
912 3096 1007 3161 statui
1025 3103 1244 3180 congruentem
1263 3096 1383 3159 trahere

280 3213 479 3291 conabimur,
501 3211 628 3276 mutatis
653 3209 792 3274 videlicet
817 3206 966 3286 terminis,
991 3229 1054 3271 non
1080 3207 1192 3274 rebus:
1216 3207 1383 3270 sententias

280 3346 350 3391 vero
374 3324 449 3390 alias
473 3322 687 3401 recentiorum,
702 3320 757 3405 qui
782 3319 897 3403 species
922 3317 1012 3401 panis
1037 3316 1145 3381 etvini
1165 3316 1318 3381 reducunt
1343 3316 1382 3380 ad

278 3459 392 3522 purum
417 3435 652 3520 phoenomenum
674 3433 742 3497 sine
759 3430 907 3498 obiectiva
924 3427 1070 3506 realitate,
1093 3449 1230 3512 quosque
1252 3427 1383 3492 refutare

279 3549 320 3614 sd
347 3546 507 3630 theologos
532 3545 677 3630 pertinet,
706 3550 815 3626 utpote
844 3540 961 3607 nodum
990 3561 1053 3604 non
1079 3539 1239 3618 solventes,
1264 3548 1295 3603 et
1321 3538 1381 3623 ipsi

279 3657 425 3746 mysterio
439 3656 586 3722 indirecte
600 3663 819 3741 repugnantes,
833 3650 1037 3736 negligemus.
1217 3643 1220 3646 ⁴

323 3771 433 3856 Itaque
447 3791 483 3834 ex
497 3768 596 3837 trihus
610 3766 763 3852 predictis
777 3763 915 3850 mysterii
929 3760 1080 3846 capitibus
1094 3760 1228 3845 primum
1243 3761 1380 3826 eontinet

278 3883 414 3948 facturn:
436 3881 605 3947 seeundum
635 3879 771 3943 continet
799 3875 873 3941 lacti
901 3874 1067 3940 rationem:
1090 3872 1217 3936 tertium
1243 3873 1380 3938 continet

278 3992 505 4059 resultationem
521 3991 603 4061 laeti.
635 3989 682 4054 Ut
695 3996 800 4054 autem
815 3987 873 4051 tria
886 3985 951 4050 haeo
966 3983 1058 4048 simul
1068 3982 1245 4062 subsistant,
1258 4005 1379 4048 necesse

277 4114 324 4170 est
338 4105 434 4172 solam
447 4104 595 4168 rationem
611 4100 799 4178 substantiae,
816 4121 883 4185 quae
898 4097 991 4162 estin
1007 4117 1085 4181 pane
1100 4105 1131 4160 et
1141 4096 1173 4160 in
1183 4095 1262 4174 vino,
1278 4103 1378 4160 trans·

277 4217 331 4294 ire,
354 4215 480 4299 reliquis
501 4211 696 4279 manentibus
707 4236 717 4288 ;
740 4208 825 4272 nulls
847 4207 929 4270 enim
951 4206 987 4269 fit
1009 4204 1198 4282 annihilatio,
1214 4204 1377 4288 corruptio,

276 4335 331 4391 ant
345 4325 510 4409 generabo,
526 4333 562 4388 ut
576 4343 682 4387 omnes
697 4319 914 4397 consentiunt;
937 4337 1059 4382 necesse
1073 4324 1120 4380 est
1141 4316 1236 4398 igitur
1254 4338 1376 4380 manere
