3200 4975
821 316 943 406 vss'

299 536 431 629 quibus
457 536 643 631 propriam
670 535 888 607 sententiam
914 535 1044 621 habeo,
1069 543 1111 607 ut
1132 535 1227 606 circa
1252 536 1403 607 modum

299 659 507 755 explicandi
524 658 777 746 sensationem‚
793 659 888 731 circa
905 658 1136 731 existentiam
1154 683 1279 731 sensus
1296 683 1404 755 agen·

299 784 356 870 tis,
392 784 487 855 circa
520 784 716 855 relationes
753 790 901 855 mutuas
935 790 973 855 et
1007 807 1082 854 non
1116 791 1273 870 mutuas,
1309 783 1403 855 cirea

297 908 417 980 ideam
435 908 529 980 entis
546 905 853 993 universalissimi,
872 906 966 978 circa
983 906 1187 1000 specificam
1205 906 1401 1000 spirituum

297 1030 579 1118 distinctionem,
611 1040 648 1102 et
683 1031 723 1102 in
761 1030 888 1126 paucis
927 1030 1007 1101 aliis
1045 1030 1325 1123 quaestionibus:
1363 1032 1402 1102 in

297 1157 429 1250 quibus
456 1156 625 1229 omnibus
651 1180 768 1252 sper0,
792 1157 978 1242 lectorem,
997 1156 1080 1228 visis
1103 1164 1214 1249 atque
1234 1156 1403 1229 discussis

296 1281 585 1375 probationibus,
605 1304 748 1352 mecum
765 1277 874 1351 facile
892 1280 1205 1351 concordaturum.

347 1405 439 1485 Quae
457 1405 579 1476 omnia
596 1404 768 1498 explicite
785 1403 954 1475 hocloco
972 1427 1120 1476 monere
1137 1404 1248 1491 volui,
1265 1427 1340 1475 non
1358 1429 1402 1477 ea

295 1544 428 1616 mente,
448 1528 551 1621 quasi
567 1527 699 1599 vellem
716 1551 762 1598 ex
779 1526 938 1600 inventis
955 1528 1047 1599 meis
1069 1527 1217 1600 laudem
1240 1536 1398 1624 captare,

293 1662 337 1725 ut
354 1653 503 1747 quidam
521 1650 649 1737 solent,
668 1651 744 1743 qui,
763 1676 845 1744 quae
862 1652 1092 1746 praeclariora
1114 1660 1259 1747 putant,
1282 1661 1400 1725 osten-

261 1868 263 1877 Ι
295 1786 375 1850 tant
400 1776 616 1857 lectoribus;
644 1776 704 1846 vix
731 1766 830 1846 enim
857 1799 931 1846 non
962 1776 1185 1847 contrarium
1219 1777 1397 1864 timerem,

294 1902 359 1996 qui
392 1924 469 1971 rem
504 1899 658 1993 periculi
691 1897 813 1971 forsan
843 1924 919 1972 non
952 1901 1084 1986 minus,
1120 1924 1230 1994 quam
1264 1901 1399 1974 laboris

292 2026 440 2121 plenam
458 2024 600 2119 suscepi
619 2023 836 2119 (praesertim
867 2049 983 2117 quum
1000 2024 1153 2112 videam,
1171 2050 1231 2098 me
1249 2035 1399 2121 propter

293 2149 473 2221 scribendi
495 2145 767 2219 festinationem
784 2147 824 2217 in
841 2147 912 2218 hoc
935 2172 1081 2241 quoque
1098 2148 1284 2221 volumine
1301 2173 1399 2243 quae·

293 2273 377 2342 dam
393 2264 592 2365 improprie
611 2278 648 2341 et
665 2270 872 2341 inordinate
890 2268 1051 2366 dixisse):
1079 2272 1141 2342 sed
1155 2278 1208 2358 ut,
1223 2272 1397 2364 quoniam

291 2394 540 2467 ratiocinando
570 2394 610 2465 in
644 2417 687 2465 ea
722 2417 802 2487 quae
843 2395 1052 2467 enumeravi
1090 2396 1268 2466 adductus
1303 2420 1395 2483 sum,

291 2522 381 2593 sciat
398 2519 619 2613 quicumque
637 2543 674 2591 se
691 2543 817 2613 parem
833 2518 983 2591 ferendo
1001 2520 1136 2592 iudicio
1155 2520 1280 2607 credit,
1299 2520 1396 2592 circa

291 2669 373 2740 quae
390 2669 512 2718 rerum
531 2644 652 2738 capita
668 2643 897 2739 diligentiam
914 2653 1030 2715 acuat.
1106 2683 1110 2690 ·
