3200 4975
265 373 326 434 102
572 393 614 435 ιιιι
631 393 833 437 ιιιιιιιιιιιιι
850 392 1054 438 arrnrrusm.
1207 373 1291 457 [cnr.
1310 392 1364 433 111.

262 557 334 642 quia
349 557 518 622 subiectum
538 558 649 643 partim
672 569 812 625 movetur
825 582 931 625 versus
950 560 1104 626 obiectum
1118 567 1154 625 ut
1168 558 1260 625 habet
1275 559 1366 623 retio-

262 690 333 732 nem
349 668 432 748 boni,
447 669 558 753 partim
581 668 620 733 ab
638 692 675 734 eo
692 678 850 735 revocetur
864 680 900 735 ut
914 680 962 736 est
979 672 1109 735 mixtum
1130 670 1265 735 carentia
1283 667 1366 747 boni,

262 802 358 864 agens
382 779 542 845 advertens
567 779 758 847 existentiam
778 782 812 846 in
836 804 869 847 se
894 782 1005 847 horum
1024 782 1194 868 primorum
1214 790 1366 859 motuum,

261 890 369 975 incipit
380 890 550 957 examinare
561 901 666 956 utrum
675 892 786 977 eligere
800 916 836 958 ac
851 893 927 957 velle
942 892 1050 958 debeat
1060 893 1215 957 obiectum
1230 914 1270 956 an
1282 914 1363 956 non:

262 1002 347 1086 quod
359 1001 432 1067 fucit
447 1025 501 1087 ρει
515 1003 687 1083 consilium,
699 1026 762 1089 quo
771 1004 919 1069 diiudicat
939 1014 1008 1069 utra
1027 1027 1098 1089 psrs
1115 1004 1156 1069 sit
1169 1003 1367 1089 praeferenda.

262 1112 368 1189 Quum
382 1136 454 1179 vero
468 1115 526 1179 hoc
540 1115 701 1180 consilium
719 1137 783 1179 non
806 1117 859 1180 fiat
879 1125 1002 1180 tantum
1021 1116 1101 1181 circo
1115 1114 1269 1180 obiectum
1284 1114 1318 1179 in
1333 1136 1366 1178 se

262 1233 443 1309 spectatum,
466 1238 519 1289 ant
541 1235 576 1289 ut
597 1248 730 1311 praesens
752 1237 798 1291 est
821 1226 1000 1306 intellectui,
1024 1226 1077 1291 sed
1098 1225 1267 1310 praesertim
1288 1225 1368 1290 circs

262 1335 415 1401 obiectum
430 1346 466 1401 ut
480 1338 621 1402 convenit
636 1333 683 1403 vel
696 1359 760 1402 non
775 1338 918 1402 convenit
933 1360 1002 1403 oum
1019 1337 1216 1422 dispositione
1230 1335 1368 1401 affectiva

262 1447 391 1530 agentis,
407 1448 440 1515 id
454 1458 500 1513 est
516 1458 550 1513 ut
564 1450 663 1533 magis
683 1450 730 1513 vel
750 1449 854 1513 minus
872 1448 999 1513 attrahit
1021 1448 1173 1527 affectum,
1189 1470 1281 1532 quam
1301 1446 1367 1513 eius

261 1559 447 1624 contrarium
463 1560 509 1625 vel
524 1560 803 1640 contradictorium,
817 1561 964 1645 sequitur,
974 1560 1032 1625 hoo
1047 1558 1208 1624 consilium
1223 1580 1287 1623 non
1302 1580 1367 1623 esse

261 1693 280 1733 o
295 1671 358 1734 solo
374 1671 530 1737 intellectu
545 1681 581 1736 ut
595 1672 799 1737 intellectivus
821 1681 868 1736 cst
888 1671 1008 1750 obiecti,
1030 1670 1084 1735 scd
1101 1670 1139 1735 ab
1159 1670 1317 1734 intellectu
1330 1678 1367 1733 ut

261 1780 372 1846 ultimo
386 1783 557 1867 completur
571 1806 625 1867 per
636 1806 768 1847 amorem
781 1784 830 1846 sui
845 1805 919 1853 esse,
932 1804 986 1846 seu
1001 1782 1040 1846 ab
1055 1780 1211 1845 intellectu
1223 1781 1367 1865 practico,

262 1894 316 1977 qui
330 1894 447 1977 regitur
461 1916 496 1959 sc
511 1895 634 1959 ducitur
655 1917 756 1958 amore
776 1894 825 1957 sui
842 1893 918 1957 boni
933 1894 965 1956 in
980 1891 1178 1957 consiliando.
1224 1892 1306 1955 Hinc
1320 1892 1366 1969 fit,

263 2015 298 2067 ut
312 2026 416 2088 regere
436 2005 608 2085 consilium,
626 2006 658 2069 id
681 2015 727 2068 est
747 2005 899 2089 applicare
917 2003 1107 2068 intellectum
1121 2003 1161 2069 od
1175 2002 1367 2067 consideran-

263 2113 337 2178 dum
352 2114 408 2179 hss
423 2116 555 2179 rationes
566 2116 612 2179 vel
624 2116 702 2195 illas,
712 2117 861 2181 attentius
870 2115 917 2181 vel
931 2115 1034 2178 minus
1049 2122 1175 2192 attente,
1184 2136 1255 2177 cum
1271 2113 1368 2179 multa

261 2225 402 2289 moravel
416 2248 486 2290 cum
502 2225 594 2304 brevi,
607 2235 638 2291 ct
653 2228 696 2291 ric
711 2227 822 2311 eligere
833 2228 985 2291 obiectum
1001 2226 1156 2290 materiale
1170 2234 1200 2289 et
1215 2226 1369 2290 obiectum

262 2335 388 2401 formale
410 2337 596 2403 diversarum
619 2339 892 2404 considerationum
916 2348 947 2403 et
969 2338 1241 2423 comparationum,
1257 2346 1288 2401 et
1302 2359 1369 2401 mo·
1429 2421 1430 2425 Ἰ

261 2449 335 2513 dum
350 2450 518 2535 proctioum
532 2450 628 2536 ipsius
643 2450 773 2531 consilii,
794 2452 834 2516 ait
854 2473 931 2536 opus
955 2449 1121 2514 voluntatis
1131 2475 1140 2528 3
1163 2448 1246 2514 unde
1266 2448 1369 2534 ipsum

261 2560 408 2626 iudicium
423 2564 600 2646 practicum,
619 2564 653 2627 in
673 2564 756 2648 quod
772 2563 934 2627 resolvitur
951 2572 1016 2626 tota
1035 2561 1204 2627 consiliatio
1226 2561 1305 2624 nihil
1327 2560 1369 2624 sit

260 2673 344 2737 aliud
359 2674 419 2738 nisi
432 2674 590 2740 resultatio
605 2675 789 2761 operationis
810 2674 939 2739 volitivae
959 2672 1148 2738 intellectum
1167 2671 1312 2757 regentis,
1337 2681 1368 2736 et

261 2785 417 2868 perillum
432 2786 664 2851 determinantis
679 2787 844 2850 terminum
862 2787 909 2850 sui
924 2795 1020 2850 actus.

308 2896 376 2961 Hoc
390 2918 461 2961 vero
475 2898 613 2982 exemplo
633 2898 769 2963 sensibili
784 2897 930 2962 declarari
945 2905 1055 2982 potest.
1102 2896 1208 2972 Quum
1223 2898 1305 2961 enim
1321 2896 1369 2960 in·

262 3008 403 3072 tellectus
424 3008 455 3072 in
476 3009 623 3074 electione
641 3009 751 3074 lrabeat
774 3010 922 3073 rationem
947 3007 1144 3073 instrumenti
1165 3008 1273 3073 intime
1296 3031 1368 3072 con-

262 3119 361 3182 iuncti
379 3141 451 3183 eum
471 3129 591 3203 agente,
613 3144 667 3185 seu
689 3143 759 3185 cum
783 3119 951 3200 voluntate,
974 3130 1074 3204 potest
1096 3121 1264 3204 comparari
1282 3130 1368 3185 sotus

263 3251 324 3312 quo
349 3230 491 3294 voluntas
515 3230 601 3316 eligit
625 3254 679 3314 per
701 3231 892 3296 intellectum
912 3233 993 3296 actui
1012 3254 1074 3316 quo
1097 3232 1189 3296 homo
1211 3231 1293 3297 videt
1315 3256 1369 3318 per

230 3371 235 3382 ¹
263 3341 398 3404 oculum.
443 3341 591 3417 Quamvis
606 3343 689 3406 enim
703 3342 812 3406 oculus
826 3342 960 3408 hominis
980 3343 1020 3407 sit
1040 3343 1177 3428 potentia
1191 3345 1367 3423 necessaria,

263 3453 296 3514 in
311 3463 461 3535 quantum
477 3476 540 3517 non
551 3462 652 3537 potest
666 3477 730 3519 non
744 3454 856 3519 referre
870 3478 918 3518 res
934 3464 1025 3539 prout
1039 3456 1072 3518 in
1088 3478 1124 3519 eo
1138 3455 1367 3541 imprimuntur,

263 3573 428 3627 esttamen
444 3563 685 3630 instrumentum
709 3565 811 3630 liberae
825 3565 959 3644 visionis,
975 3566 1008 3630 in
1024 3574 1174 3652 quantum
1189 3567 1282 3631 homo
1297 3589 1367 3632 ocu-

263 3673 329 3738 lum
344 3674 458 3739 clondit
474 3677 521 3739 vel
536 3678 642 3761 operit,
658 3678 806 3741 convertit
827 3678 865 3742 ad
881 3678 938 3742 hoc
953 3678 1000 3742 vel
1018 3678 1057 3742 ad
1076 3679 1166 3756 illud,
1182 3678 1307 3763 alonge
1322 3679 1368 3745 vel

263 3809 281 3849 a
303 3807 407 3870 prope,
432 3795 501 3864 etc,
525 3810 579 3872 per
604 3789 688 3872 quod
717 3790 823 3853 oculus
847 3790 966 3874 cogitur
991 3790 1123 3875 recipere
1148 3790 1204 3854 has
1229 3791 1277 3856 vel
1301 3791 1370 3856 illas

262 3899 485 3981 impressiones,
511 3908 542 3963 et
568 3900 610 3963 sic
638 3901 748 3964 servire
774 3901 846 3964 huic
870 3901 979 3965 visioni
1003 3903 1221 3986 potiusquam
1244 3902 1369 3968 cuilibet

262 4010 359 4074 alteri.
403 4011 501 4074 Actus
515 4012 612 4094 igitur
627 4011 761 4090 visionis,
777 4022 813 4075 ut
828 4013 952 4077 visionis
975 4012 1163 4098 simpliciter,
1178 4015 1313 4097 pertinet
1328 4015 1368 4080 ad

262 4123 395 4201 oculum,
405 4122 458 4186 sed
472 4132 508 4185 ut
523 4132 609 4187 aetus
621 4123 745 4186 visionis
754 4124 925 4188 terminstae
936 4124 976 4188 ad
986 4124 1043 4189 hoc
1059 4125 1187 4210 speciale
1202 4125 1366 4206 obiectum,

260 4235 392 4317 pertinet
415 4234 454 4298 ed
478 4235 580 4319 ipsum
600 4235 756 4300 hominem
777 4246 914 4300 utentem
935 4237 1023 4300 oculo
1043 4247 1135 4322 prout
1151 4238 1228 4302 vult.
1275 4240 1374 4304 sint·

260 4346 338 4424 liter,
359 4346 496 4428 quamvis
522 4346 697 4410 intellectus
724 4348 763 4410 sit
789 4349 927 4432 potentia
955 4350 1131 4428 necessaria,
1158 4351 1189 4413 in
1216 4361 1367 4434 quantum
