3200 4975
237 398 306 443 cnr.
324 380 362 465 1.]
629 404 674 445 na
692 403 950 447 accrnnurruus.
1277 382 1342 445 293

234 570 415 635 'substantia
434 570 611 636 elementari
625 573 683 636 erit
698 574 849 637 terminus
864 574 955 658 spatii
970 596 1025 637 seu
1040 574 1164 657 signum
1184 572 1339 637 immensi·

234 682 316 761 tatis,
332 682 364 747 in
383 705 444 769 quo
464 684 591 749 materia
613 686 720 772 recipit
742 694 846 749 actum
869 684 1111 764 substantialem,
1132 698 1226 770 aquo'
1241 685 1340 770 primo

234 794 327 861 habet
349 817 425 860 csse.
471 793 552 873 Quia
567 819 636 862 vero
658 798 723 861 haec
745 797 877 882 receptio
900 805 986 863 actus
1008 796 1159 861 entitativi
1180 819 1241 860 non
1258 797 1292 860 fit
1307 796 1339 860 in

234 906 335 991 aliqua
357 907 532 973 extensione
553 908 674 973 formali
703 909 868 973 intrinseca
892 910 973 991 (nam
998 908 1181 975 elementum
1205 908 1339 979 materiae

232 1027 279 1081 eat
294 1019 420 1083 omnino
440 1019 644 1104 inextensum)
669 1042 725 1085 uec
745 1021 913 1085 extrinseca
937 1022 1020 1103 (nam
1044 1019 1245 1104 supponimus
1261 1042 1338 1083 non·

234 1129 309 1193 dum
324 1129 452 1195 existere
465 1129 540 1195 alias
556 1132 743 1197 substantias
758 1132 940 1216 materiales)
955 1132 1009 1197 sed
1023 1132 1056 1195 in
1068 1131 1189 1197 virtuali
1204 1141 1336 1210 tantum,

234 1264 289 1305 seu
311 1242 344 1306 in
365 1242 549 1309 virtualitate
570 1244 785 1309 immensitatis
808 1244 927 1323 divinae,
950 1243 1019 1308 ideo
1042 1243 1173 1309 ubicatio
1195 1242 1337 1307 elementi

233 1353 317 1418 illins
337 1355 501 1419 materialis
514 1355 644 1420 'nullum
665 1355 756 1419 habet
770 1378 861 1441 snpra
878 1364 931 1419 aut
946 1356 1038 1435 infru,
1053 1353 1175 1423 nullum
1190 1356 1269 1419 intas
1283 1363 1337 1420 aut

224 1468 315 1549 foris,
332 1466 452 1530 nullum
467 1469 535 1531 hinc
548 1466 594 1531 vel
610 1468 676 1531 inda
690 1467 889 1531 intrinsecum
906 1476 959 1529 aut
978 1465 1191 1545 extrinsecum,
1214 1465 1268 1531 scd
1289 1473 1337 1529 est

233 1578 359 1642 omnino
388 1578 537 1659 absoluta,
559 1588 590 1643 et
611 1578 706 1644 libera
728 1579 767 1644 ab
789 1578 837 1642 his
863 1577 1163 1643 denominationibus
1193 1578 1336 1645 relativis.

233 1690 390 1766 Quamdiu
412 1713 485 1775 ergo
508 1713 571 1755 non
595 1691 721 1776 ponitur
745 1691 806 1755 nisi
829 1692 955 1755 unicum
980 1690 1166 1755 elementum
1192 1689 1335 1769 materiae,

233 1802 354 1867 nullum
383 1803 514 1868 habetur
542 1805 590 1868 die
618 1812 649 1867 et
678 1805 722 1867 ibi
729 1829 739 1882 3
769 1812 800 1867 et
830 1810 1049 1887 consequenter
1082 1801 1168 1867 nulla
1201 1802 1336 1869 formalis

233 1914 368 1978 extensio
397 1915 479 1979 inter
506 1914 654 1979 terminos
683 1914 854 1994 distinctos,
878 1924 909 1978 et
932 1914 1051 1978 nullum
1078 1915 1129 1978 cti
1157 1912 1336 1993 acidentale,

234 2026 316 2111 quod
342 2027 382 2092 sit
408 2027 559 2091 terminus
588 2026 716 2093 alicuius
745 2036 858 2091 motus.
904 2026 986 2111 Ergo
1009 2026 1060 2090 ubi
1082 2024 1281 2097 intrinsecum
1305 2033 1337 2088 et

234 2137 408 2202 absolutum
438 2160 501 2203 non
531 2148 578 2203 est
607 2138 756 2218 accidens,
787 2137 841 2203 sed
870 2137 1052 2202 attributum
1087 2146 1158 2201 actu
1187 2137 1337 2202 comitans

231 2247 447 2333 invariabiliter
467 2250 626 2315 materiam
648 2258 799 2338 actuatam
821 2272 838 2313 a
857 2249 971 2314 forma:
995 2257 1026 2313 et
1049 2256 1201 2333 quatenus
1230 2255 1277 2321 est
1303 2247 1337 2311 in

125 2381 127 2385 ⁴
234 2363 379 2446 potentia'
395 2363 434 2427 ad
457 2363 552 2428 varias
582 2361 844 2427 denominationes
874 2361 1013 2425 relativas
1042 2360 1233 2440 extrinsecas,
1263 2359 1337 2425 dicit

232 2474 465 2559 possibilitatem
494 2474 632 2540 omnium
662 2472 871 2539 ubicationurn
898 2471 1129 2538 accidentalium
1155 2471 1252 2558 ipsius
1277 2471 1336 2537 ele·

233 2589 337 2655 menti.

277 2703 308 2764 7.
330 2699 443 2779 lertio,
470 2723 567 2785 quum
594 2701 626 2763 in
649 2700 802 2764 elemento
832 2697 979 2768 materiali
1008 2698 1105 2762 forma
1133 2698 1336 2764 communicet

121 2859 127 2868 ‚
232 2835 298 2876 esse
327 2812 470 2892 materiae,
499 2822 531 2876 et
560 2822 781 2896 consequenter
813 2833 904 2874 suum
940 2811 1055 2894 quondo
1090 2809 1275 2889 absolutum,
1305 2819 1336 2873 et

184 2963 187 2966 ·
234 2923 359 2987 materia
387 2922 538 3008 compleat
567 2923 695 2986 formam
725 2922 759 2986 in
788 2944 855 2986 esse
884 2921 1029 3006 potentiae
1063 2920 1177 3000 activa,
1207 2928 1239 2984 et
1268 2943 1335 2986 eam

233 3036 376 3099 terminet
390 3035 424 3098 in
439 3057 495 3099 suo
509 3036 560 3099 eti
579 3033 730 3113 absoluto,
753 3032 840 3099 facile
862 3041 909 3097 est
931 3032 1121 3110 concludere,
1142 3031 1222 3096 idem
1239 3033 1290 3097 ubi
1304 3041 1335 3096 et

232 3146 314 3210 idem
336 3147 452 3230 qnando
473 3144 634 3211 convenire
662 3145 787 3230 utrique
816 3144 980 3209 intrinsece
1002 3153 1033 3208 et
1055 3143 1204 3224 absolute,
1227 3142 1336 3208 saltem

233 3258 437 3338 materialiter,
452 3258 523 3324 licet
538 3280 601 3322 non
617 3257 794 3322 formaliter.
837 3256 919 3320 Nam
933 3257 984 3321 ubi
998 3278 1061 3320 non
1076 3256 1216 3322 convenit
1231 3256 1335 3321 formas

230 3380 265 3436 ut
280 3380 327 3436 est
341 3380 437 3451 actus,
449 3380 480 3436 et
495 3373 609 3455 quando
624 3392 688 3434 non
702 3370 845 3434 convenit
861 3369 993 3434 materia
1007 3376 1042 3433 ut
1056 3378 1103 3434 est
1117 3369 1264 3454 potentia,
1281 3368 1335 3434 sed

232 3494 396 3569 utrumque
425 3484 564 3548 convenit
589 3484 711 3568 utrique
733 3492 769 3546 ut
792 3492 866 3546 suut
888 3505 950 3546 una
973 3481 1153 3560 substantia,
1177 3503 1231 3546 seu
1255 3503 1334 3545 unus

230 3607 316 3660 actus
346 3596 519 3661 materialis.
565 3595 647 3672 Quia
675 3617 748 3679 ergo
778 3594 904 3658 materia
929 3602 960 3658 et
985 3595 1083 3658 forma
1111 3593 1226 3660 habent
1251 3594 1333 3660 idem

231 3709 357 3791 qucum,
379 3707 549 3771 coexistunt
572 3706 674 3786 simul,
698 3716 729 3769 et
749 3705 871 3791 quidem
894 3705 984 3769 unica
998 3703 1157 3769 existentia
1172 3727 1241 3789 quae
1255 3714 1334 3768 esta

232 3819 330 3883 forma
344 3819 377 3882 in
391 3819 536 3896 materia,
559 3828 590 3882 et
612 3817 685 3902 quia
707 3816 820 3881 habent
843 3816 924 3880 idem
946 3818 1005 3896 uti,
1030 3815 1087 3880 sibi
1106 3814 1285 3895 inexistunt,
1303 3825 1335 3881 et

231 3930 354 4015 quidem
370 3931 403 3994 in
418 3930 508 3995 unico
522 3931 574 3994 udi
588 3928 671 4015 quod
689 3929 830 4013 signatur
850 3951 904 4013 per
923 3928 1100 4007 materiam3
1124 3949 1217 4013 quare
1238 3927 1335 3991 forma

231 4051 262 4106 et
285 4041 411 4106 materia
432 4042 546 4106 habent
570 4043 781 4105 necessitatem
809 4053 946 4106 mutuam
974 4040 1182 4104 coineaistcadi
1205 4039 1334 4104 invaria-

231 4152 343 4231 biliter,
358 4175 455 4238 quum
470 4161 601 4237 nequeat
616 4174 682 4215 esse
697 4151 824 4215 materia
843 4151 903 4216 nisi
918 4152 951 4218 in
966 4151 1081 4235 qaarrdo
1097 4172 1160 4214 suae
1173 4149 1287 4230 forrnae,
1304 4161 1335 4226 et

231 4274 362 4351 nequeat
385 4288 451 4330 esse
475 4264 544 4329 talis
567 4263 664 4328 forma
685 4264 744 4327 uisi
766 4264 800 4327 in
822 4266 872 4328 ubi
892 4287 954 4328 suae
978 4263 1120 4328 materiae.
1167 4263 1241 4327 Haec
1264 4286 1336 4347 ergo

232 4379 395 4443 necessitas
424 4376 642 4443 coinexistendi
668 4375 759 4441 efficit
783 4387 818 4440 ut
843 4377 968 4460 materia
993 4385 1023 4440 et
1047 4375 1144 4442 forma
1170 4377 1337 4440 necessario
