3200 4975
288 350 331 412 96
590 370 632 413 oa
649 371 852 414 suessanum
870 372 1073 415 saturasset.
1205 351 1209 358 ’
1233 352 1317 435 [car.
1336 372 1390 413 111.

287 536 430 621 angelice
452 537 575 622 plenam
604 548 635 602 et
664 537 854 603 infallibilem
885 538 1090 623 cognitionem
1121 538 1258 602 omnium
1288 559 1389 601 rerum

287 648 490 712 naturalium:
513 648 691 733 prasertim,
707 671 804 734 quum
819 648 950 713 fateatur
970 648 1043 713 alibi
1059 649 1091 712 S.
1107 648 1249 727 Thomas,
1265 648 1389 733 angelos

286 760 474 844 superiorum
509 760 651 824 ordinum
685 760 866 825 naturaliter
900 761 976 824 scire
1012 760 1109 844 plura,
1145 782 1236 845 quam
1266 758 1390 843 angelos

285 870 427 934 ordinum
449 869 646 935 inferiorum:
669 870 751 955 quod
774 870 881 956 nequit
904 893 969 935 esse
990 892 1106 949 verum,
1126 870 1187 934 nisi
1204 871 1296 934 etiam
1311 870 1390 934 circa

286 989 411 1045 naturas
437 981 554 1066 aliquas
578 982 757 1045 naturaliter
782 981 884 1065 angeli
906 982 1045 1067 quadam
1068 982 1223 1060 nesciant;
1247 984 1282 1045 3⁹
1307 980 1390 1066 quod

286 1092 387 1175 angeli
409 1103 538 1177 possunt
560 1092 730 1177 intelligere
752 1093 962 1177 componendo
988 1102 1019 1157 et
1042 1093 1214 1171 dividendo,
1238 1092 1389 1177 siquidem

285 1210 415 1287 possunt
428 1224 507 1267 nova
526 1204 623 1267 lacere
642 1203 754 1268 iudicia
774 1204 854 1267 circa
867 1226 932 1268 rem
948 1204 1009 1268 iam
1025 1214 1140 1283 notam,
1156 1213 1192 1268 ut
1208 1205 1240 1269 S.
1256 1204 1388 1269 'l'h0mas

285 1336 423 1398 expresse
448 1314 535 1379 docet
558 1313 618 1390 hie,
644 1324 675 1378 et
698 1314 826 1378 resultat
852 1337 888 1379 ex
914 1315 1058 1400 exemplis
1083 1316 1264 1380 iudiciorum
1289 1317 1328 1380 ab
1352 1339 1387 1380 eo

285 1426 384 1490 allatis
393 1453 403 1505 3
426 1431 462 1488 4⁰
476 1425 558 1511 quod
572 1435 635 1489 tam
655 1425 805 1504 homines,
829 1448 921 1511 quam
943 1426 1054 1511 angeli,
1074 1427 1107 1491 in
1122 1427 1305 1491 immediatis
1320 1450 1387 1511 per·

285 1536 476 1622 captionibus
505 1560 624 1622 semper
652 1537 809 1601 veritatem
839 1545 1079 1622 consequuntur,
1111 1538 1165 1602 sed
1194 1538 1265 1622 quia
1289 1537 1387 1601 multo

284 1649 373 1734 plura
387 1649 425 1714 ab
445 1648 562 1733 angelis
584 1648 794 1733 percipiuntur
816 1648 1001 1727 immediate,
1024 1671 1116 1735 quam
1139 1648 1177 1713 ab
1200 1649 1386 1727 hominibus,

284 1771 320 1824 ut
336 1760 459 1824 concedi
475 1759 574 1839 debet,
590 1760 658 1823 idco
673 1759 771 1822 multo
790 1760 890 1843 magis
910 1769 1081 1825 removetur
1096 1784 1114 1823 a
1128 1769 1238 1824 natura
1252 1760 1387 1845 angelica

286 1869 406 1933 errandi
421 1869 600 1953 periculum,
617 1892 709 1954 quam
725 1869 763 1932 ab
778 1869 923 1933 humana.

329 1983 428 2044 Dices
482 1980 570 2043 Nihil
593 1980 775 2064 intelligitur
796 1980 857 2043 nisi
880 2003 995 2044 verum.
1050 1980 1111 2044 Sed
1133 1980 1234 2064 angeli
1253 2003 1315 2044 nou
1338 2003 1387 2045 co-

284 2100 436 2178 gnoscunt
451 2091 566 2175 aliquid
581 2092 639 2155 nisi
658 2092 869 2175 intelligendo.
922 2093 1006 2177 Ergo
1034 2092 1067 2155 in
1090 2092 1190 2177 angeli
1214 2094 1387 2177 cognitione

284 2227 347 2268 non
362 2211 543 2289 potestesse
558 2202 696 2288 deceptio
710 2212 741 2267 et
755 2203 883 2268 falsitas.
1014 2208 1020 2220 '

326 2316 508 2401 Respondco
523 2339 549 2380 c.
565 2318 613 2379 M.
628 2338 659 2379 a.
675 2318 743 2378 min.
789 2316 881 2379 Ratio
900 2326 956 2396 est,
976 2317 1048 2403 quia
1070 2318 1102 2381 in
1124 2317 1183 2381 hoc
1205 2328 1386 2401 argumento

284 2429 455 2514 intelligere
470 2427 602 2493 sumitur
612 2449 667 2513 pro
679 2436 750 2491 actu
761 2427 908 2513 simplicis
923 2427 1171 2514 apprehensionis
1186 2428 1386 2494 immediatae:

285 2542 347 2605 iam
369 2549 470 2605 autem
495 2539 636 2618 diximus,
660 2539 805 2624 angelum
823 2541 914 2603 etiam
929 2540 1018 2624 plura
1032 2561 1213 2624 cognoscere
1229 2541 1290 2605 sive
1305 2563 1387 2604 com·

282 2654 425 2739 ponendo
439 2663 469 2718 et
485 2652 658 2732 dividendo,
674 2653 737 2716 sive
756 2653 848 2716 etiam
870 2652 1089 2716 ratiocinando.
1135 2653 1207 2715 Nou
1226 2675 1300 2737 ergo
1315 2674 1386 2716 cou-

284 2766 420 2830 cedimus
434 2765 559 2850 angelos
573 2765 651 2829 nihil
666 2786 848 2849 cognoscere
863 2763 922 2828 uisi
937 2763 1148 2848 intelligendo.

328 2879 504 2962 Superesset
527 2876 681 2961 agendum
703 2876 753 2940 hic
774 2876 812 2940 de
827 2877 997 2940 attentione
1011 2885 1042 2939 et
1057 2876 1226 2954 reflexione,
1242 2898 1296 2960 per
1311 2899 1387 2960 quas

283 2989 473 3074 operationes
496 2997 562 3053 tum
584 2988 778 3053 intellectiva
807 2997 874 3051 tum
898 2988 1027 3052 volitivae
1056 2995 1249 3051 exercentur:
1274 2987 1327 3051 sed
1349 3010 1388 3051 ne

283 3102 390 3166 eadem
413 3101 527 3186 pluries
549 3100 699 3179 dicantur,
724 3100 827 3164 confer
853 3099 982 3185 quaeda
1007 3099 1113 3164 iisdem
1141 3099 1332 3164 disseruntur
1355 3101 1387 3163 in

284 3223 416 3278 tractatu
430 3212 569 3298 sequemi
584 3235 670 3276 num.
685 3214 738 3275 28.
784 3211 887 3288 Quare
901 3211 933 3274 iu
948 3212 1092 3296 piaesenti
1106 3213 1170 3276 hacc
1185 3211 1335 3275 sufficiant
1351 3212 1389 3276 de

242 3384 244 3386 ,
283 3324 402 3388 actibus
416 3323 608 3387 intellectivis
623 3323 802 3387 substantiae
818 3331 981 3407 separatae:
1004 3323 1167 3409 exquibus
1182 3322 1302 3386 videtur
1315 3344 1388 3386 con·

284 3445 373 3514 stare,
388 3457 499 3520 purum
516 3434 657 3519 spiritum
672 3433 783 3498 habere
805 3443 836 3498 et
856 3443 956 3498 actum
982 3434 1165 3498 immediatae
1186 3435 1388 3520 perceptionis

284 3556 315 3611 et
336 3556 439 3610 actum
462 3544 657 3631 comparandi
686 3545 896 3630 perceptiones
925 3545 1006 3610 inter
1028 3569 1069 3625 se,
1094 3568 1147 3610 seu
1169 3545 1334 3623 iudicandi,
1358 3553 1387 3607 ct

283 3667 386 3722 actum
408 3657 603 3742 comparandi
625 3656 706 3719 inter
727 3678 759 3720 se
781 3656 904 3735 iudicia,
928 3679 979 3720 seu
1004 3656 1203 3721 discurrendi.
1249 3657 1330 3719 Item
1352 3679 1388 3720 ex

283 3793 319 3836 eo
334 3770 416 3855 quod
431 3767 598 3854 spiritualis
613 3769 785 3844 substantia
799 3768 911 3832 habeat
925 3769 1018 3834 etiam
1033 3768 1210 3832 facultatem
1228 3767 1386 3832 abstracti-

282 3905 362 3960 vam,
377 3894 413 3945 ut
428 3903 520 3965 supra
535 3879 734 3959 ostendimus,
751 3879 889 3964 sequitur
903 3903 969 3944 eam
988 3901 1076 3964 posse
1091 3879 1188 3942 facere
1203 3901 1266 3943 non
1286 3879 1385 3943 solum

283 3993 453 4078 syntheses,
484 3993 537 4056 sed
562 4001 594 4056 et
619 3992 767 4078 analyses,
797 3991 876 4055 sicut
911 4012 967 4054 nos
996 3991 1135 4069 facimus,
1165 3991 1259 4054 immo
1289 3991 1386 4055 multo

284 4103 403 4168 melius.
450 4102 512 4166 Sed
525 4102 586 4166 iam
602 4102 758 4166 veniamus
774 4100 813 4165 ad
829 4111 914 4166 actus
930 4101 1106 4165 voluntatis.

327 4216 378 4279 73.
403 4213 558 4290 Quaeritur
572 4235 663 4291 nouo,
677 4213 816 4297 quomodo
825 4212 886 4294 fiat
901 4220 983 4275 cetea
999 4212 1209 4294 complacentia
1222 4219 1388 4295 montaneae

281 4326 477 4390 electoralis.
