3200 4975
227 362 295 405 car.
313 339 370 425 ιι.]’
386 366 389 373 ·
543 363 585 405 nn
601 361 804 407 suasrsurra
819 363 1023 406 aerumnam.
1288 348 1328 407 55

227 528 388 591 concordet
403 550 473 591 cum
488 530 644 592 communi
659 551 719 593 usu
732 529 888 614 loquendi,
908 529 1077 594 secundum
1092 552 1184 615 quem
1199 529 1328 593 dicimus

226 640 396 723 appetitum
421 642 501 703 trolri
520 664 538 703 a
558 640 650 720 bono,
674 650 705 704 et
731 642 921 706 consuetudo
945 642 1092 727 loquendi
1117 643 1157 705 sit
1180 641 1328 705 indicium

226 772 333 815 sensus
349 752 538 832 communis;
560 752 686 817 omniuo
700 761 805 817 tamen
826 752 989 817 dicendum
1010 761 1067 833 est,
1081 755 1252 838 appetitum
1266 774 1329 816 non

225 864 365 949 semiper
380 886 412 927 se
426 862 464 927 ad
480 863 596 928 bonurn
611 873 647 927 ut
662 873 746 927 extra
761 886 793 928 se
807 866 955 948 positum,
970 865 1033 945 sed,
1049 864 1149 949 posita
1168 865 1329 949 prasentia

225 976 297 1040 boni
320 976 494 1061 appetibilis
519 977 551 1040 in
578 976 744 1056 intellectu,
772 978 960 1062 complacere
982 977 1042 1041 sibi
1065 978 1100 1041 in
1117 999 1163 1057 eo,
1182 986 1214 1041 et
1227 978 1261 1041 in
1275 977 1332 1040 tali

225 1089 443 1173 complacentia
465 1090 696 1173 conquiescere:
719 1098 751 1153 et
774 1090 876 1174 quoad
898 1088 1150 1153 consuetudinem
1172 1088 1331 1174 loquendi,

225 1200 399 1279 dicendum,
412 1222 481 1265 ¹carra
508 1200 636 1285 derivari
662 1223 698 1265 ex
723 1201 964 1265 consideratione
993 1224 1108 1280 eorum,
1132 1223 1201 1286 quae
1223 1222 1329 1264 conse·

225 1323 363 1397 quantur
377 1322 480 1377 actum
494 1312 658 1393 volitionis,
673 1334 736 1376 nou
747 1335 818 1377 vero
833 1336 870 1377 ex
883 1312 1124 1377 consideratione
1142 1311 1240 1396 ipsius
1254 1311 1329 1375 voli·

224 1426 326 1488 tionis.
373 1424 450 1501 Quae
465 1425 527 1488 duo
542 1435 615 1489 sunt
629 1424 680 1488 hic
694 1425 883 1489 declaranda.

270 1536 355 1601 Sicut
371 1560 443 1621 ergo
458 1536 588 1600 dicimus
601 1535 790 1599 voluntatem
804 1535 917 1600 habere
935 1536 1126 1599 tendentiam
1145 1535 1179 1598 in
1200 1534 1327 1612 bonum,

225 1658 255 1713 et
270 1652 380 1713 moveri
394 1649 431 1712 ab
447 1647 574 1727 obiecto,
591 1648 697 1712 eodem
717 1647 808 1711 modo
832 1648 962 1711 dicimus
987 1648 1178 1712 intellectum
1204 1646 1328 1711 tendere

224 1762 256 1824 in
272 1783 386 1839 verum,
402 1769 432 1823 et
447 1762 555 1823 moueri
569 1759 608 1823 ab
622 1760 759 1823 obiecto:
782 1768 912 1844 utraque
926 1780 1000 1844 argo
1014 1759 1152 1844 potentia
1171 1758 1272 1822 tendit
1295 1758 1328 1821 in

225 1896 314 1938 suurn
339 1872 502 1952 obiectum,
527 1882 679 1957 quatenus
705 1879 751 1935 est
778 1870 1003 1935 accidentaliter
1028 1872 1183 1935 namabilis
1209 1870 1328 1933 actione

224 1983 333 2048 obiecti
347 1984 380 2047 in
390 2006 445 2047 sua
459 1983 634 2068 passivitate
648 1983 809 2067 receptiva,
821 1983 912 2047 idest
925 1983 959 2046 in
975 1983 1097 2067 regione
1112 1984 1289 2067 specierum,
1302 1982 1329 2046 si

224 2098 326 2181 agitur·
340 2092 383 2160 de'
393 2096 559 2174 intellectu,
575 2095 653 2159 etin
671 2096 795 2179 regione
815 2096 989 2175 affectuum,
1005 2095 1032 2159 si
1046 2096 1148 2180 agitur
1167 2097 1205 2160 de
1219 2095 1325 2159 volun-

222 2191 304 2275 tate}
343 2208 489 2272 Similiter
507 2212 638 2292 utraque
657 2207 805 2291 potentia,
824 2216 988 2293 postquam
1002 2208 1046 2273 sic
1059 2216 1144 2271 mota
1157 2216 1204 2271 est
1219 2230 1326 2270 secun-

222 2321 295 2385 dum
311 2343 398 2385 suam
417 2319 634 2404 passivitatem,
662 2319 860 2403 coniungitur
879 2342 916 2383 ex
934 2320 1066 2384 naturali
1081 2319 1239 2384 tendentia
1253 2342 1324 2383 cum

223 2454 278 2497 suo
304 2428 432 2509 obiecto,
456 2452 520 2494 non
543 2440 579 2494 ut
605 2438 689 2494 extra
712 2452 744 2494 se
770 2430 881 2516 posito,
905 2430 959 2496 sed
978 2439 1015 2496 ut
1033 2431 1066 2495 in
1081 2454 1137 2496 sua
1150 2431 1325 2516 passivitate

221 2543 387 2628 respective
401 2550 567 2627 presente:
589 2541 763 2605 intellectus
778 2565 872 2626 agens
887 2544 1085 2627 coniungitur
1098 2543 1217 2608 obiecto
1225 2553 1261 2607 ut
1271 2567 1326 2628 per

222 2656 351 2741 speciem
386 2662 610 2739 repraesentato,
645 2653 723 2718 illud
756 2655 923 2720 intuendo:
953 2656 1093 2720 voluntas
1128 2655 1325 2738 coniungitur

223 2768 340 2833 obiecto
355 2776 391 2830 ut
405 2789 459 2851 per
473 2766 617 2830 affectum
637 2765 864 2850 complacentia
883 2766 942 2830 sibi
956 2767 1065 2831 intime
1078 2776 1237 2850 praesente,
1252 2789 1325 2830 con-

222 2879 380 2944 sentiendo
395 2899 465 2942 curn
480 2876 533 2942 illo
547 2886 584 2940 ut
598 2877 745 2942 existente
766 2878 800 2941 in
826 2900 882 2941 suo
907 2879 1034 2942 affectu:
1058 2879 1137 2942 sicut
1162 2879 1244 2942 enim
1269 2901 1324 2963 per

221 2992 415 3056 intuitionem
430 2988 632 3074 intelligibilis
643 2989 676 3052 in
692 3011 746 3053 sua
761 2989 860 3074 specie
874 2988 1005 3054 habetur
1020 2999 1106 3054 actus
1120 2989 1322 3056 intellectivus

221 3104 415 3169 accidentalis
429 3104 461 3166 in
478 3125 533 3166 suo
548 3124 615 3166 esse
632 3101 825 3181 terminatus,
847 3101 892 3164 ita
912 3124 967 3186 par
985 3102 1233 3187 approbationem
1253 3125 1323 3188 pro·

221 3217 423 3302 portiouatam
438 3214 631 3300 impressioni
648 3214 805 3298 productae
817 3214 851 3278 in
866 3214 976 3278 affeetu
990 3237 1027 3278 ex
1041 3215 1215 3298 cognitione
1229 3215 1273 3279 rei
1287 3225 1323 3279 ut

220 3328 278 3393 sibi
293 3327 508 3406 convenientis,
524 3326 654 3390 habetur
669 3335 754 3390 aetus
769 3326 911 3392 volitivus
930 3327 1124 3392 accidentalis
1138 3329 1171 3392 in
1187 3351 1243 3393 suo
1258 3351 1323 3393 esse

220 3442 381 3526 perfectus.
427 3439 572 3517 Tandem,
588 3441 667 3502 sicut
689 3445 774 3502 actus
799 3438 992 3522 intelligendi
1011 3439 1164 3503 obiectum
1178 3440 1261 3525 quod
1276 3451 1322 3505 est

220 3562 305 3618 extra
319 3552 480 3616 essentiam
495 3550 706 3634 intelligentis,
720 3573 784 3614 non
805 3550 873 3615 ideo
895 3551 968 3616 facit
993 3551 1182 3616 intellectum
1208 3555 1322 3618 tendere

218 3668 251 3729 iu
264 3687 325 3728 rara
339 3666 521 3743 cateriorem,
537 3672 573 3727 ut
588 3662 726 3726 concedit
743 3663 774 3726 S.
790 3662 933 3743 Thomas,
944 3663 986 3727 sic
998 3663 1089 3728 etiam
1104 3673 1189 3729 actus
1200 3664 1321 3730 volendi

217 3776 380 3855 obiectum,
394 3775 476 3861 quod
490 3785 537 3843 est
552 3765 635 3839 extra
650 3775 814 3839 essentiam
824 3776 963 3855 volentis,
976 3799 1039 3840 non
1050 3777 1122 3842 facit
1132 3777 1320 3871 voluntatem

219 3890 334 3953 tacdae
348 3891 380 3952 ia
392 3912 454 3952 rem
468 3890 642 3952 acterioram
649 3913 659 3966 3
683 3888 755 3971 quia
769 3888 910 3952 voluutas
924 3912 988 3952 non
999 3889 1065 3953 vult
1078 3890 1166 3954 unire
1181 3913 1213 3954 se
1226 3893 1319 3970 bono,

218 3999 272 4064 sed
286 4001 374 4064 unire
385 3999 502 4064 bouum
518 3998 587 4078 sibi,
598 4021 654 4062 nec
670 3999 740 4062 dare
754 4022 786 4062 se
796 3998 925 4079 obiecto,
936 3999 989 4064 sed
998 4000 1070 4065 dare
1081 4001 1319 4066 sibiobiectum:

218 4111 300 4176 unde
315 4111 407 4175 etiam
421 4111 561 4176 voluutas
574 4110 656 4194 facit
671 4133 730 4174 ecce
745 4113 776 4174 in
790 4133 822 4176 ae
837 4113 916 4195 quod
927 4121 971 4176 eat
984 4121 1072 4178 aetra
1086 4135 1117 4176 ae
1131 4113 1188 4177 sub
1203 4115 1320 4178 ratione

217 4225 301 4303 boni,
312 4225 391 4288 sicut
401 4223 573 4288 intellectus
578 4222 659 4306 facit
673 4245 733 4287 aare
747 4225 780 4286 in
792 4247 823 4288 ae
838 4225 917 4308 qaod
929 4233 973 4288 eat
987 4233 1072 4288 cetra
1085 4248 1116 4289 aa
1131 4225 1188 4289 sub
1202 4226 1320 4290 ratione

218 4337 441 4421 cognoscibilis.
