3200 4975
323 537 465 604 Secundo
486 538 616 605 facultas
638 539 769 618 aalitiva,
788 539 859 605 licet
881 538 991 604 habeat
1009 561 1064 625 pro
1079 538 1198 603 obiecto
1212 538 1381 604 necessario

279 648 396 715 bonum
419 648 452 713 in
477 650 643 730 communi,
669 650 755 715 nullo
775 660 879 717 tamen
905 650 996 715 modo
1020 650 1241 715 determinatur
1262 672 1280 713 a
1300 649 1380 715 bano

279 761 416 845 quolibet
438 760 620 847 particulari.
677 762 762 847 Erga
782 762 878 827 libera
899 771 946 827 est
969 761 1048 826 cirea
1077 760 1165 825 illud.
1223 760 1315 838 Quod
1338 760 1381 825 sia

279 871 409 956 explicat
425 873 458 937 S.
473 872 606 937 Thomas
624 874 666 958 (p.
676 875 709 938 2.
724 896 753 959 q.
767 876 819 941 10.
833 897 860 939 a.
876 874 910 956 2)
934 875 973 937 In
987 881 1066 939 motu
1081 874 1232 938 cairulibet
1241 877 1383 958 potentia

279 1007 365 1049 aaran
379 986 489 1049 obiecto
503 985 711 1051 coneideranda
725 994 769 1049 ert
787 986 865 1049 ratio
877 1008 935 1069 per
954 1008 1041 1069 quam
1057 986 1199 1049 obiectum
1215 995 1309 1051 meoet
1324 1010 1382 1070 po·

280 1098 409 1161 tentiam.
461 1097 582 1161 Vertite
595 1099 672 1163 enim
688 1106 782 1163 mouet
803 1100 896 1162 airum
917 1097 970 1161 rub
984 1099 1099 1161 ratione
1113 1098 1218 1162 colaria
1231 1108 1300 1163 actu
1313 1100 1383 1162 cisi·

278 1208 366 1273 bilia.-
390 1209 465 1273 unde
485 1210 514 1272 ri
535 1209 614 1273 color
629 1217 815 1293 proponatur
827 1211 911 1287 uisui,
927 1230 964 1272 aa
978 1210 1148 1273 necessitate
1168 1217 1262 1273 moret
1276 1211 1382 1293 iarum,

279 1322 338 1385 uiri
350 1320 460 1405 aliquia
472 1323 565 1385 orrum
580 1327 703 1399 auertat,
719 1320 799 1405 quod
807 1322 939 1404 pertinet
958 1322 999 1385 ad
1015 1322 1185 1387 caercitium
1206 1328 1300 1386 actua.
1347 1322 1384 1385 Si

279 1454 346 1497 aero
369 1432 485 1517 aliquid
502 1440 717 1516 proponeretur
740 1433 830 1497 alimai
851 1434 937 1512 oieui,
960 1434 1040 1518 qaod
1060 1456 1119 1498 non
1138 1434 1271 1497 omnibus
1292 1435 1385 1499 modia

280 1551 355 1607 erret
369 1544 529 1607 caloratum
544 1546 576 1607 in
589 1552 668 1622 aeta,
684 1544 902 1608 redamandum
916 1544 1033 1629 aliquid
1049 1554 1123 1610 earet
1145 1547 1214 1625 tale,
1228 1547 1384 1611 secandam

280 1664 377 1719 autem
391 1655 507 1739 aliquid
518 1679 576 1720 non
591 1656 660 1735 tale,
675 1679 734 1721 non
748 1678 785 1721 ee
798 1659 970 1722 necmeitate
983 1659 1062 1721 omar
1077 1659 1137 1722 tale
1150 1659 1292 1723 obiectam
1306 1660 1384 1723 aide·

279 1775 324 1832 ret
333 1795 344 1843 ,·
361 1776 463 1852 parret
485 1770 561 1832 enim
582 1769 729 1833 intendere
750 1770 782 1832 in
804 1770 898 1853 iprum
919 1793 957 1833 ee
978 1792 1013 1834 ea
1028 1778 1119 1854 parte
1140 1794 1177 1835 ea
1191 1793 1249 1855 qua
1264 1793 1322 1834 non
1340 1780 1384 1837 eet

280 1880 441 1945 coloratam
455 1882 487 1944 in
500 1889 578 1959 acta,
587 1888 616 1944 et
630 1882 674 1945 aie
687 1881 783 1964 qraum
796 1902 855 1945 non
869 1880 988 1946 uideret.
1020 1883 1106 1946 Sicut
1116 1889 1214 1945 autem
1224 1882 1385 1947 coloratum

279 1995 311 2057 in
325 2000 395 2058 actu
408 2000 452 2057 eat
460 1994 601 2057 obiectam
608 1995 697 2071 cirum
707 1994 753 2057 ita
767 1994 872 2057 bonum
886 2001 931 2058 eat
945 1994 1268 2067 obiectamcoluntatir.
1304 1995 1386 2058 Unde

278 2100 508 2190 riproponatur
529 2106 651 2189 aliquod
669 2107 811 2171 obiectum
832 2107 987 2185 voluntati,
1011 2107 1089 2190 qaod
1114 2107 1155 2170 eit
1183 2107 1385 2171 univeraliter

281 2220 386 2282 bonum
396 2226 426 2281 et
439 2217 595 2281 occandum
608 2240 720 2281 omnem
734 2218 1001 2298 considerationem,
1016 2240 1054 2282 ea
1067 2220 1238 2284 neeeaeitate
1252 2219 1386 2284 coluntur

281 2351 314 2392 an
327 2328 403 2391 iliud
415 2328 518 2406 tendit,
532 2329 560 2391 ai
574 2326 689 2411 aliquid
700 2329 789 2404 oelit,·
811 2352 870 2393 non
892 2332 968 2393 enim
983 2332 1096 2416 poterit
1117 2330 1190 2395 velle
1211 2332 1384 2415 appositam.

283 2441 319 2504 Si
333 2448 430 2505 autem
438 2447 623 2525 properatio·
634 2440 793 2524 eiatiquod
802 2442 952 2520 obiectam,
963 2441 1042 2526 qaod
1049 2465 1107 2507 aon
1120 2442 1273 2506 secundam
1285 2465 1386 2527 quam·

281 2554 351 2617 libet
366 2554 623 2618 cmaiderationem
637 2554 678 2616 rit
692 2554 807 2633 borram,
827 2576 885 2618 non
904 2577 942 2618 ea
957 2555 1128 2618 necessitate
1144 2553 1279 2618 coluntur
1284 2555 1388 2639 fertur

281 2669 314 2729 in
328 2665 410 2730 illud.
455 2665 501 2729 Et
516 2666 586 2749 quia
605 2664 733 2748 desectae
752 2667 955 2749 editorumque
975 2667 1043 2729 boni
1060 2667 1145 2730 babet
1164 2668 1307 2731 rationem
1328 2690 1387 2730 non

282 2778 360 2856 boui,
376 2778 440 2840 ideo
462 2776 537 2840 illud
555 2777 650 2840 aotam
671 2777 785 2855 bonum,
801 2778 880 2860 quod
892 2786 936 2841 eat
952 2778 1127 2862 perfectum,
1145 2785 1175 2842 et
1189 2781 1237 2842 cui
1250 2779 1327 2841 nibil
1338 2779 1386 2842 de·

275 2888 354 2971 ficit,
368 2901 413 2952 eat
427 2888 486 2952 tale
500 2890 614 2966 bonum,
629 2889 709 2972 quod
727 2888 861 2952 colantur
882 2912 940 2952 non
955 2897 1055 2972 pateat
1077 2912 1135 2953 nan
1155 2890 1237 2969 celle,
1253 2892 1332 2973 quod
1342 2899 1388 2954 eat

282 3001 439 3066 beatitudo.
485 3001 559 3063 Atia
573 3007 670 3064 autem
685 3000 818 3082 quelibet
825 3001 1023 3083 particularia
1039 3001 1123 3079 bana,
1135 3002 1167 3062 in
1182 3009 1322 3084 quantam
1337 3001 1386 3064 de·

276 3112 386 3193 ficiunt
404 3115 441 3176 ab
461 3112 559 3194 atiquo
579 3113 663 3190 bono,
677 3120 803 3195 poseant
823 3113 917 3196 accipi
935 3121 1044 3176 utnon
1063 3114 1158 3176 bona:
1186 3122 1215 3176 et
1233 3114 1387 3177 secandum

283 3226 359 3288 banc
375 3224 632 3288 maideataaem
644 3231 771 3306 poseant
787 3224 937 3307 repudiari
953 3224 1000 3286 vel
1016 3225 1174 3307 approbari
1190 3247 1208 3288 a
1228 3226 1386 3303 voluntate,

284 3358 348 3419 qua
356 3343 456 3419 pateat
471 3337 502 3396 in
516 3335 591 3398 idem
598 3335 679 3418 ferri
692 3336 846 3398 secandam
862 3336 990 3399 diversae
1004 3335 1256 3399 comideratioaer.

330 3449 383 3511 76.
406 3445 562 3521 Quaritur
576 3445 766 3524 duodecimo,
781 3454 880 3511 utrum
898 3447 1019 3510 liberum
1033 3447 1189 3510 arbitrium
1202 3449 1243 3510 rit
1250 3449 1387 3530 patentia

284 3560 487 3643 eopnaseitica,
501 3581 541 3622 an
555 3559 725 3642 appetitiva.

328 3669 520 3754 Respondeo‚
543 3669 673 3733 liberum
696 3669 855 3733 arbitrium
879 3668 939 3733 diei
961 3669 1058 3753 ipsam
1082 3669 1142 3732 vim
1166 3669 1328 3749 volitivam,
1355 3670 1387 3734 iu

285 3794 437 3866 quantum
451 3791 522 3865 apta
536 3791 582 3844 est
597 3780 755 3844 terminari
769 3780 808 3845 ad
828 3779 944 3844 bonum
963 3780 1084 3845 finitum
1101 3780 1159 3846 sibi
1174 3803 1236 3845 uon
1250 3804 1388 3847 neeessa-

285 3894 376 3958 rium.
422 3893 555 3969 Quando
570 3901 673 3957 autem
694 3892 824 3956 dicimus
837 3891 967 3956 liberum
983 3892 1141 3956 arbitrium
1158 3915 1223 3958 esse
1238 3894 1299 3958 vim
1314 3894 1388 3958 voli-

286 4007 389 4084 tivam‚
404 4028 423 4068 a
436 4004 554 4070 fortiori
569 4004 740 4083 arserimus,
755 4003 833 4067 illud
855 4026 921 4068 esse
943 4004 1034 4067 etiam
1058 4003 1119 4067 vim
1142 4005 1386 4088 cognoscitivam,

285 4140 380 4203 quum
396 4116 629 4200 iuxtasuperius
644 4116 791 4201 explicata
805 4115 978 4180 intellectus
992 4138 1054 4180 non
1067 4115 1185 4180 differat
1200 4139 1218 4180 a
1232 4116 1389 4181 voluntate

283 4231 343 4293 nisi
355 4238 391 4292 ut
402 4228 619 4312 incompletum
637 4251 654 4290 a
668 4227 830 4312 completo,
842 4238 882 4304 et,
894 4226 1022 4293 dicendo
1038 4227 1235 4305 voluntatem,
1252 4227 1389 4293 dieamus

283 4342 316 4406 in
339 4337 374 4405 ea
395 4341 462 4424 ipsa
483 4340 573 4403 etiam
598 4339 796 4403 intellectum.
844 4339 912 4403 Hoc
934 4352 1036 4404 autem
1059 4339 1180 4423 egregie
1203 4339 1335 4404 declarat
1355 4340 1387 4405 S.

280 352 344 415 100
575 372 618 417 aa
635 372 842 416 ruasrrnrir
859 370 1064 417 arrarrusar.
1220 350 1305 435 [aar.
1324 370 1380 413 rii.
1583 200 1590 457 i
