3200 4975
282 332 347 395 206
731 352 773 394 nr
792 351 939 393 nonius.
1242 328 1329 412 [car.
1346 347 1386 390 rr.

279 517 471 582 iudiciorum.
517 517 596 581 Vide
617 540 685 602 quae
707 518 839 582 diximus
861 539 931 582 cum
953 519 985 581 S·
1002 517 1119 580 Thoma
1141 515 1173 578 in
1197 515 1384 599 praecedente

279 637 412 693 tractatu
436 652 468 692 n.
493 631 545 694 72.
591 629 732 693 Influxus
751 639 855 716 tamen
879 631 941 694 sive
964 629 1124 712 negativus
1148 627 1210 692 sive
1235 628 1385 712 positivus

281 740 445 805 voluntatis
471 741 578 824 nequit
607 741 710 804 locum
739 742 861 820 habere,
885 741 1007 826 quando
1033 740 1143 805 veritas
1173 731 1327 804 evidenter
1354 763 1386 803 se

280 850 403 915 exbibet
417 851 606 930 intellectni3
630 853 703 936 quia
717 861 791 917 tunc
813 845 961 918 iudicium
976 852 1122 936 praevenit
1143 871 1268 914 omnem
1282 859 1384 914 actum

281 965 458 1030 voluntatis.

323 1076 416 1152 Quod
439 1077 465 1140 si
488 1077 673 1161 comparatio
693 1098 755 1139 non
778 1077 832 1140 fiat
856 1076 1030 1141 immediate
1053 1075 1133 1140 inter
1158 1075 1234 1140 duas
1251 1099 1310 1155 res,
1331 1077 1384 1140 sed

280 1187 434 1252 mediante
454 1189 512 1251 alia
534 1189 634 1268 tertia,
655 1212 729 1252 usus
752 1189 802 1252 hie
824 1189 992 1273 specierum
1018 1188 1173 1252 vocabitur
1199 1191 1386 1252 ratiocinatio

281 1322 335 1364 seu
354 1300 615 1380 discernendus
637 1301 838 1364 ratiocinandi
857 1303 946 1365 ratio.
993 1301 1125 1364 Materia
1146 1298 1385 1364 ratiocinationis

281 1411 395 1496 duplex
410 1423 476 1477 est:
500 1412 559 1476 alia
573 1422 698 1490 remota,
710 1435 819 1496 nempe
834 1434 881 1475 res
896 1413 969 1496 ipsae
981 1411 1176 1496 apprehensae
1193 1413 1271 1475 etin
1287 1413 1384 1497 specie

281 1534 464 1610 praesentes3
487 1525 544 1588 alia
556 1525 702 1609 proxima,
714 1546 825 1608 nempe
837 1523 948 1587 iudicia
959 1523 1159 1607 exprimentia
1170 1545 1274 1587 earum
1283 1547 1385 1587 rerum

280 1637 538 1720 apprehensurum
553 1637 731 1700 relationem
741 1659 796 1698 seu
810 1636 1028 1700 convenientiae
1039 1657 1092 1698 seu
1108 1636 1383 1700 disconvenientiae.

281 1748 392 1811 Forma
409 1770 479 1811 vero
495 1747 644 1811 ratiocinii
667 1746 769 1826 estid,
786 1767 840 1831 per
855 1748 940 1833 quod
961 1747 1133 1810 intellectus
1149 1754 1219 1810 actu
1241 1746 1386 1830 intelligit

280 1859 457 1924 relationem
481 1859 610 1923 duarum
626 1882 728 1923 rerum
750 1859 904 1923 mediante
920 1860 1027 1922 tertia:
1049 1859 1107 1922 hoc
1123 1868 1225 1922 autem
1240 1858 1386 1942 intelligit

279 1993 334 2054 per
363 1993 475 2034 nexum
497 1971 593 2033 trium
619 1971 800 2035 iudiciorum
831 1971 912 2034 inter
935 1993 967 2034 se
990 1969 1137 2034 obiective
1162 1970 1383 2048 necessarium

279 2089 404 2166 propter
418 2081 500 2144 hunc
522 2081 604 2144 enim
627 2102 740 2144 nexum
755 2080 836 2145 videt
859 2080 1041 2158 intellectus,
1058 2079 1140 2164 quod
1164 2080 1232 2143 duae
1246 2080 1321 2143 ideae
1337 2079 1383 2144 vel

280 2193 465 2256 conveniunt
488 2215 558 2256 cum
583 2193 682 2272 tertia,
706 2193 753 2257 vel
777 2215 859 2271 non;
884 2193 909 2256 si
935 2193 1077 2256 videntur
1101 2193 1260 2256 convenire
1287 2192 1382 2256 ambae

280 2328 348 2368 cum
365 2306 464 2384 tertia,
474 2304 659 2369 videbuntur
672 2305 765 2368 etiam
779 2305 939 2370 convenire
953 2305 1034 2368 inter
1050 2327 1092 2383 se,
1105 2303 1132 2367 si
1146 2327 1209 2367 non
1225 2305 1385 2369 videantur

279 2417 439 2480 convenire
454 2439 524 2480 cum
540 2414 707 2495 tertianae
722 2417 802 2480 inter
817 2437 849 2480 se
862 2417 1046 2480 videbuntur
1061 2417 1231 2480 convenire.
1276 2419 1384 2498 Actus,

281 2551 342 2615 quo
362 2528 535 2593 intellectus
557 2528 671 2593 iudicat
690 2528 749 2593 duo
770 2529 930 2594 convenire
951 2531 1031 2593 inter
1052 2552 1093 2607 se,
1110 2530 1181 2613 quia
1202 2531 1386 2594 conveniunt

280 2663 350 2705 cum
365 2664 429 2705 uno
444 2641 544 2720 tertio,
560 2651 614 2705 aut
636 2664 698 2704 non
714 2641 874 2705 convenire
889 2642 969 2704 inter
984 2664 1026 2719 se,
1042 2642 1113 2725 quia
1131 2664 1201 2704 cum
1217 2643 1307 2705 tertio
1322 2664 1385 2705 non

280 2753 476 2832 conveniunt,
492 2754 603 2817 dicitur
618 2755 829 2836 consequentia.
878 2752 938 2815 Sed
954 2753 991 2815 de
1005 2752 1054 2815 bis
1069 2752 1193 2816 consule
1209 2752 1335 2836 logicos.

322 2865 369 2927 le
392 2864 482 2927 dictis
504 2872 638 2948 apparet,
654 2865 714 2926 vim
739 2862 933 2946 cogitativam
956 2862 1112 2947 adaequate
1136 2875 1289 2947 sumptam
1312 2886 1384 2928 con-

279 2976 377 3039 tinere
388 2976 449 3039 vim
466 2985 666 3061 spontaneam
681 2975 860 3039 attendendi
875 2984 905 3038 et
920 2974 1105 3053 reflectendi‚
1117 2976 1179 3038 vim
1195 2975 1384 3061 analyzandi,

280 3088 475 3152 abstrahendi
490 3096 521 3151 et
541 3088 771 3171 praescindendi,
788 3111 841 3151 seu
857 3086 1090 3171 generalizandi,
1107 3087 1168 3151 vim
1184 3088 1386 3172 componendi

279 3208 311 3263 et
336 3199 500 3276 dividendi,
525 3222 579 3263 seu
602 3199 767 3279 iudicandi,
793 3200 854 3263 vim
880 3199 1069 3262 discurrendi
1096 3220 1150 3262 seu
1173 3198 1383 3263 ratiocinandi.

280 3314 416 3397 Apparet
434 3320 588 3396 praeterea,
605 3333 710 3375 omnes
725 3311 798 3375 istas
813 3312 973 3375 facultates
994 3310 1065 3374 ferri
1080 3318 1148 3373 tum
1163 3293 1196 3373 in
1220 3311 1384 3389 sensibilia,

279 3432 347 3487 tum
363 3424 395 3485 in
416 3423 629 3508 intelligibilia,
645 3434 736 3507 prout
752 3434 826 3486 sunt
849 3446 902 3508 per
916 3423 1046 3507 primam
1065 3422 1337 3506 apprehensionem
1352 3422 1385 3485 in

281 3540 517 3619 cognoscente*.

317 3687 331 3715 ¹
350 3684 478 3739 Notanda
490 3692 555 3740 sunt
569 3685 615 3740 hic
627 3691 749 3757 quatuor.
786 3683 910 3741 Primum
925 3691 974 3754 eet,
987 3686 1113 3757 quodvis
1130 3686 1290 3757 enalyeandi
1302 3690 1330 3740 et
1342 3686 1384 3741 vis

281 3772 454 3827 abstrahendi
468 3774 575 3827 nonita
590 3779 654 3828 sunt
665 3774 779 3846 propriae
791 3773 918 3845 principii
936 3772 1106 3841 intellectivi,
1119 3779 1216 3827 utnon
1229 3778 1385 3846 competant

280 3862 363 3916 etiam
375 3861 508 3933 principio
521 3880 588 3934 pure
601 3862 745 3916 sensitiva:
764 3860 891 3915 cumbae
907 3865 999 3914 tamen
1015 3860 1125 3931 capitali
1140 3858 1299 3931 differentia,
1313 3861 1385 3931 quod

279 3948 443 4021 principium
452 3949 534 4002 simul
542 3948 741 4002 intellectivum
750 3953 778 4002 et
789 3947 950 4003 sensitivam
959 3948 988 4001 in
998 3966 1046 4001 sua
1056 3947 1159 4019 analysi
1169 3953 1197 4000 et
1206 3947 1385 4002 abstractione

277 4020 392 4107 ¹attingit
403 4035 521 4089 rationes
532 4052 622 4088 rerum
634 4033 820 4105 intelligibiles
837 4039 884 4087 aut
896 4034 1050 4101 sensibiles;
1068 4034 1232 4106 principium
1243 4053 1307 4090 vero
1319 4054 1385 4107 pure

280 4122 441 4176 sensitivam
459 4122 571 4193 attingit
588 4120 705 4175 rationes
728 4120 868 4175 sensibiles
888 4121 981 4175 solum.
1018 4120 1091 4174 Nam
1112 4125 1188 4174 aetus
1212 4121 1385 4178 abstrahendi

280 4228 336 4263 non
348 4216 390 4263 est
407 4210 440 4264 de
452 4227 480 4263 se
492 4208 666 4281 productivns
678 4208 803 4262 secundae
822 4208 989 4276 intentionis,
1003 4207 1074 4261 sicut
1092 4214 1167 4262 actam
1179 4209 1385 4281 praescindendi,

276 4295 315 4349 'ed
328 4313 409 4367 quem
420 4295 565 4366 requiritur
575 4294 619 4349 vis
635 4294 812 4365 intellectiva,
825 4310 885 4366 quae
903 4295 960 4349 sola
971 4294 1086 4368 percipit
1097 4296 1265 4352 universale:
1284 4298 1332 4352 sed
1345 4305 1386 4353 est
