3200 4975
269 340 334 405 306
665 364 707 407 nn
723 363 976 409 aecrnnnrnaus.
1243 344 1331 429 [oar.
1349 365 1373 410 1.

313 529 416 594 Primo
430 532 523 610 enim,
539 554 635 616 quum
651 534 765 616 woodo
779 533 980 597 intrinsecum
998 542 1029 596 et
1044 531 1218 597 absolutum
1234 532 1267 595 in
1282 531 1374 596 rebus

268 640 475 706 materialibus
497 642 537 706 sit
558 641 610 707 ille
629 643 780 707 terminus
795 643 974 724 durationis,
990 645 1023 707 in
1041 665 1103 728 quo
1120 643 1218 707 formo
1233 640 1285 707 dat
1307 665 1373 706 esse

269 774 332 816 suae
359 754 503 830 materiae,
532 775 691 839 quumque
719 755 752 818 in
780 755 905 819 homine
934 754 1093 839 multiplex
1117 754 1156 817 sit
1182 752 1318 832 materia,
1343 762 1374 817 et

268 863 427 948 multiplex
446 864 546 928 forma
570 865 735 929 materialis
757 864 835 929 dans
853 866 986 929 materiae
1007 866 1141 949 primum
1164 886 1240 942 esse,
1259 866 1374 947 quando

267 996 444 1059 corporeum
467 975 599 1040 hominis
622 977 789 1041 necessario
811 976 971 1062 multiplex
993 985 1050 1041 est.
1097 977 1158 1041 Sed
1180 977 1252 1062 quia
1274 976 1372 1041 forma

267 1086 344 1151 dans
369 1088 487 1172 corpori
516 1090 648 1173 primum
676 1088 775 1153 vivere
799 1097 830 1153 et
853 1088 988 1173 primum
1018 1110 1083 1153 esse
1111 1089 1293 1167 humanum,
1318 1106 1373 1153 seu

268 1198 379 1278 anima,
392 1200 546 1263 estunioa
567 1199 665 1264 forma
679 1220 743 1263 uno
765 1208 837 1264 artu
852 1208 978 1264 aetuans
1000 1221 1107 1265 omnes
1121 1209 1222 1285 partes
1238 1200 1371 1285 corporis

267 1332 378 1394 easque
401 1310 566 1375 formaliter
589 1311 699 1374 uniens
724 1310 758 1374 in
786 1333 885 1375 unum
910 1312 1056 1377 unicitate
1080 1312 1149 1377 vitae
1160 1337 1170 1391 ;
1199 1312 1268 1376 ideo
1294 1311 1371 1375 illud

266 1424 381 1506 quaudo
395 1422 629 1500 informationis,
644 1444 706 1506 qno
721 1430 863 1486 aetuatur
878 1422 949 1502 vita,
965 1422 1090 1487 unificat
1104 1442 1210 1487 omnes
1224 1422 1372 1507 quandoi-

267 1542 346 1598 tates
361 1534 520 1599 distinctas
534 1534 669 1619 partium
692 1533 936 1613 informatam,
952 1543 983 1597 et
998 1534 1070 1599 laoit
1086 1556 1151 1598 esse
1165 1534 1322 1598 hominem
1337 1534 1368 1595 in

267 1667 330 1709 nno
344 1647 459 1729 quaudo
469 1645 637 1729 oomposito
646 1644 779 1708 habente
794 1644 883 1729 plura
897 1645 1093 1710 materialiter
1103 1646 1218 1709 ratione
1228 1645 1371 1729 eorporis,

267 1756 320 1820 sed
334 1755 455 1820 redacta
469 1756 507 1819 ad
527 1778 624 1819 unum
641 1754 807 1818 formaliter
826 1764 997 1839 peractum
1013 1755 1131 1819 animae.
1177 1756 1285 1840 Ipsum
1301 1776 1371 1819 vero

266 1869 380 1951 quondo
406 1868 515 1930 animae
538 1867 732 1930 informantis
747 1889 810 1930 non
835 1875 881 1930 est
904 1867 964 1930 nisi
985 1867 1050 1932 eius
1075 1870 1189 1952 quondo
1213 1866 1370 1952 spirituale

264 1978 465 2040 intrinsecum
490 1987 521 2041 et
551 1977 736 2057 absolutum,
761 2000 825 2041 non
850 1987 953 2043 tomen
980 1979 1118 2043 absolute
1143 2002 1267 2065 prorsus
1297 2002 1368 2044 oon-

264 2087 441 2165 sideratum,
467 2087 519 2150 sed
549 2098 701 2172 quatenus
733 2088 1011 2153 denominationem
1043 2091 1177 2176 accipere
1207 2100 1308 2175 potest
1338 2100 1368 2153 et

263 2200 373 2284 accipit
388 2223 406 2264 a
419 2200 550 2263 termino
565 2201 698 2265 naturali
712 2202 880 2265 extrinseco
896 2204 1073 2287 composito,
1089 2226 1179 2288 quem
1195 2214 1315 2268 aetuat:
1338 2213 1369 2267 et

263 2311 331 2375 ideo
351 2312 430 2375 sieut
449 2312 520 2375 alibi
542 2312 738 2376 distinximus
756 2321 859 2377 aetum
879 2314 1110 2378 substantialem
1129 2315 1167 2379 ab
1187 2325 1258 2379 artu
1278 2324 1368 2379 natu-

263 2422 328 2503 rali,
344 2433 375 2487 et
390 2422 472 2486 hunc
487 2421 526 2487 ab
537 2422 727 2502 accidentali,
742 2424 786 2488 ita
801 2423 851 2488 hic
865 2446 1029 2509 possumus
1044 2425 1233 2510 distinguere
1254 2427 1368 2509 quando

262 2527 436 2599 absolutum
458 2534 567 2598 animae
589 2534 623 2597 in
645 2557 678 2598 se
701 2534 899 2599 consideratu,
921 2559 938 2599 a
961 2537 1076 2618 quaudo
1099 2536 1239 2600 absoluto
1259 2537 1369 2601 animae

262 2657 297 2711 ut
327 2647 478 2712 aetuautis
507 2670 627 2732 eorpus,
657 2647 786 2711 dicendo
813 2647 947 2732 primum
971 2649 1171 2726 substantiale,
1199 2647 1365 2713 seeundum

261 2759 414 2822 naturale:
437 2758 622 2822 accidentale
643 2768 746 2822 autem
762 2759 820 2821 erit
831 2760 949 2842 *quaudo
971 2759 1133 2824 cuiuslibet
1148 2760 1275 2824 aetionis
1290 2759 1368 2824 aeci-

262 2869 393 2933 dentalis
408 2869 632 2954 subsequentis.

307 2979 458 3060 Secundo,
488 2981 579 3044 etiam
602 2984 653 3044 ubi
679 2981 854 3045 absolutum
877 2992 908 3046 et
933 2983 1134 3046 intrinsecum
1157 2982 1291 3046 hominis
1320 2991 1367 3047 est

262 3091 472 3176 multiplieiter
503 3092 705 3189 complexum,
738 3114 794 3176 pro
828 3093 1027 3157 multitudiue
1055 3093 1189 3178 partium
1224 3092 1367 3157 distincte

261 3203 462 3267 ubieatarum.
508 3203 569 3266 Sed
593 3189 888 3300 quurii⁴inlormatio
909 3205 1072 3292 recipiatur
1095 3204 1127 3267 in
1152 3204 1227 3288 ipsis
1250 3207 1301 3268 ubi
1321 3205 1366 3268 di-

262 3316 391 3395 stinctio,
408 3339 463 3380 neo
481 3316 578 3400 possit
593 3337 716 3380 causare
736 3317 887 3381 unitatem
902 3317 983 3380 inter
998 3317 1049 3379 illa
1067 3317 1150 3400 (quia
1171 3326 1258 3381 aetus
1271 3316 1366 3380 infor-

260 3427 394 3491 mativua
415 3427 532 3490 ratione
550 3427 598 3489 sui
616 3427 710 3490 habet
732 3429 858 3510 quando,
880 3437 910 3490 et
926 3449 989 3490 non
1004 3429 1063 3506 ubi,
1079 3427 1161 3511 quod
1176 3427 1310 3511 pertinet
1327 3426 1367 3491 ad

260 3538 426 3602 terminum
449 3519 671 3619 informatum),
692 3538 760 3601 ideo
781 3541 834 3602 ubi
855 3538 908 3602 illa
931 3547 1056 3602 manent
1079 3537 1233 3616 distincta,
1249 3548 1280 3601 et
1303 3560 1366 3602 non

260 3652 340 3715 fiunt
362 3673 460 3714 unum
479 3651 530 3713 ubi
551 3650 754 3734 compositum
772 3673 809 3713 ex
829 3649 999 3714 distinctis:
1022 3649 1140 3714 adhoc
1161 3651 1243 3714 euim
1264 3651 1366 3735 requi-

260 3774 377 3827 reretur
398 3770 434 3825 ut
459 3769 560 3825 totum
584 3764 694 3844 corpus
717 3761 749 3823 in
774 3783 872 3824 unum
894 3771 1044 3844 punctum
1066 3761 1239 3824 conflueret.
1287 3759 1366 3836 Quia

259 3886 363 3938 tamen
382 3875 483 3938 anima
504 3883 552 3936 est
566 3873 656 3936 unica
672 3873 710 3935 in
728 3873 870 3935 omnibus
889 3872 950 3935 illis
964 3875 1015 3936 uti
1033 3872 1183 3956 corporeis
1198 3856 1366 3938 informans

260 4007 379 4070 corpus,
395 3985 463 4049 ideo
479 3985 581 4048 omnia
599 3971 725 4077 illa-arbi,
740 3983 812 4046 lieet
827 4005 889 4046 non
912 3983 1119 4062 materialiter,
1135 3993 1239 4066 tamen
1253 3984 1364 4048 forma·

258 4097 329 4161 liter
343 4099 584 4180 coniunguntur,
596 4105 748 4187 quatenns
762 4095 918 4178 pertinent
928 4094 967 4158 ad
982 4103 1083 4179 partes
1099 4095 1190 4158 unius
1202 4095 1365 4159 individuae

258 4217 375 4271 naturae
389 4217 419 4271 et
435 4207 567 4271 subsunt
582 4206 663 4269 actui
679 4207 772 4277 unius
787 4207 908 4270 enimae.

299 4319 356 4381 Est
375 4327 476 4381 autem
498 4318 529 4379 in
549 4317 673 4380 homine
692 4326 722 4380 et
741 4316 824 4380 aliud
846 4319 896 4380 ubi
919 4316 966 4379 sni
987 4317 1118 4398 generis,
1133 4316 1217 4401 quod
1239 4339 1296 4381 neo
1317 4327 1364 4381 est
