3200 4975
226 381 296 425 car.
314 361 353 445 1.]
533 382 575 425 na
592 384 795 428 suasraurm
810 385 1010 429 saramania.
1288 365 1326 425 ll

225 551 361 614 minante
383 550 481 630 illum,
497 565 528 615 et
551 553 682 617 vicissim
705 555 856 618 terminus
878 556 987 641 nequit
1009 578 1074 619 esse
1096 555 1171 639 quin
1189 563 1329 618 actuetur

225 671 294 725 actu
309 665 538 747 cognoscentis:
561 666 644 729 unde
662 668 830 730 necessario
852 668 989 746 resultat,
1005 677 1040 730 ut
1064 668 1143 730 sieut
1165 689 1220 729 ens
1237 666 1328 730 intel-

223 772 377 853 lectivam,
399 775 429 838 in
450 786 599 859 quantum
621 799 808 861 cognoscens
829 801 918 842 suum
939 802 1015 857 ease,
1031 778 1133 861 diligit
1153 800 1243 841 suum
1263 799 1328 840 esse

225 883 282 946 sibi
306 886 475 968 cognitum,
498 886 550 965 ita,
569 888 602 950 in
625 899 776 971 quantum
799 889 857 952 sibi
880 890 1049 973 cognitum,
1067 896 1149 951 amet
1172 888 1327 971 seipsum

225 995 392 1060 secundum
409 997 492 1080 quod
507 999 663 1081 cognoscit
677 1010 756 1062 actu.

271 1110 320 1171 10.
346 1107 501 1183 Quaeritur
518 1110 657 1193 soptim0,
673 1119 771 1173 atrum
786 1118 880 1188 actuo,
891 1132 948 1196 qno
962 1111 1094 1192 spiritua,
1109 1117 1144 1173 ut
1158 1130 1330 1191 coynoacena

224 1240 255 1281 se
274 1241 343 1297 case,
360 1227 441 1283 amat
459 1242 543 1283 suurn
566 1243 626 1284 csse
648 1223 805 1304 cognitum,
820 1223 861 1285 sit
881 1221 1008 1285 eiusdem
1023 1223 1138 1285 omnino
1154 1222 1279 1284 rationis
1293 1242 1329 1283 cc

224 1338 317 1408 octus,
334 1352 391 1413 qno
405 1339 439 1393 ut
454 1332 602 1413 cognitam
616 1333 674 1395 sibi
688 1341 768 1396 emat
782 1355 814 1395 ac
828 1339 1054 1414 coqnoacentcm.

269 1441 459 1525 Respondeo,
475 1464 538 1505 non
559 1442 657 1505 solnm
679 1465 743 1505 esse
765 1442 900 1506 eiusdem
920 1441 1057 1520 rationis,
1073 1442 1127 1505 sed
1145 1464 1211 1504 esse
1229 1463 1328 1505 unum

224 1560 256 1614 et
270 1552 411 1615 eumdem
427 1553 547 1617 realiter
563 1563 676 1633 actum,
686 1554 758 1638 quia
772 1564 819 1616 est
834 1554 924 1616 unica
939 1553 1122 1636 conspiratio
1136 1562 1222 1616 actus
1237 1552 1328 1635 primi

225 1662 401 1725 intellectivi
418 1672 448 1726 et
472 1664 595 1726 termini
615 1663 731 1746 cogniti
752 1663 791 1726 ad
811 1663 909 1746 primo
932 1662 1094 1726 essendum
1113 1664 1144 1725 in
1161 1685 1227 1726 esse
1241 1672 1328 1725 actus

225 1773 367 1857 completi
396 1773 620 1837 intellectualis.
668 1774 754 1837 Siout
783 1773 865 1865 enim
893 1774 1042 1837 terminus
1067 1773 1210 1857 cognitus
1235 1773 1328 1837 habet

225 1895 295 1948 actu
310 1907 384 1962 esse,
400 1885 488 1947 itaet
503 1884 595 1948 habet
610 1894 681 1948 actu
696 1907 806 1947 amare.
852 1885 949 1968 Atqui
969 1884 1062 1948 habet
1077 1908 1142 1949 esse
1157 1884 1327 1949 communi-

225 2005 326 2058 catum
347 1994 479 2059 identice
497 1994 535 2059 ab
558 1994 768 2077 intelligente3
794 2018 868 2078 ergo
892 2005 923 2058 et
942 2018 1052 2059 amare.
1096 1995 1180 2078 Ergo
1200 2018 1262 2058 una
1281 2003 1328 2058 cst

224 2107 355 2170 identice
374 2108 558 2191 conspiratio
578 2108 750 2191 utriusque.
795 2107 837 2169 Ilt
858 2107 935 2184 ideo,
951 2108 1089 2192 quamvis
1104 2128 1214 2184 amare,
1231 2115 1266 2169 ut
1281 2115 1328 2169 est

225 2219 257 2281 in
273 2218 423 2303 principio
438 2218 567 2296 essendi,
583 2241 638 2302 per
653 2219 803 2281 rationem
824 2218 974 2301 distingui
995 2218 1090 2303 possit
1109 2219 1148 2282 ab
1168 2240 1276 2296 amare,
1292 2226 1328 2282 ut

225 2341 270 2393 est
301 2330 332 2392 in
363 2329 493 2392 termino
516 2329 681 2413 accipiente
711 2351 786 2407 esse,
810 2328 996 2411 principium
1018 2340 1121 2392 tamen
1143 2329 1274 2407 essendi,
1297 2339 1328 2393 et

225 2442 375 2506 terminus
398 2440 548 2525 accipiens
570 2463 645 2518 esse,
663 2463 725 2505 non
748 2440 862 2504 habent
884 2439 1017 2524 aliquam
1034 2440 1189 2504 relativam
1204 2440 1327 2525 opposi-

141 2595 156 2616 .
225 2554 339 2616 tionem
355 2552 456 2636 quoad
470 2553 529 2616 hoc
543 2552 626 2636 quod
641 2561 687 2615 est
703 2575 821 2628 arnum
845 2551 917 2634 quia
931 2574 1031 2615 ornare
1045 2551 1242 2634 consequitur
1251 2574 1327 2630 esse,

224 2664 255 2726 in
269 2686 330 2748 quo
342 2662 406 2725 solo
418 2663 647 2726 communicans
662 2672 693 2726 et
708 2663 858 2746 accipiens
873 2685 939 2725 esse
950 2672 1089 2725 mutuam
1105 2662 1326 2746 oppositionem

225 2773 379 2837 relativam
397 2773 514 2836 dicunt.

269 2885 319 2948 Sic
341 2883 433 2948 etiam
451 2883 634 2966 conspiratio
653 2884 787 2947 materiae
805 2891 836 2946 et
851 2883 957 2946 formae
971 2882 1004 2944 in
1019 2882 1169 2945 unitatem
1185 2881 1327 2944 substan-

224 2998 274 3059 tiae
296 3018 359 3058 non
382 3004 428 3058 est
451 2993 563 3079 duplex
586 2993 748 3077 exigentia,
773 2993 827 3057 sed
850 2992 940 3056 unica
966 2993 1139 3056 communia
1169 2992 1328 3075 utriusque

225 3108 397 3184 necessitas,
413 3129 468 3169 seu
489 3105 599 3168 unicus
622 3115 708 3168 actus
731 3104 842 3168 amoris
865 3103 1062 3187 metaphorici
1085 3105 1196 3181 mutui,
1213 3126 1274 3187 quo
1290 3103 1329 3166 ad

225 3217 485 3284 coinexistendum
501 3215 687 3298 conspirant,

270 3333 319 3393 ll.
345 3329 501 3404 Quaeritur
522 3337 637 3403 octavo,
653 3328 771 3408 quinam
792 3327 834 3388 sit
854 3326 994 3388 terminas
1008 3325 1089 3388 illins
1103 3334 1186 3404 actua
1201 3347 1258 3407 qno
1280 3347 1327 3387 co-

221 3463 362 3524 gnoscens
383 3448 416 3503 ut
438 3460 609 3523 acquescens
631 3446 711 3501 amat
732 3459 763 3500 se
778 3439 935 3520 capallum,
951 3444 979 3499 ct
994 3444 1028 3499 nt
1042 3437 1188 3519 capnitnm
1203 3445 1282 3500 omui
1297 3459 1328 3499 se

224 3558 447 3635 cognoscentem.

268 3660 459 3744 Respondeo,
475 3660 557 3722 hunc
575 3659 741 3722 terminum
762 3681 828 3721 esse
848 3680 973 3721 enwrem
993 3659 1205 3740 complacentia
1220 3657 1257 3719 de
1273 3679 1328 3720 suo

224 3773 346 3857 proprio
354 3794 429 3849 esse,
440 3794 493 3834 seu
503 3773 664 3835 amicitiam
676 3771 723 3833 sui
735 3770 773 3832 ad
785 3770 930 3854 seipsum.
976 3768 1068 3844 Quod
1083 3779 1185 3833 autem
1201 3767 1328 3832 resultet

224 3882 443 3966 complacentia
463 3881 500 3945 de
524 3903 579 3944 suo
600 3881 723 3965 proprio
741 3903 817 3959 esse,
833 3880 1029 3943 manifestum
1046 3890 1101 3944 est.
1147 3881 1228 3943 Nam
1244 3901 1327 3944 com-

224 3995 375 4078 placentia
389 4003 436 4057 est
451 3992 589 4078 quaedam
606 3992 692 4077 quies
710 3993 742 4054 in
763 4014 798 4055 eo
820 3991 902 4074 quod
922 3991 1031 4075 placet,
1048 4015 1102 4055 seu
1124 3991 1273 4054 terminus
1293 3992 1327 4054 in

225 4127 284 4190 quo
300 4105 428 4188 quiescit
443 4127 558 4182 amans,
572 4103 647 4166 dum
662 4103 797 4186 possidet
813 4102 845 4165 id
859 4101 941 4186 quod
957 4111 1049 4180 amat,
1065 4125 1119 4165 seu
1134 4103 1224 4166 ctiam
1241 4102 1327 4185 quies

225 4217 354 4280 amantis
369 4217 401 4278 in
417 4227 526 4280 aurato.
570 4215 735 4280 Evidentcr
750 4224 852 4278 autem
863 4216 916 4298 qui
932 4215 988 4278 scit
1004 4239 1035 4278 se
1050 4238 1125 4293 csse,
1137 4224 1219 4277 amat
1235 4237 1325 4278 suum

224 4349 287 4390 esse
304 4326 361 4389 sibi
377 4327 545 4409 cognitum,
563 4326 634 4390 dum
652 4325 723 4390 facit
740 4326 898 4408 cognitum
914 4348 979 4388 esse
994 4326 1026 4389 in
1042 4334 1262 4407 cognoscente:
1295 4336 1325 4386 ct
