<?xml version="1.0" encoding="UTF-8"?>
<!DOCTYPE html PUBLIC "-//W3C//DTD XHTML 1.0 Transitional//EN"
    "http://www.w3.org/TR/xhtml1/DTD/xhtml1-transitional.dtd">
<html xmlns="http://www.w3.org/1999/xhtml" xml:lang="en" lang="en">
 <head>
  <title>
</title>
<meta http-equiv="Content-Type" content="text/html;charset=utf-8" />
  <meta name='ocr-system' content='tesseract 3.04.00' />
  <meta name='ocr-capabilities' content='ocr_page ocr_carea ocr_par ocr_line ocrx_word'/>
</head>
<body>
  <div class='ocr_page' id='page_1' title='image "./realisphilosoph02baymgoog_0179.png"; bbox 0 0 3200 4975; ppageno 0'>
   <div class='ocr_carea' id='block_1_1' title="bbox 250 359 1356 445">
    <p class='ocr_par' dir='ltr' id='par_1_1' title="bbox 250 359 1356 445">
     <span class='ocr_line' id='line_1_1' title="bbox 250 359 1356 445; baseline -0.001 -21"><span class='ocrx_word' id='word_1_1' title='bbox 250 381 320 425; x_wconf 77' lang='lat' dir='ltr'>car.</span> <span class='ocrx_word' id='word_1_2' title='bbox 338 359 392 445; x_wconf 87' lang='lat'>11.]</span> <span class='ocrx_word' id='word_1_3' title='bbox 702 383 745 428; x_wconf 83' lang='lat' dir='ltr'>nn</span> <span class='ocrx_word' id='word_1_4' title='bbox 762 385 908 428; x_wconf 81' lang='lat' dir='ltr'>nonius.</span> <span class='ocrx_word' id='word_1_5' title='bbox 1295 364 1356 425; x_wconf 85' lang='grc'>165</span> 
     </span>
    </p>
   </div>
   <div class='ocr_carea' id='block_1_2' title="bbox 199 547 1357 4206">
    <p class='ocr_par' dir='ltr' id='par_1_2' title="bbox 199 547 1357 2198">
     <span class='ocr_line' id='line_1_2' title="bbox 249 547 1357 639; baseline 0.004 -29"><span class='ocrx_word' id='word_1_6' title='bbox 249 547 397 629; x_wconf 84' lang='lat' dir='ltr'>quaeritur</span> <span class='ocrx_word' id='word_1_7' title='bbox 411 549 456 614; x_wconf 87' lang='lat' dir='ltr'>vis</span> <span class='ocrx_word' id='word_1_8' title='bbox 470 550 623 632; x_wconf 87' lang='lat' dir='ltr'>intuitiva,</span> <span class='ocrx_word' id='word_1_9' title='bbox 641 576 719 639; x_wconf 82' lang='lat' dir='ltr'>quae,</span> <span class='ocrx_word' id='word_1_10' title='bbox 735 553 835 638; x_wconf 87' lang='lat' dir='ltr'>posita</span> <span class='ocrx_word' id='word_1_11' title='bbox 850 553 904 618; x_wconf 90' lang='lat' dir='ltr'>tali</span> <span class='ocrx_word' id='word_1_12' title='bbox 925 553 1132 638; x_wconf 74' lang='lat' dir='ltr'>impressione,</span> <span class='ocrx_word' id='word_1_13' title='bbox 1155 552 1297 638; x_wconf 88' lang='lat' dir='ltr'>procedat</span> <span class='ocrx_word' id='word_1_14' title='bbox 1318 549 1357 614; x_wconf 91' lang='lat' dir='ltr'>ad</span> 
     </span>
     <span class='ocr_line' id='line_1_3' title="bbox 247 661 1356 749; baseline 0.004 -29"><span class='ocrx_word' id='word_1_15' title='bbox 247 667 351 722; x_wconf 89' lang='lat' dir='ltr'>actum</span> <span class='ocrx_word' id='word_1_16' title='bbox 380 662 637 745; x_wconf 87' lang='lat' dir='ltr'>apprehendendi.</span> <span class='ocrx_word' id='word_1_17' title='bbox 684 664 767 729; x_wconf 91' lang='lat' dir='ltr'>Nam</span> <span class='ocrx_word' id='word_1_18' title='bbox 790 665 824 728; x_wconf 91' lang='lat' dir='ltr'>in</span> <span class='ocrx_word' id='word_1_19' title='bbox 850 664 987 729; x_wconf 87' lang='lat' dir='ltr'>subiecto</span> <span class='ocrx_word' id='word_1_20' title='bbox 1016 686 1092 749; x_wconf 89' lang='lat' dir='ltr'>pure</span> <span class='ocrx_word' id='word_1_21' title='bbox 1121 661 1271 728; x_wconf 90' lang='lat' dir='ltr'>materiali</span> <span class='ocrx_word' id='word_1_22' title='bbox 1297 661 1356 725; x_wconf 91' lang='lat' dir='ltr'>im-</span> 
     </span>
     <span class='ocr_line' id='line_1_4' title="bbox 245 771 1356 860; baseline 0.005 -28"><span class='ocrx_word' id='word_1_23' title='bbox 245 771 362 851; x_wconf 82' lang='lat' dir='ltr'>pressio</span> <span class='ocrx_word' id='word_1_24' title='bbox 384 774 530 858; x_wconf 85' lang='lat' dir='ltr'>recipitur</span> <span class='ocrx_word' id='word_1_25' title='bbox 551 799 607 860; x_wconf 90' lang='lat' dir='ltr'>per</span> <span class='ocrx_word' id='word_1_26' title='bbox 627 777 832 841; x_wconf 91' lang='lat' dir='ltr'>actuationem</span> <span class='ocrx_word' id='word_1_27' title='bbox 854 786 957 841; x_wconf 88' lang='lat' dir='ltr'>motus</span> <span class='ocrx_word' id='word_1_28' title='bbox 974 775 1078 840; x_wconf 89' lang='lat' dir='ltr'>localis</span> <span class='ocrx_word' id='word_1_29' title='bbox 1093 776 1125 839; x_wconf 92' lang='lat' dir='ltr'>in</span> <span class='ocrx_word' id='word_1_30' title='bbox 1141 774 1278 859; x_wconf 87' lang='lat' dir='ltr'>partibus</span> <span class='ocrx_word' id='word_1_31' title='bbox 1293 772 1356 838; x_wconf 89' lang='lat' dir='ltr'>sive</span> 
     </span>
     <span class='ocr_line' id='line_1_5' title="bbox 246 881 1356 966; baseline 0.005 -23"><span class='ocrx_word' id='word_1_32' title='bbox 246 881 409 966; x_wconf 80' lang='lat' dir='ltr'>organicis,</span> <span class='ocrx_word' id='word_1_33' title='bbox 434 885 495 949; x_wconf 91' lang='lat' dir='ltr'>sive</span> <span class='ocrx_word' id='word_1_34' title='bbox 520 908 601 953; x_wconf 89' lang='lat' dir='ltr'>non:</span> <span class='ocrx_word' id='word_1_35' title='bbox 625 898 656 951; x_wconf 91' lang='lat' dir='ltr'>et</span> <span class='ocrx_word' id='word_1_36' title='bbox 682 888 775 953; x_wconf 92' lang='lat' dir='ltr'>huius</span> <span class='ocrx_word' id='word_1_37' title='bbox 806 897 908 953; x_wconf 87' lang='lat' dir='ltr'>motus</span> <span class='ocrx_word' id='word_1_38' title='bbox 936 911 1000 952; x_wconf 90' lang='lat' dir='ltr'>non</span> <span class='ocrx_word' id='word_1_39' title='bbox 1029 887 1106 951; x_wconf 89' lang='lat' dir='ltr'>alius</span> <span class='ocrx_word' id='word_1_40' title='bbox 1136 887 1261 952; x_wconf 80' lang='lat' dir='ltr'>effectur</span> <span class='ocrx_word' id='word_1_41' title='bbox 1290 907 1356 950; x_wconf 90' lang='lat' dir='ltr'>esse</span> 
     </span>
     <span class='ocr_line' id='line_1_6' title="bbox 199 994 1355 1084; baseline 0.004 -29"><span class='ocrx_word' id='word_1_42' title='bbox 199 1062 206 1072; x_wconf 62' lang='grc'><em>,</em></span> <span class='ocrx_word' id='word_1_43' title='bbox 246 1000 349 1076; x_wconf 91' lang='lat' dir='ltr'>potest</span> <span class='ocrx_word' id='word_1_44' title='bbox 363 994 424 1070; x_wconf 86' lang='lat' dir='ltr'>nisi</span> <span class='ocrx_word' id='word_1_45' title='bbox 438 997 568 1061; x_wconf 90' lang='lat' dir='ltr'>mutatio</span> <span class='ocrx_word' id='word_1_46' title='bbox 583 997 708 1062; x_wconf 91' lang='lat' dir='ltr'>relativa</span> <span class='ocrx_word' id='word_1_47' title='bbox 723 998 877 1064; x_wconf 74' lang='lat' dir='ltr'>distantiae</span> <span class='ocrx_word' id='word_1_48' title='bbox 890 999 1024 1084; x_wconf 88' lang='lat' dir='ltr'>partium</span> <span class='ocrx_word' id='word_1_49' title='bbox 1039 999 1073 1062; x_wconf 91' lang='lat' dir='ltr'>in</span> <span class='ocrx_word' id='word_1_50' title='bbox 1088 997 1196 1082; x_wconf 89' lang='lat' dir='ltr'>spatio.</span> <span class='ocrx_word' id='word_1_51' title='bbox 1241 997 1355 1061; x_wconf 79' lang='lat' dir='ltr'>Totum</span> 
     </span>
     <span class='ocr_line' id='line_1_7' title="bbox 247 1104 1354 1196; baseline 0.005 -32"><span class='ocrx_word' id='word_1_52' title='bbox 247 1112 350 1166; x_wconf 85' lang='lat' dir='ltr'>autem</span> <span class='ocrx_word' id='word_1_53' title='bbox 371 1104 429 1168; x_wconf 92' lang='lat' dir='ltr'>hoc</span> <span class='ocrx_word' id='word_1_54' title='bbox 449 1115 496 1171; x_wconf 91' lang='lat' dir='ltr'>est</span> <span class='ocrx_word' id='word_1_55' title='bbox 518 1108 592 1191; x_wconf 90' lang='lat' dir='ltr'>pati.</span> <span class='ocrx_word' id='word_1_56' title='bbox 635 1108 685 1172; x_wconf 89' lang='lat' dir='ltr'>Ad</span> <span class='ocrx_word' id='word_1_57' title='bbox 708 1109 894 1175; x_wconf 86' lang='lat' dir='ltr'>intuendum</span> <span class='ocrx_word' id='word_1_58' title='bbox 909 1131 979 1175; x_wconf 92' lang='lat' dir='ltr'>vero</span> <span class='ocrx_word' id='word_1_59' title='bbox 1001 1109 1166 1196; x_wconf 83' lang='lat' dir='ltr'>requiritur</span> <span class='ocrx_word' id='word_1_60' title='bbox 1180 1107 1225 1172; x_wconf 87' lang='lat' dir='ltr'>vis</span> <span class='ocrx_word' id='word_1_61' title='bbox 1247 1107 1354 1186; x_wconf 89' lang='lat' dir='ltr'>activa,</span> 
     </span>
     <span class='ocr_line' id='line_1_8' title="bbox 246 1215 1355 1303; baseline 0.006 -27"><span class='ocrx_word' id='word_1_62' title='bbox 246 1236 343 1298; x_wconf 90' lang='lat' dir='ltr'>quum</span> <span class='ocrx_word' id='word_1_63' title='bbox 358 1215 471 1281; x_wconf 89' lang='lat' dir='ltr'>intueri</span> <span class='ocrx_word' id='word_1_64' title='bbox 483 1218 522 1282; x_wconf 90' lang='lat' dir='ltr'>sit</span> <span class='ocrx_word' id='word_1_65' title='bbox 537 1242 645 1303; x_wconf 87' lang='lat' dir='ltr'>agere:</span> <span class='ocrx_word' id='word_1_66' title='bbox 668 1230 701 1284; x_wconf 91' lang='lat' dir='ltr'>at</span> <span class='ocrx_word' id='word_1_67' title='bbox 715 1221 761 1286; x_wconf 89' lang='lat' dir='ltr'>vis</span> <span class='ocrx_word' id='word_1_68' title='bbox 781 1221 878 1299; x_wconf 86' lang='lat' dir='ltr'>activa</span> <span class='ocrx_word' id='word_1_69' title='bbox 899 1221 1041 1286; x_wconf 89' lang='lat' dir='ltr'>intuitiva</span> <span class='ocrx_word' id='word_1_70' title='bbox 1063 1219 1148 1285; x_wconf 92' lang='lat' dir='ltr'>nulla</span> <span class='ocrx_word' id='word_1_71' title='bbox 1167 1219 1262 1284; x_wconf 87' lang='lat' dir='ltr'>estin</span> <span class='ocrx_word' id='word_1_72' title='bbox 1277 1241 1355 1303; x_wconf 91' lang='lat' dir='ltr'>pura</span> 
     </span>
     <span class='ocr_line' id='line_1_9' title="bbox 211 1327 1355 1418; baseline 0.005 -28"><span class='ocrx_word' id='word_1_73' title='bbox 211 1327 216 1335; x_wconf 82' lang='grc'><em>’</em></span> <span class='ocrx_word' id='word_1_74' title='bbox 245 1328 382 1406; x_wconf 88' lang='lat' dir='ltr'>materia,</span> <span class='ocrx_word' id='word_1_75' title='bbox 397 1330 492 1395; x_wconf 90' lang='lat' dir='ltr'>immo</span> <span class='ocrx_word' id='word_1_76' title='bbox 506 1341 626 1416; x_wconf 82' lang='lat' dir='ltr'>pugnat</span> <span class='ocrx_word' id='word_1_77' title='bbox 640 1355 711 1396; x_wconf 91' lang='lat' dir='ltr'>curn</span> <span class='ocrx_word' id='word_1_78' title='bbox 726 1334 852 1414; x_wconf 86' lang='lat' dir='ltr'>notione</span> <span class='ocrx_word' id='word_1_79' title='bbox 865 1335 1007 1412; x_wconf 86' lang='lat' dir='ltr'>materiae,</span> <span class='ocrx_word' id='word_1_80' title='bbox 1018 1341 1142 1418; x_wconf 86' lang='lat' dir='ltr'>quaeest</span> <span class='ocrx_word' id='word_1_81' title='bbox 1152 1329 1355 1396; x_wconf 83' lang='lat' dir='ltr'>essentialiter</span> 
     </span>
     <span class='ocr_line' id='line_1_10' title="bbox 245 1437 1350 1530; baseline 0.004 -29"><span class='ocrx_word' id='word_1_82' title='bbox 245 1437 337 1502; x_wconf 88' lang='lat' dir='ltr'>iners.</span> <span class='ocrx_word' id='word_1_83' title='bbox 384 1439 465 1505; x_wconf 89' lang='lat' dir='ltr'>Nam</span> <span class='ocrx_word' id='word_1_84' title='bbox 476 1443 522 1506; x_wconf 90' lang='lat' dir='ltr'>vis</span> <span class='ocrx_word' id='word_1_85' title='bbox 531 1443 674 1508; x_wconf 88' lang='lat' dir='ltr'>intuitiva</span> <span class='ocrx_word' id='word_1_86' title='bbox 689 1453 735 1508; x_wconf 87' lang='lat' dir='ltr'>est</span> <span class='ocrx_word' id='word_1_87' title='bbox 750 1445 796 1508; x_wconf 89' lang='lat' dir='ltr'>vis</span> <span class='ocrx_word' id='word_1_88' title='bbox 811 1445 990 1530; x_wconf 77' lang='lat' dir='ltr'>productiva</span> <span class='ocrx_word' id='word_1_89' title='bbox 1005 1443 1132 1508; x_wconf 84' lang='lat' dir='ltr'>actionis</span> <span class='ocrx_word' id='word_1_90' title='bbox 1141 1442 1350 1520; x_wconf 89' lang='lat' dir='ltr'>immanentis,</span> 
     </span>
     <span class='ocr_line' id='line_1_11' title="bbox 246 1550 1352 1640; baseline 0.005 -27"><span class='ocrx_word' id='word_1_91' title='bbox 246 1572 342 1634; x_wconf 91' lang='lat' dir='ltr'>quum</span> <span class='ocrx_word' id='word_1_92' title='bbox 357 1553 458 1617; x_wconf 87' lang='lat' dir='ltr'>omnis</span> <span class='ocrx_word' id='word_1_93' title='bbox 469 1556 604 1638; x_wconf 85' lang='lat' dir='ltr'>cognitio</span> <span class='ocrx_word' id='word_1_94' title='bbox 615 1556 706 1620; x_wconf 89' lang='lat' dir='ltr'>faciat</span> <span class='ocrx_word' id='word_1_95' title='bbox 720 1557 880 1640; x_wconf 87' lang='lat' dir='ltr'>cognitum</span> <span class='ocrx_word' id='word_1_96' title='bbox 891 1579 956 1620; x_wconf 89' lang='lat' dir='ltr'>esse</span> <span class='ocrx_word' id='word_1_97' title='bbox 970 1555 1004 1620; x_wconf 90' lang='lat' dir='ltr'>in</span> <span class='ocrx_word' id='word_1_98' title='bbox 1020 1563 1238 1640; x_wconf 83' lang='lat' dir='ltr'>cognoscente:</span> <span class='ocrx_word' id='word_1_99' title='bbox 1262 1550 1352 1637; x_wconf 90' lang='lat' dir='ltr'>atqui</span> 
     </span>
     <span class='ocr_line' id='line_1_12' title="bbox 245 1663 1351 1753; baseline 0.004 -27"><span class='ocrx_word' id='word_1_100' title='bbox 245 1663 291 1727; x_wconf 91' lang='lat' dir='ltr'>vis</span> <span class='ocrx_word' id='word_1_101' title='bbox 306 1665 482 1748; x_wconf 88' lang='lat' dir='ltr'>productiva</span> <span class='ocrx_word' id='word_1_102' title='bbox 497 1667 625 1732; x_wconf 89' lang='lat' dir='ltr'>actionis</span> <span class='ocrx_word' id='word_1_103' title='bbox 639 1668 837 1732; x_wconf 91' lang='lat' dir='ltr'>immanentis</span> <span class='ocrx_word' id='word_1_104' title='bbox 851 1677 971 1753; x_wconf 89' lang='lat' dir='ltr'>pugnat</span> <span class='ocrx_word' id='word_1_105' title='bbox 986 1690 1055 1732; x_wconf 89' lang='lat' dir='ltr'>cum</span> <span class='ocrx_word' id='word_1_106' title='bbox 1072 1667 1181 1732; x_wconf 90' lang='lat' dir='ltr'>inertia</span> <span class='ocrx_word' id='word_1_107' title='bbox 1195 1666 1351 1745; x_wconf 77' lang='lat' dir='ltr'>materiae3</span> 
     </span>
     <span class='ocr_line' id='line_1_13' title="bbox 245 1775 1351 1863; baseline -0.002 -23"><span class='ocrx_word' id='word_1_108' title='bbox 245 1784 364 1859; x_wconf 89' lang='lat' dir='ltr'>ergoet</span> <span class='ocrx_word' id='word_1_109' title='bbox 379 1776 592 1842; x_wconf 82' lang='lat' dir='ltr'>visintuitiva.</span> <span class='ocrx_word' id='word_1_110' title='bbox 636 1777 742 1842; x_wconf 90' lang='lat' dir='ltr'>Minor</span> <span class='ocrx_word' id='word_1_111' title='bbox 763 1787 867 1863; x_wconf 82' lang='lat' dir='ltr'>patet3</span> <span class='ocrx_word' id='word_1_112' title='bbox 895 1778 966 1862; x_wconf 92' lang='lat' dir='ltr'>quia</span> <span class='ocrx_word' id='word_1_113' title='bbox 985 1777 1152 1862; x_wconf 91' lang='lat' dir='ltr'>producere</span> <span class='ocrx_word' id='word_1_114' title='bbox 1170 1785 1272 1841; x_wconf 88' lang='lat' dir='ltr'>actum</span> <span class='ocrx_word' id='word_1_115' title='bbox 1292 1775 1351 1839; x_wconf 88' lang='lat' dir='ltr'>im·</span> 
     </span>
     <span class='ocr_line' id='line_1_14' title="bbox 245 1887 1352 1975; baseline 0.004 -25"><span class='ocrx_word' id='word_1_116' title='bbox 245 1897 420 1953; x_wconf 90' lang='lat' dir='ltr'>manentem</span> <span class='ocrx_word' id='word_1_117' title='bbox 435 1898 482 1954; x_wconf 89' lang='lat' dir='ltr'>est</span> <span class='ocrx_word' id='word_1_118' title='bbox 498 1889 671 1954; x_wconf 90' lang='lat' dir='ltr'>modificare</span> <span class='ocrx_word' id='word_1_119' title='bbox 685 1889 841 1975; x_wconf 80' lang='lat' dir='ltr'>seipsum:</span> <span class='ocrx_word' id='word_1_120' title='bbox 864 1890 947 1974; x_wconf 92' lang='lat' dir='ltr'>quod</span> <span class='ocrx_word' id='word_1_121' title='bbox 962 1897 1064 1954; x_wconf 88' lang='lat' dir='ltr'>autern</span> <span class='ocrx_word' id='word_1_122' title='bbox 1080 1898 1127 1954; x_wconf 91' lang='lat' dir='ltr'>est</span> <span class='ocrx_word' id='word_1_123' title='bbox 1146 1889 1229 1954; x_wconf 90' lang='lat' dir='ltr'>iners</span> <span class='ocrx_word' id='word_1_124' title='bbox 1244 1887 1352 1974; x_wconf 88' lang='lat' dir='ltr'>nequit</span> 
     </span>
     <span class='ocr_line' id='line_1_15' title="bbox 245 1999 1352 2088; baseline 0.001 -26"><span class='ocrx_word' id='word_1_125' title='bbox 245 1999 412 2064; x_wconf 89' lang='lat' dir='ltr'>modificari</span> <span class='ocrx_word' id='word_1_126' title='bbox 426 1999 487 2064; x_wconf 88' lang='lat' dir='ltr'>nisi</span> <span class='ocrx_word' id='word_1_127' title='bbox 502 1999 540 2064; x_wconf 93' lang='lat' dir='ltr'>ab</span> <span class='ocrx_word' id='word_1_128' title='bbox 555 2009 640 2065; x_wconf 87' lang='lat' dir='ltr'>extra</span> <span class='ocrx_word' id='word_1_129' title='bbox 648 2027 659 2080; x_wconf 80' lang='lat'>3</span> <span class='ocrx_word' id='word_1_130' title='bbox 681 2001 714 2064; x_wconf 91' lang='lat' dir='ltr'>in</span> <span class='ocrx_word' id='word_1_131' title='bbox 731 2001 790 2066; x_wconf 91' lang='lat' dir='ltr'>boc</span> <span class='ocrx_word' id='word_1_132' title='bbox 808 2002 891 2065; x_wconf 92' lang='lat' dir='ltr'>enim</span> <span class='ocrx_word' id='word_1_133' title='bbox 913 2001 1053 2086; x_wconf 86' lang='lat' dir='ltr'>consistit</span> <span class='ocrx_word' id='word_1_134' title='bbox 1074 2001 1184 2065; x_wconf 88' lang='lat' dir='ltr'>inertia</span> <span class='ocrx_word' id='word_1_135' title='bbox 1207 1999 1352 2088; x_wconf 90' lang='lat' dir='ltr'>materiae,</span> 
     </span>
     <span class='ocr_line' id='line_1_16' title="bbox 244 2111 1349 2198; baseline 0 -24"><span class='ocrx_word' id='word_1_136' title='bbox 244 2111 329 2196; x_wconf 92' lang='lat' dir='ltr'>quod</span> <span class='ocrx_word' id='word_1_137' title='bbox 344 2111 470 2176; x_wconf 90' lang='lat' dir='ltr'>materia</span> <span class='ocrx_word' id='word_1_138' title='bbox 485 2134 516 2176; x_wconf 91' lang='lat' dir='ltr'>se</span> <span class='ocrx_word' id='word_1_139' title='bbox 531 2112 641 2177; x_wconf 90' lang='lat' dir='ltr'>habeat</span> <span class='ocrx_word' id='word_1_140' title='bbox 656 2136 732 2196; x_wconf 91' lang='lat' dir='ltr'>pure</span> <span class='ocrx_word' id='word_1_141' title='bbox 746 2112 865 2198; x_wconf 85' lang='lat' dir='ltr'>passive</span> <span class='ocrx_word' id='word_1_142' title='bbox 881 2112 981 2198; x_wconf 92' lang='lat' dir='ltr'>quoad</span> <span class='ocrx_word' id='word_1_143' title='bbox 996 2112 1204 2196; x_wconf 89' lang='lat' dir='ltr'>recipiendum</span> <span class='ocrx_word' id='word_1_144' title='bbox 1219 2118 1349 2176; x_wconf 88' lang='lat' dir='ltr'>motum.</span> 
     </span>
    </p>

    <p class='ocr_par' dir='ltr' id='par_1_3' title="bbox 239 2223 1349 3316">
     <span class='ocr_line' id='line_1_17' title="bbox 288 2223 1348 2309; baseline -0.002 -22"><span class='ocrx_word' id='word_1_145' title='bbox 288 2223 354 2287; x_wconf 89' lang='lat' dir='ltr'>Nec</span> <span class='ocrx_word' id='word_1_146' title='bbox 365 2223 457 2303; x_wconf 86' lang='lat' dir='ltr'>dicas,</span> <span class='ocrx_word' id='word_1_147' title='bbox 469 2223 531 2298; x_wconf 86' lang='lat' dir='ltr'>vim</span> <span class='ocrx_word' id='word_1_148' title='bbox 541 2224 851 2309; x_wconf 82' lang='lat' dir='ltr'>productivamactus</span> <span class='ocrx_word' id='word_1_149' title='bbox 867 2225 1064 2289; x_wconf 87' lang='lat' dir='ltr'>immanentis</span> <span class='ocrx_word' id='word_1_150' title='bbox 1078 2225 1142 2289; x_wconf 89' lang='lat' dir='ltr'>fore</span> <span class='ocrx_word' id='word_1_151' title='bbox 1157 2230 1348 2309; x_wconf 89' lang='lat' dir='ltr'>pugnantem</span> 
     </span>
     <span class='ocr_line' id='line_1_18' title="bbox 243 2335 1349 2422; baseline 0.001 -24"><span class='ocrx_word' id='word_1_152' title='bbox 243 2357 314 2399; x_wconf 91' lang='lat' dir='ltr'>cum</span> <span class='ocrx_word' id='word_1_153' title='bbox 329 2335 587 2409; x_wconf 82' lang='lat' dir='ltr'>inertiajmateriae</span> <span class='ocrx_word' id='word_1_154' title='bbox 601 2337 628 2400; x_wconf 90' lang='lat' dir='ltr'>si</span> <span class='ocrx_word' id='word_1_155' title='bbox 642 2346 729 2402; x_wconf 87' lang='lat' dir='ltr'>actus</span> <span class='ocrx_word' id='word_1_156' title='bbox 743 2336 925 2416; x_wconf 89' lang='lat' dir='ltr'>immanens,</span> <span class='ocrx_word' id='word_1_157' title='bbox 940 2359 1031 2422; x_wconf 90' lang='lat' dir='ltr'>quem</span> <span class='ocrx_word' id='word_1_158' title='bbox 1055 2338 1246 2422; x_wconf 85' lang='lat' dir='ltr'>produceret,</span> <span class='ocrx_word' id='word_1_159' title='bbox 1269 2345 1349 2402; x_wconf 87' lang='lat' dir='ltr'>esset</span> 
     </span>
     <span class='ocr_line' id='line_1_19' title="bbox 243 2447 1349 2530; baseline 0.001 -18"><span class='ocrx_word' id='word_1_160' title='bbox 243 2456 330 2513; x_wconf 84' lang='lat' dir='ltr'>actus</span> <span class='ocrx_word' id='word_1_161' title='bbox 344 2448 403 2513; x_wconf 92' lang='lat' dir='ltr'>sibi</span> <span class='ocrx_word' id='word_1_162' title='bbox 417 2447 512 2514; x_wconf 89' lang='lat' dir='ltr'>dandi</span> <span class='ocrx_word' id='word_1_163' title='bbox 525 2450 644 2513; x_wconf 85' lang='lat' dir='ltr'>motum</span> <span class='ocrx_word' id='word_1_164' title='bbox 660 2449 797 2530; x_wconf 83' lang='lat' dir='ltr'>localem,</span> <span class='ocrx_word' id='word_1_165' title='bbox 813 2471 876 2515; x_wconf 88' lang='lat' dir='ltr'>non</span> <span class='ocrx_word' id='word_1_166' title='bbox 890 2471 962 2515; x_wconf 90' lang='lat' dir='ltr'>vero</span> <span class='ocrx_word' id='word_1_167' title='bbox 977 2449 1003 2514; x_wconf 90' lang='lat' dir='ltr'>si</span> <span class='ocrx_word' id='word_1_168' title='bbox 1018 2449 1058 2513; x_wconf 88' lang='lat' dir='ltr'>sit</span> <span class='ocrx_word' id='word_1_169' title='bbox 1073 2459 1160 2514; x_wconf 88' lang='lat' dir='ltr'>actus</span> <span class='ocrx_word' id='word_1_170' title='bbox 1174 2448 1349 2530; x_wconf 91' lang='lat' dir='ltr'>intuitivus,</span> 
     </span>
     <span class='ocr_line' id='line_1_20' title="bbox 241 2560 1347 2645; baseline 0.001 -23"><span class='ocrx_word' id='word_1_171' title='bbox 241 2582 338 2645; x_wconf 92' lang='lat' dir='ltr'>quum</span> <span class='ocrx_word' id='word_1_172' title='bbox 360 2560 472 2625; x_wconf 87' lang='lat' dir='ltr'>inertia</span> <span class='ocrx_word' id='word_1_173' title='bbox 499 2560 653 2627; x_wconf 87' lang='lat' dir='ltr'>tribuatur</span> <span class='ocrx_word' id='word_1_174' title='bbox 681 2562 816 2626; x_wconf 78' lang='lat' dir='ltr'>materiae</span> <span class='ocrx_word' id='word_1_175' title='bbox 838 2561 872 2625; x_wconf 90' lang='lat' dir='ltr'>in</span> <span class='ocrx_word' id='word_1_176' title='bbox 893 2561 1000 2626; x_wconf 91' lang='lat' dir='ltr'>ordine</span> <span class='ocrx_word' id='word_1_177' title='bbox 1022 2570 1144 2625; x_wconf 91' lang='lat' dir='ltr'>tantum</span> <span class='ocrx_word' id='word_1_178' title='bbox 1167 2561 1347 2625; x_wconf 88' lang='lat' dir='ltr'>admotum</span> 
     </span>
     <span class='ocr_line' id='line_1_21' title="bbox 240 2670 1347 2757; baseline 0.001 -23"><span class='ocrx_word' id='word_1_179' title='bbox 240 2670 378 2737; x_wconf 84' lang='lat' dir='ltr'>localem.</span> <span class='ocrx_word' id='word_1_180' title='bbox 422 2672 506 2736; x_wconf 92' lang='lat' dir='ltr'>Nam</span> <span class='ocrx_word' id='word_1_181' title='bbox 528 2680 634 2737; x_wconf 91' lang='lat' dir='ltr'>contra</span> <span class='ocrx_word' id='word_1_182' title='bbox 654 2682 720 2752; x_wconf 72' lang='lat' dir='ltr'>est,</span> <span class='ocrx_word' id='word_1_183' title='bbox 743 2673 770 2736; x_wconf 90' lang='lat' dir='ltr'>si</span> <span class='ocrx_word' id='word_1_184' title='bbox 792 2672 875 2752; x_wconf 90' lang='lat' dir='ltr'>enim</span> <span class='ocrx_word' id='word_1_185' title='bbox 897 2695 952 2757; x_wconf 92' lang='lat' dir='ltr'>per</span> <span class='ocrx_word' id='word_1_186' title='bbox 973 2671 1106 2756; x_wconf 87' lang='lat' dir='ltr'>aliquam</span> <span class='ocrx_word' id='word_1_187' title='bbox 1129 2672 1191 2735; x_wconf 91' lang='lat' dir='ltr'>vim</span> <span class='ocrx_word' id='word_1_188' title='bbox 1220 2670 1347 2735; x_wconf 89' lang='lat' dir='ltr'>materia</span> 
     </span>
     <span class='ocr_line' id='line_1_22' title="bbox 239 2782 1346 2869; baseline 0 -22"><span class='ocrx_word' id='word_1_189' title='bbox 239 2793 342 2867; x_wconf 88' lang='lat' dir='ltr'>posset</span> <span class='ocrx_word' id='word_1_190' title='bbox 356 2805 547 2868; x_wconf 89' lang='lat' dir='ltr'>cognoscere,</span> <span class='ocrx_word' id='word_1_191' title='bbox 561 2806 616 2869; x_wconf 90' lang='lat' dir='ltr'>per</span> <span class='ocrx_word' id='word_1_192' title='bbox 630 2784 769 2848; x_wconf 91' lang='lat' dir='ltr'>eamdem</span> <span class='ocrx_word' id='word_1_193' title='bbox 784 2808 802 2849; x_wconf 90' lang='lat' dir='ltr'>a</span> <span class='ocrx_word' id='word_1_194' title='bbox 816 2784 935 2849; x_wconf 86' lang='lat' dir='ltr'>fortiori</span> <span class='ocrx_word' id='word_1_195' title='bbox 949 2792 1052 2868; x_wconf 87' lang='lat' dir='ltr'>posset</span> <span class='ocrx_word' id='word_1_196' title='bbox 1067 2783 1126 2847; x_wconf 90' lang='lat' dir='ltr'>sibi</span> <span class='ocrx_word' id='word_1_197' title='bbox 1140 2782 1212 2847; x_wconf 89' lang='lat' dir='ltr'>dare</span> <span class='ocrx_word' id='word_1_198' title='bbox 1227 2791 1346 2847; x_wconf 87' lang='lat' dir='ltr'>motum</span> 
     </span>
     <span class='ocr_line' id='line_1_23' title="bbox 239 2894 1346 2982; baseline -0.001 -23"><span class='ocrx_word' id='word_1_199' title='bbox 239 2894 375 2960; x_wconf 86' lang='lat' dir='ltr'>localem.</span> <span class='ocrx_word' id='word_1_200' title='bbox 419 2895 545 2960; x_wconf 83' lang='lat' dir='ltr'>Etenim</span> <span class='ocrx_word' id='word_1_201' title='bbox 567 2896 613 2961; x_wconf 88' lang='lat' dir='ltr'>vis</span> <span class='ocrx_word' id='word_1_202' title='bbox 638 2896 853 2979; x_wconf 87' lang='lat' dir='ltr'>cognoscendi,</span> <span class='ocrx_word' id='word_1_203' title='bbox 879 2918 947 2982; x_wconf 81' lang='lat' dir='ltr'>quae</span> <span class='ocrx_word' id='word_1_204' title='bbox 972 2903 1019 2960; x_wconf 89' lang='lat' dir='ltr'>cst</span> <span class='ocrx_word' id='word_1_205' title='bbox 1042 2894 1153 2973; x_wconf 88' lang='lat' dir='ltr'>vitalis,</span> <span class='ocrx_word' id='word_1_206' title='bbox 1175 2894 1346 2959; x_wconf 89' lang='lat' dir='ltr'>eminenter</span> 
     </span>
     <span class='ocr_line' id='line_1_24' title="bbox 239 3006 1346 3093; baseline 0 -22"><span class='ocrx_word' id='word_1_207' title='bbox 239 3008 376 3072; x_wconf 89' lang='lat' dir='ltr'>continet</span> <span class='ocrx_word' id='word_1_208' title='bbox 390 3008 452 3072; x_wconf 86' lang='lat' dir='ltr'>vim</span> <span class='ocrx_word' id='word_1_209' title='bbox 468 3008 622 3089; x_wconf 89' lang='lat' dir='ltr'>motivam,</span> <span class='ocrx_word' id='word_1_210' title='bbox 643 3032 712 3093; x_wconf 82' lang='lat' dir='ltr'>quae</span> <span class='ocrx_word' id='word_1_211' title='bbox 732 3016 779 3073; x_wconf 85' lang='lat' dir='ltr'>est</span> <span class='ocrx_word' id='word_1_212' title='bbox 801 3008 952 3073; x_wconf 83' lang='lat' dir='ltr'>inferioris</span> <span class='ocrx_word' id='word_1_213' title='bbox 974 3006 1100 3086; x_wconf 85' lang='lat' dir='ltr'>ordinis,</span> <span class='ocrx_word' id='word_1_214' title='bbox 1121 3015 1158 3071; x_wconf 88' lang='lat' dir='ltr'>ut</span> <span class='ocrx_word' id='word_1_215' title='bbox 1175 3014 1346 3071; x_wconf 82' lang='lat' dir='ltr'>constater</span> 
     </span>
     <span class='ocr_line' id='line_1_25' title="bbox 240 3116 1346 3205; baseline -0.003 -22"><span class='ocrx_word' id='word_1_216' title='bbox 240 3142 276 3183; x_wconf 90' lang='lat' dir='ltr'>eo</span> <span class='ocrx_word' id='word_1_217' title='bbox 291 3119 374 3205; x_wconf 94' lang='lat' dir='ltr'>quod</span> <span class='ocrx_word' id='word_1_218' title='bbox 389 3142 480 3183; x_wconf 92' lang='lat' dir='ltr'>omne</span> <span class='ocrx_word' id='word_1_219' title='bbox 494 3120 741 3185; x_wconf 86' lang='lat' dir='ltr'>animalnrovere</span> <span class='ocrx_word' id='word_1_220' title='bbox 756 3142 789 3184; x_wconf 91' lang='lat' dir='ltr'>se</span> <span class='ocrx_word' id='word_1_221' title='bbox 803 3120 900 3204; x_wconf 87' lang='lat' dir='ltr'>possit</span> <span class='ocrx_word' id='word_1_222' title='bbox 920 3141 974 3204; x_wconf 91' lang='lat' dir='ltr'>per</span> <span class='ocrx_word' id='word_1_223' title='bbox 992 3118 1106 3199; x_wconf 86' lang='lat' dir='ltr'>locum,</span> <span class='ocrx_word' id='word_1_224' title='bbox 1128 3116 1278 3203; x_wconf 89' lang='lat' dir='ltr'>quamdiu</span> <span class='ocrx_word' id='word_1_225' title='bbox 1298 3126 1346 3181; x_wconf 89' lang='lat' dir='ltr'>est</span> 
     </span>
     <span class='ocr_line' id='line_1_26' title="bbox 239 3230 1169 3316; baseline 0.003 -22"><span class='ocrx_word' id='word_1_226' title='bbox 239 3231 273 3294; x_wconf 92' lang='lat' dir='ltr'>in</span> <span class='ocrx_word' id='word_1_227' title='bbox 287 3255 323 3295; x_wconf 90' lang='lat' dir='ltr'>eo</span> <span class='ocrx_word' id='word_1_228' title='bbox 338 3230 439 3295; x_wconf 88' lang='lat' dir='ltr'>vitalis</span> <span class='ocrx_word' id='word_1_229' title='bbox 453 3232 599 3316; x_wconf 90' lang='lat' dir='ltr'>operatio.</span> <span class='ocrx_word' id='word_1_230' title='bbox 1167 3299 1169 3303; x_wconf 77' lang='grc'><em>,</em></span> 
     </span>
    </p>

    <p class='ocr_par' dir='ltr' id='par_1_4' title="bbox 235 3342 1344 4206">
     <span class='ocr_line' id='line_1_27' title="bbox 282 3342 1344 3429; baseline -0.003 -22"><span class='ocrx_word' id='word_1_231' title='bbox 282 3343 349 3408; x_wconf 93' lang='lat' dir='ltr'>Nec</span> <span class='ocrx_word' id='word_1_232' title='bbox 372 3344 432 3407; x_wconf 90' lang='lat' dir='ltr'>dici</span> <span class='ocrx_word' id='word_1_233' title='bbox 455 3352 566 3428; x_wconf 87' lang='lat' dir='ltr'>potest,</span> <span class='ocrx_word' id='word_1_234' title='bbox 596 3343 803 3429; x_wconf 88' lang='lat' dir='ltr'>cognitionem</span> <span class='ocrx_word' id='word_1_235' title='bbox 833 3342 1024 3423; x_wconf 84' lang='lat' dir='ltr'>sensibilium</span> <span class='ocrx_word' id='word_1_236' title='bbox 1049 3364 1114 3407; x_wconf 88' lang='lat' dir='ltr'>esse</span> <span class='ocrx_word' id='word_1_237' title='bbox 1139 3360 1249 3427; x_wconf 88' lang='lat' dir='ltr'>puram</span> <span class='ocrx_word' id='word_1_238' title='bbox 1274 3363 1344 3426; x_wconf 88' lang='lat' dir='ltr'>pas·</span> 
     </span>
     <span class='ocr_line' id='line_1_28' title="bbox 238 3452 1344 3539; baseline -0.002 -20"><span class='ocrx_word' id='word_1_239' title='bbox 238 3455 366 3535; x_wconf 88' lang='lat' dir='ltr'>sionem,</span> <span class='ocrx_word' id='word_1_240' title='bbox 388 3478 450 3539; x_wconf 90' lang='lat' dir='ltr'>qua</span> <span class='ocrx_word' id='word_1_241' title='bbox 471 3454 615 3539; x_wconf 88' lang='lat' dir='ltr'>recipitur</span> <span class='ocrx_word' id='word_1_242' title='bbox 645 3454 759 3539; x_wconf 88' lang='lat' dir='ltr'>species</span> <span class='ocrx_word' id='word_1_243' title='bbox 781 3454 820 3519; x_wconf 93' lang='lat' dir='ltr'>ab</span> <span class='ocrx_word' id='word_1_244' title='bbox 843 3454 980 3533; x_wconf 89' lang='lat' dir='ltr'>obiecto;</span> <span class='ocrx_word' id='word_1_245' title='bbox 1003 3452 1171 3518; x_wconf 89' lang='lat' dir='ltr'>absurdum</span> <span class='ocrx_word' id='word_1_246' title='bbox 1193 3452 1276 3517; x_wconf 83' lang='lat' dir='ltr'>eninr</span> <span class='ocrx_word' id='word_1_247' title='bbox 1297 3462 1344 3518; x_wconf 88' lang='lat' dir='ltr'>est</span> 
     </span>
     <span class='ocr_line' id='line_1_29' title="bbox 236 3563 1342 3651; baseline -0.002 -22"><span class='ocrx_word' id='word_1_248' title='bbox 236 3587 349 3650; x_wconf 89' lang='lat' dir='ltr'>ponere</span> <span class='ocrx_word' id='word_1_249' title='bbox 371 3566 502 3651; x_wconf 88' lang='lat' dir='ltr'>speciem</span> <span class='ocrx_word' id='word_1_250' title='bbox 525 3566 590 3629; x_wconf 92' lang='lat' dir='ltr'>sine</span> <span class='ocrx_word' id='word_1_251' title='bbox 605 3564 737 3643; x_wconf 87' lang='lat' dir='ltr'>vidente,</span> <span class='ocrx_word' id='word_1_252' title='bbox 752 3566 832 3630; x_wconf 88' lang='lat' dir='ltr'>sicut</span> <span class='ocrx_word' id='word_1_253' title='bbox 854 3564 1022 3629; x_wconf 89' lang='lat' dir='ltr'>absurdum</span> <span class='ocrx_word' id='word_1_254' title='bbox 1040 3574 1087 3628; x_wconf 88' lang='lat' dir='ltr'>est</span> <span class='ocrx_word' id='word_1_255' title='bbox 1106 3585 1219 3649; x_wconf 91' lang='lat' dir='ltr'>ponere</span> <span class='ocrx_word' id='word_1_256' title='bbox 1233 3563 1342 3647; x_wconf 90' lang='lat' dir='ltr'>imagi·</span> 
     </span>
     <span class='ocr_line' id='line_1_30' title="bbox 237 3674 1344 3761; baseline 0 -22"><span class='ocrx_word' id='word_1_257' title='bbox 237 3698 308 3741; x_wconf 90' lang='lat' dir='ltr'>nem</span> <span class='ocrx_word' id='word_1_258' title='bbox 323 3687 395 3741; x_wconf 90' lang='lat' dir='ltr'>actu</span> <span class='ocrx_word' id='word_1_259' title='bbox 412 3676 445 3740; x_wconf 90' lang='lat' dir='ltr'>in</span> <span class='ocrx_word' id='word_1_260' title='bbox 465 3676 589 3761; x_wconf 90' lang='lat' dir='ltr'>speculo</span> <span class='ocrx_word' id='word_1_261' title='bbox 611 3676 676 3739; x_wconf 90' lang='lat' dir='ltr'>sine</span> <span class='ocrx_word' id='word_1_262' title='bbox 698 3675 801 3761; x_wconf 91' lang='lat' dir='ltr'>aliquo</span> <span class='ocrx_word' id='word_1_263' title='bbox 823 3676 911 3741; x_wconf 90' lang='lat' dir='ltr'>oculo</span> <span class='ocrx_word' id='word_1_264' title='bbox 933 3685 1004 3740; x_wconf 88' lang='lat' dir='ltr'>actu</span> <span class='ocrx_word' id='word_1_265' title='bbox 1026 3676 1209 3760; x_wconf 78' lang='lat' dir='ltr'>aspiciente,</span> <span class='ocrx_word' id='word_1_266' title='bbox 1232 3674 1344 3739; x_wconf 89' lang='lat' dir='ltr'>dicitur</span> 
     </span>
     <span class='ocr_line' id='line_1_31' title="bbox 236 3786 1343 3872; baseline 0 -21"><span class='ocrx_word' id='word_1_267' title='bbox 236 3787 319 3852; x_wconf 88' lang='lat' dir='ltr'>enirn</span> <span class='ocrx_word' id='word_1_268' title='bbox 334 3788 437 3871; x_wconf 88' lang='lat' dir='ltr'>imago</span> <span class='ocrx_word' id='word_1_269' title='bbox 451 3788 484 3852; x_wconf 91' lang='lat' dir='ltr'>in</span> <span class='ocrx_word' id='word_1_270' title='bbox 499 3786 605 3852; x_wconf 90' lang='lat' dir='ltr'>ordine</span> <span class='ocrx_word' id='word_1_271' title='bbox 619 3786 659 3851; x_wconf 89' lang='lat' dir='ltr'>ad</span> <span class='ocrx_word' id='word_1_272' title='bbox 672 3786 807 3867; x_wconf 91' lang='lat' dir='ltr'>oculum,</span> <span class='ocrx_word' id='word_1_273' title='bbox 827 3788 882 3872; x_wconf 93' lang='lat' dir='ltr'>qui</span> <span class='ocrx_word' id='word_1_274' title='bbox 896 3787 923 3851; x_wconf 93' lang='lat' dir='ltr'>si</span> <span class='ocrx_word' id='word_1_275' title='bbox 937 3786 1043 3852; x_wconf 90' lang='lat' dir='ltr'>nullus</span> <span class='ocrx_word' id='word_1_276' title='bbox 1063 3795 1153 3867; x_wconf 91' lang='lat' dir='ltr'>esset,</span> <span class='ocrx_word' id='word_1_277' title='bbox 1171 3808 1343 3871; x_wconf 85' lang='lat' dir='ltr'>numquam</span> 
     </span>
     <span class='ocr_line' id='line_1_32' title="bbox 236 3896 1342 3983; baseline 0.001 -22"><span class='ocrx_word' id='word_1_278' title='bbox 236 3896 400 3963; x_wconf 87' lang='lat' dir='ltr'>haberetur</span> <span class='ocrx_word' id='word_1_279' title='bbox 421 3900 499 3963; x_wconf 91' lang='lat' dir='ltr'>ratio</span> <span class='ocrx_word' id='word_1_280' title='bbox 521 3898 675 3981; x_wconf 88' lang='lat' dir='ltr'>imaginis.</span> <span class='ocrx_word' id='word_1_281' title='bbox 719 3898 761 3962; x_wconf 62' lang='grc' dir='ltr'>Εἴ</span> <span class='ocrx_word' id='word_1_282' title='bbox 778 3906 923 3982; x_wconf 88' lang='lat' dir='ltr'>praeterea</span> <span class='ocrx_word' id='word_1_283' title='bbox 943 3897 977 3963; x_wconf 90' lang='lat' dir='ltr'>in</span> <span class='ocrx_word' id='word_1_284' title='bbox 999 3896 1140 3963; x_wconf 90' lang='lat' dir='ltr'>cadavere</span> <span class='ocrx_word' id='word_1_285' title='bbox 1161 3906 1266 3962; x_wconf 90' lang='lat' dir='ltr'>manet</span> <span class='ocrx_word' id='word_1_286' title='bbox 1287 3920 1342 3983; x_wconf 90' lang='lat' dir='ltr'>po-</span> 
     </span>
     <span class='ocr_line' id='line_1_33' title="bbox 235 4008 1342 4096; baseline 0.001 -22"><span class='ocrx_word' id='word_1_287' title='bbox 235 4010 333 4074; x_wconf 88' lang='lat' dir='ltr'>tentia</span> <span class='ocrx_word' id='word_1_288' title='bbox 353 4010 504 4095; x_wconf 87' lang='lat' dir='ltr'>receptiva</span> <span class='ocrx_word' id='word_1_289' title='bbox 525 4008 733 4094; x_wconf 88' lang='lat' dir='ltr'>impressionis</span> <span class='ocrx_word' id='word_1_290' title='bbox 754 4008 930 4089; x_wconf 83' lang='lat' dir='ltr'>materialia,</span> <span class='ocrx_word' id='word_1_291' title='bbox 952 4031 1009 4074; x_wconf 91' lang='lat' dir='ltr'>nec</span> <span class='ocrx_word' id='word_1_292' title='bbox 1031 4008 1099 4074; x_wconf 90' lang='lat' dir='ltr'>ideo</span> <span class='ocrx_word' id='word_1_293' title='bbox 1119 4017 1223 4074; x_wconf 87' lang='lat' dir='ltr'>manet</span> <span class='ocrx_word' id='word_1_294' title='bbox 1240 4008 1342 4096; x_wconf 90' lang='lat' dir='ltr'>aliqua</span> 
     </span>
     <span class='ocr_line' id='line_1_34' title="bbox 235 4120 623 4206; baseline -0.005 -21"><span class='ocrx_word' id='word_1_295' title='bbox 235 4121 409 4185; x_wconf 88' lang='lat' dir='ltr'>intuitionis</span> <span class='ocrx_word' id='word_1_296' title='bbox 424 4120 623 4206; x_wconf 88' lang='lat' dir='ltr'>possibilitas.</span> 
     </span>
    </p>
   </div>
   <div class='ocr_carea' id='block_1_3' title="bbox 278 4230 1459 4318">
    <p class='ocr_par' dir='ltr' id='par_1_5' title="bbox 278 4230 1459 4318">
     <span class='ocr_line' id='line_1_35' title="bbox 278 4230 1459 4318; baseline 0 -21"><span class='ocrx_word' id='word_1_297' title='bbox 278 4233 345 4297; x_wconf 91' lang='lat' dir='ltr'>Nec</span> <span class='ocrx_word' id='word_1_298' title='bbox 360 4232 419 4297; x_wconf 89' lang='lat' dir='ltr'>dici</span> <span class='ocrx_word' id='word_1_299' title='bbox 434 4241 544 4318; x_wconf 87' lang='lat' dir='ltr'>potest,</span> <span class='ocrx_word' id='word_1_300' title='bbox 560 4232 643 4316; x_wconf 93' lang='lat' dir='ltr'>quod</span> <span class='ocrx_word' id='word_1_301' title='bbox 658 4231 793 4315; x_wconf 89' lang='lat' dir='ltr'>cognitio</span> <span class='ocrx_word' id='word_1_302' title='bbox 814 4230 1004 4295; x_wconf 88' lang='lat' dir='ltr'>sensibilium</span> <span class='ocrx_word' id='word_1_303' title='bbox 1022 4230 1062 4295; x_wconf 85' lang='lat' dir='ltr'>sit</span> <span class='ocrx_word' id='word_1_304' title='bbox 1077 4239 1163 4295; x_wconf 86' lang='lat' dir='ltr'>actus</span> <span class='ocrx_word' id='word_1_305' title='bbox 1178 4231 1340 4312; x_wconf 89' lang='lat' dir='ltr'>transiens,</span> <span class='ocrx_word' id='word_1_306' title='bbox 1457 4290 1459 4297; x_wconf 30' lang='lat' dir='ltr'><em>s</em></span> 
     </span>
    </p>
   </div>
   <div class='ocr_carea' id='block_1_4' title="bbox 233 4341 1340 4430">
    <p class='ocr_par' dir='ltr' id='par_1_6' title="bbox 233 4341 1340 4430">
     <span class='ocr_line' id='line_1_36' title="bbox 233 4341 1340 4430; baseline -0.004 -21"><span class='ocrx_word' id='word_1_307' title='bbox 233 4366 295 4429; x_wconf 90' lang='lat' dir='ltr'>quo</span> <span class='ocrx_word' id='word_1_308' title='bbox 311 4367 455 4430; x_wconf 86' lang='lat' dir='ltr'>unapars</span> <span class='ocrx_word' id='word_1_309' title='bbox 470 4343 578 4427; x_wconf 87' lang='lat' dir='ltr'>organi</span> <span class='ocrx_word' id='word_1_310' title='bbox 594 4341 729 4407; x_wconf 87' lang='lat' dir='ltr'>sensitivi</span> <span class='ocrx_word' id='word_1_311' title='bbox 750 4352 833 4406; x_wconf 89' lang='lat' dir='ltr'>mota</span> <span class='ocrx_word' id='word_1_312' title='bbox 848 4353 948 4407; x_wconf 88' lang='lat' dir='ltr'>movet</span> <span class='ocrx_word' id='word_1_313' title='bbox 964 4343 1073 4421; x_wconf 74' lang='lat' dir='ltr'>aliam,</span> <span class='ocrx_word' id='word_1_314' title='bbox 1096 4342 1168 4428; x_wconf 90' lang='lat' dir='ltr'>quia</span> <span class='ocrx_word' id='word_1_315' title='bbox 1183 4342 1340 4407; x_wconf 89' lang='lat' dir='ltr'>resultatio</span> 
     </span>
    </p>
   </div>
   <div class='ocr_carea' id='block_1_5' title="bbox 0 0 1604 4975">
    <p class='ocr_par' dir='ltr' id='par_1_7' title="bbox 0 0 1604 4975">
     <span class='ocr_line' id='line_1_37' title="bbox 0 0 1604 4975; baseline 0 5"><span class='ocrx_word' id='word_1_316' title='bbox 0 0 1604 4975; x_wconf 95' lang='lat' dir='ltr'> </span> 
     </span>
    </p>
   </div>
  </div>
 </body>
</html>
