3200 4975
220 388 288 433 car.
306 368 344 454 1.]
531 391 574 433 nn
592 390 796 435 suasrssrss
815 391 1017 435 semrom.
1278 377 1318 439 31

218 575 288 632 ease,
312 560 346 617 ut
368 555 510 636 potentia
534 554 575 616 od
598 564 694 625 oetam
697 604 835 619 .....
884 557 966 620 Num
991 577 1080 627 ouon
1107 578 1164 621 aar
1189 567 1233 622 est
1258 562 1322 643 ipsu

219 684 331 727 rosus
355 659 523 743 subsistens,
540 667 636 748 ι’ριιιιιι
654 674 750 729 cotem
767 686 843 730 assu
859 676 903 731 est
918 688 985 738 ouo
999 670 1163 733 substratio
1177 678 1230 749 eat,
1244 673 1322 735 sicut

218 798 320 839 aaran
336 784 380 839 est
403 798 460 859 quo
481 780 721 842 enumerarit.
769 778 879 863 Itaque
903 779 935 842 S.
951 779 1083 843 'l'homas
1108 781 1196 864 ponit
1219 781 1319 867 ipsum

218 910 282 951 esse
311 885 422 950 habere
451 886 600 950 rationem
631 896 727 967 actus,
759 898 900 953 naturam
929 911 1000 953 vero
1028 888 1139 955 habere
1171 891 1321 957 rationem

217 998 370 1084 potentia,
383 998 416 1062 id
430 1006 477 1062 est
491 997 579 1083 ponit
590 1007 733 1063 naturam
744 1008 780 1063 ut
795 999 912 1086 aliquid
927 1000 1156 1065 determinabile
1166 1002 1206 1065 nd
1220 1026 1321 1068 essen-

219 1112 302 1191 dum,
322 1120 353 1174 et
376 1120 534 1195 tamquam
558 1121 740 1195 conceptum
766 1112 965 1193 materialem,
985 1136 1050 1176 esse
1072 1135 1143 1178 vero
1164 1123 1200 1178 ut
1221 1114 1320 1181 deter-

217 1224 348 1303 minans,
365 1245 418 1286 seu
434 1230 468 1285 ιιι
483 1221 629 1287 formale:
653 1232 684 1287 et
700 1224 742 1288 sic
757 1232 871 1288 natura
885 1224 996 1289 dicitur
1012 1233 1047 1289 at
1061 1226 1146 1308 quod,
1161 1235 1192 1290 et
1207 1248 1272 1291 esse
1286 1238 1320 1293 ut

218 1358 284 1420 quo.
330 1331 499 1419 Explicatio
514 1342 616 1398 autem
632 1358 649 1398 a
663 1333 753 1399 nobis
769 1336 841 1399 data
855 1359 886 1400 n.
904 1338 945 1401 25
961 1336 1049 1421 ponit
1063 1360 1128 1400 esse
1142 1345 1178 1401 ut
1192 1340 1278 1421 quod,
1289 1352 1321 1403 et

217 1446 379 1512 essentiam
401 1456 436 1510 ιιι
460 1468 516 1529 quo
526 1472 536 1525 ;
559 1468 631 1510 nam
655 1446 768 1511 dicitur
790 1448 835 1513 ibi
854 1449 938 1534 quod
954 1449 1104 1533 distingui
1125 1450 1321 1516 materialiter

218 1558 369 1643 significat
388 1558 540 1643 distingui
561 1558 730 1623 secundum
758 1582 823 1624 esse
848 1559 966 1624 actuale
989 1561 1160 1647 physicum,
1183 1574 1215 1625 et
1238 1564 1321 1647 quod

217 1672 376 1737 convenire
387 1670 555 1737 formaliter
568 1674 614 1735 e‘st
629 1672 790 1736 convenire
806 1672 839 1737 in
853 1672 985 1736 essentia
1000 1694 1053 1736 seu
1066 1681 1186 1737 natura.
1231 1674 1319 1738 Acci-

216 1786 301 1869 pitur
320 1807 426 1869 ergoa
447 1785 536 1849 nobis
558 1807 624 1848 esse
638 1794 675 1848 ut
695 1784 788 1870 quod,
805 1795 836 1849 et
854 1794 964 1849 natans
980 1794 1016 1849 ut
1030 1807 1102 1871 quo,
1117 1794 1224 1850 contra
1242 1809 1318 1872 prae-

218 1896 375 1962 cedentem
392 1898 423 1961 S.
440 1897 565 1960 Thomae
580 1896 760 1961 doctrinam.

260 2008 452 2094 Respondeo,
474 2009 566 2094 quod,
582 2008 705 2094 quando
725 2032 786 2073 esse
811 2009 1019 2073 consideratur
1043 2018 1080 2073 ut
1105 2010 1137 2073 id
1160 2030 1214 2094 per
1236 2010 1319 2096 quod

218 2120 349 2184 essentia
372 2141 426 2183 seu
449 2118 559 2184 natura
587 2120 714 2205 physica
743 2121 876 2185 existens
900 2118 1101 2205 distinguitur
1125 2120 1163 2184 ab
1189 2122 1321 2185 essentia

217 2232 373 2317 cogitabili
394 2232 442 2297 vel
461 2231 609 2317 possibili,
624 2255 685 2297 esse
706 2232 766 2297 dici
787 2232 877 2297 debet
899 2233 941 2312 id,
958 2257 1014 2317 quo
1031 2235 1196 2297 eutelamio
1214 2243 1267 2313 est,
1282 2245 1318 2299 ut

217 2352 298 2409 recte
321 2344 395 2409 dicit
414 2344 449 2409 S.
464 2344 607 2423 Thomas,
631 2344 718 2409 cuius
743 2344 835 2409 verba
860 2345 893 2408 in
914 2345 972 2409 hoc
997 2345 1064 2409 loco
1089 2366 1151 2408 non
1178 2344 1320 2411 videntur

216 2478 305 2544 posse
328 2459 461 2544 aliquem
485 2457 581 2523 alium
607 2478 731 2523 sensum
755 2456 877 2522 habere.
924 2457 985 2523 Sed
1010 2456 1134 2544 quando
1155 2457 1319 2542 qnaerimus

217 2570 443 2636 distinctionem
459 2572 551 2636 unius
566 2571 724 2636 existentis
739 2571 777 2635 ab
792 2571 851 2636 alio
874 2571 1032 2649 existente,
1047 2579 1122 2636 tunc
1137 2593 1198 2634 esse
1211 2571 1319 2654 nequit

176 2766 181 2775 ‚
216 2681 327 2748 habere
350 2707 382 2749 se
402 2695 438 2749 ut
454 2708 511 2769 quo
521 2712 531 2764 ;
554 2708 650 2770 quum
673 2685 755 2749 enirn
778 2706 840 2748 esse
861 2704 1023 2748 commuue
1046 2682 1086 2746 sit
1107 2682 1319 2761 existentibus,

217 2797 324 2882 nequit
339 2821 404 2862 esse
417 2796 553 2862 formalis
575 2798 652 2862 ratio
668 2796 873 2861 distinctionis
887 2817 942 2880 per
962 2796 1021 2859 hoc
1036 2795 1120 2880 quod
1134 2802 1181 2858 est
1202 2794 1317 2879 simpli-

216 2909 291 2974 citer
307 2933 378 2974 esse.
421 2909 479 2974 Est
501 2919 604 2975 tamen
624 2908 702 2973 ratio
724 2907 889 2972 materialis
907 2907 1111 2971 distinctionis
1122 2933 1132 2985 3
1154 2928 1226 2971 nam
1246 2907 1317 2970 licet

217 3044 277 3086 ease
298 3023 391 3086 unius
413 3023 573 3087 conveniat
591 3020 704 3106 (quoad
724 3019 783 3084 hoc
804 3019 887 3105 quod
908 3028 955 3083 est
978 3019 1157 3104 simpliciter
1179 3028 1250 3084 actu
1267 3041 1316 3083 ex-

215 3131 317 3216 istere)
335 3155 406 3216 cum
421 3155 481 3198 aare
495 3134 629 3212 alterius,
645 3155 708 3196 non
723 3139 828 3195 tamen
842 3141 916 3194 sunt
933 3131 1014 3194 idem
1030 3151 1158 3196 numero
1175 3155 1244 3210 esse,
1260 3155 1316 3195 nec

215 3245 296 3308 idem
312 3267 439 3308 numero
462 3253 557 3322 actus,
573 3266 670 3329 quum
685 3265 767 3306 unus
783 3243 823 3306 sit
844 3238 1085 3327 independenter
1098 3241 1137 3306 ab
1160 3242 1230 3306 alio.
1275 3243 1315 3306 Et

215 3355 285 3420 ideo
298 3354 379 3420 inter
400 3355 462 3420 duo
475 3355 612 3420 eiusdem
627 3355 766 3419 essentiae
781 3344 867 3417 nulla
889 3353 980 3417 datur
993 3355 1134 3438 specifica
1148 3353 1315 3433 distinctio,

113 3508 116 3513 -
214 3464 269 3530 sed
289 3467 453 3532 materialis
468 3475 591 3532 tantum
613 3474 644 3530 et
663 3465 819 3530 numerica
829 3491 839 3544 3
861 3472 1092 3549 cousequenter,
1107 3464 1179 3529 licet
1193 3487 1255 3529 esse
1277 3467 1316 3529 sit

213 3576 248 3641 id
261 3594 318 3661 quo
333 3577 505 3642 substantia
526 3586 573 3642 est
588 3585 668 3656 actu,
683 3585 867 3652 nontamen
887 3575 982 3640 estid
996 3599 1053 3660 quo
1068 3599 1131 3640 una
1145 3577 1317 3641 substantia

214 3689 368 3754 numeriae
396 3689 599 3774 distinguitur
624 3688 662 3752 ab
692 3688 760 3767 alia,
776 3685 829 3752 sed
858 3687 966 3752 estid
992 3689 1072 3771 qood
1093 3687 1315 3772 distinguitur;

214 3823 310 3886 quum
340 3823 401 3865 esse
430 3800 629 3865 substantiale
658 3801 698 3864 sit
728 3800 795 3884 ipsa
824 3797 995 3863 substantia
1022 3808 1061 3862 ut
1088 3801 1230 3864 existens.
1274 3798 1316 3864 Ilt

212 3913 342 3978 anterius
358 3914 563 3978 confirmatur.
608 3913 690 3977 Nam
706 3911 863 3976 distinctio
873 3911 948 3975 dicit
957 3911 1065 3975 saltem
1081 3911 1158 3975 duos
1166 3911 1315 3976 terminos

213 4025 373 4105 eiusmodi,
388 4033 424 4089 ut
446 4035 532 4089 actus
547 4023 640 4088 unius
655 4046 718 4088 non
734 4023 774 4087 sit
796 4031 882 4087 actus
898 4022 1022 4086 alterius
1044 4022 1186 4088 identice.
1230 4023 1314 4108 Ergo

212 4137 335 4222 negatio
344 4135 514 4200 identitatis
528 4135 609 4200 inter
623 4135 701 4199 duos
716 4141 803 4198 actus
817 4142 864 4198 est
879 4134 921 4214 id,
934 4157 991 4218 qao
1006 4133 1173 4199 formaliter
1186 4134 1316 4199 resultat

213 4247 387 4314 distinctio:
417 4246 541 4312 termini
565 4255 668 4311 autem
697 4245 767 4330 ipsi,
791 4242 829 4310 de
858 4244 971 4331 quibus
999 4254 1131 4330 negatur
1158 4245 1312 4326 identitas,

213 4360 326 4425 habent
342 4383 373 4425 se
388 4383 442 4446 per
456 4359 582 4424 modum
597 4359 740 4438 materia,
757 4380 811 4422 seu
825 4366 860 4422 ιιι
875 4359 961 4441 quod.
1007 4357 1068 4422 Sed
1083 4356 1121 4421 de
1135 4357 1184 4420 his
1199 4358 1281 4422 satis.
