3200 4975
275 326 341 389 834
668 348 712 391 oa
728 347 988 393 accroaurxous.
1237 328 1325 411 [car.
1345 347 1385 389 11.

275 511 351 577 dicit
365 513 480 596 qnando
502 511 707 577 accidentale:
731 514 803 600 quia
818 515 952 600 primum
975 514 1058 600 quod
1080 514 1188 578 accidit
1203 514 1284 579 actui
1308 512 1383 576 sub-

275 623 411 687 stantiali
425 632 471 687 est
486 646 597 708 agere3
619 624 709 691 etsie
724 626 859 710 primum
877 627 992 709 quoodo
1007 625 1192 690 accidentale
1207 634 1253 688 est
1268 624 1381 688 forma-

276 734 347 799 liter
367 734 428 799 tale
454 744 578 820 propter
604 734 821 801 accidentalem
843 737 1028 801 actionem*.
1076 738 1159 801 Hinc
1188 736 1214 800 si
1244 745 1383 799 creatura

275 846 376 931 aliqua
408 845 501 931 (quod
535 855 611 931 puto
640 868 706 911 esse
734 846 932 932 impossibile)
966 848 1114 927 existeret,
1144 856 1176 912 et
1210 869 1382 932 numquam

274 966 389 1042 ageret,
400 956 588 1041 impossibile
602 968 682 1025 esset
696 960 833 1026 invenire
847 959 880 1025 in
896 982 931 1025 ea
942 959 1040 1025 ullum
1055 961 1171 1045 quondo
1185 959 1380 1037 accidentale,

275 1069 348 1156 quia
372 1069 449 1133 illud
475 1071 590 1153 qnando
616 1070 819 1137 intrinsecum
842 1080 873 1137 et
897 1072 1082 1152 absolutum,
1108 1072 1191 1158 quod
1215 1070 1381 1157 respondet

275 1181 357 1246 actui
377 1181 582 1261 substantiali,
597 1184 705 1268 nequit
719 1183 831 1249 habere
853 1184 1001 1249 rationem
1017 1184 1192 1249 accidentis.
1238 1184 1297 1246 His
1311 1182 1380 1247 bre-

274 1294 352 1359 viter
365 1294 490 1373 notatis,
505 1295 696 1374 concludam,
712 1297 828 1380 mando
850 1295 1027 1364 ocddeatcla
1042 1318 1103 1359 csse
1124 1298 1277 1359 terminum
1292 1296 1380 1358 daro-

274 1408 363 1471 tionla
390 1408 562 1485 intrinseca,
586 1410 618 1471 ia
643 1430 700 1491 pao
730 1429 781 1471 erra
810 1408 957 1491 quodlibet
985 1407 1203 1471 accidentaliter
1232 1414 1379 1491 operatur.

274 1518 415 1584 Fortasse
439 1542 510 1584 vero
535 1518 594 1583 hoc
616 1519 718 1604 ipsum
741 1518 921 1583 intendebat
950 1517 1048 1582 dicere
1076 1517 1197 1595 Sueten,
1219 1517 1291 1581 licet
1315 1539 1380 1581 non

274 1632 452 1715 expresserit
491 1631 641 1715 explicite.
701 1630 763 1695 Sed
794 1630 879 1715 quod
908 1630 961 1707 ait,
990 1630 1121 1693 formam
1153 1628 1380 1714 praedicamenti

274 1744 389 1826 prauo
411 1764 477 1807 esse
497 1742 690 1807 durationem
712 1742 821 1826 ipsam,
837 1750 868 1806 et
886 1740 1057 1806 subiectum
1080 1741 1173 1806 huius
1187 1742 1292 1805 iormae
1313 1763 1379 1805 esse

274 1862 404 1932 motum,
418 1862 495 1937 puto
516 1875 580 1917 non
594 1875 683 1937 posse
706 1853 850 1920 admitti.¹
885 1852 1015 1917 Constat
1030 1852 1113 1916 enim
1128 1876 1163 1917 ex
1186 1853 1377 1937 supradictis,

274 1964 390 2046 meando
404 1962 589 2028 accidentale
612 1963 731 2027 definiri
745 1985 836 2047 posse
850 1965 964 2047 qnando
979 1965 1147 2028 substantia
1162 1964 1379 2029 accidentaliter

152 2164 156 2171 Ι
272 2077 402 2158 opmtb:
425 2073 458 2137 in
478 2096 539 2159 qua
559 2074 735 2139 definitione
757 2077 873 2159 qwndo
895 2076 1074 2154 substantia,
1097 2098 1151 2139 seu
1172 2077 1237 2140 eius
1258 2075 1377 2139 duratio

272 2186 439 2251 intrinseca
452 2186 485 2249 in
499 2208 565 2251 esse
580 2186 774 2252 substantiali
789 2196 825 2251 ut
841 2188 893 2266 sic,
905 2187 999 2251 habet
1013 2188 1162 2252 rationem
1178 2188 1308 2272 generis,
1324 2210 1378 2251 seu

272 2298 405 2363 materia
420 2297 667 2378 determinabilis,
683 2306 714 2362 et
736 2301 814 2363 actio
829 2300 1018 2363 ccddcatalia
1038 2302 1123 2363 utin
1138 2300 1245 2363 eodem
1263 2300 1377 2383 quoodo

271 2410 403 2475 existens
437 2409 530 2474 habet
552 2410 699 2477 rationem
723 2410 912 2490 differentiae,
938 2433 993 2475 seu
1014 2410 1120 2475 forme
1146 2411 1378 2475 determinantia

271 2523 349 2588 illud
363 2523 402 2588 ad
416 2545 482 2588 esse
496 2522 690 2588 accidentale.
736 2522 839 2599 Quare
860 2522 1032 2588 substantia
1046 2531 1081 2586 ut
1101 2523 1144 2587 sio
1159 2532 1206 2594 est
1220 2526 1378 2587 subiectum

273 2635 478 2720 quandeitatir
508 2634 654 2701 absolutae
683 2643 714 2700 et
743 2633 971 2699 substantialis:
1005 2633 1111 2702 eadem
1141 2635 1313 2699 substantia
1342 2633 1378 2700 ut

272 2747 498 2813 accidentaliter
529 2769 624 2830 agens
661 2754 709 2810 est
742 2748 901 2810 subiectam
930 2745 1136 2831 quaudeitatis
1172 2745 1377 2826 accidentalia,

271 2860 445 2944 accipiendo
466 2858 630 2945 utrobique
643 2857 825 2925 vocabulum
842 2857 971 2922 subiecti
984 2857 1018 2921 in
1041 2879 1134 2921 sensu
1148 2858 1376 2944 metaphysio03

270 2979 302 3036 et
316 2971 394 3035 ratio
414 2970 579 3036 accidentis
593 2968 714 3035 advenit
729 2968 789 3054 ipsi
803 2969 919 3052 quondo
940 2967 1090 3048 absoluto,
1106 2990 1168 3032 non
1184 2971 1256 3054 quia
1270 2969 1376 3053 recipit

271 3084 387 3170 aliquid
401 3083 435 3147 in
450 3106 491 3162 se,
508 3082 561 3148 sed
576 3082 648 3167 quia
662 3083 827 3166 respondet
841 3081 955 3146 actioni
970 3081 1156 3146 accidentali.
1201 3082 1243 3146 Et
1257 3082 1315 3145 hoo
1330 3092 1376 3146 est

271 3197 355 3282 quod
378 3197 410 3260 S.
425 3195 558 3260 Thomas
580 3217 598 3258 a
621 3193 710 3259 nobis
731 3194 806 3258 alibi
827 3194 940 3258 citatus
961 3193 1045 3273 dicit,
1066 3193 1205 3258 videlicet
1230 3194 1264 3257 in
1285 3193 1377 3260 rebus

271 3331 369 3372 unum
384 3330 450 3372 esse
469 3307 588 3372 instans
610 3329 652 3385 re,
669 3305 723 3370 sed
743 3304 904 3390 multiplex
924 3305 1051 3370 ratione.
1096 3305 1137 3368 Et
1157 3314 1377 3390 consequenter

271 3421 386 3503 qnando
401 3417 584 3483 accidentale
602 3417 836 3502 concipiendum
851 3427 897 3482 est
913 3417 985 3482 oriri
999 3440 1036 3481 ex
1050 3418 1166 3501 quondo
1182 3417 1376 3482 substantiali

273 3533 377 3599 statim
393 3554 427 3595 ac
441 3531 539 3596 oritur
553 3540 640 3595 actus
654 3530 849 3594 accidentalis
864 3553 900 3594 ex
915 3540 986 3596 actu
1001 3530 1204 3594 substantiali.

306 3725 324 3762 *
343 3717 531 3776 communiter
553 3696 676 3772 auctores
698 3717 837 3790 accipiunt
858 3718 960 3790 qooaolo
983 3717 1150 3772 accidentale
1174 3734 1236 3770 oum
1260 3717 1376 3787 quadam

270 3809 424 3878 latitudine,
436 3806 477 3860 ita
493 3810 526 3859 ut
543 3823 599 3860 non
609 3804 753 3859 videantur
770 3803 841 3857 illud
857 3804 922 3857 satis
940 3803 1134 3874 distingueres
1152 3808 1280 3875 tempore,
1299 3803 1376 3856 euius

271 3902 314 3952 est
336 3895 453 3968 simplex
475 3891 615 3961 terminus,
631 3908 686 3944 nou
710 3895 803 3956 autem
823 3907 890 3962 pane.
928 3889 967 3943 Et
987 3889 1025 3943 sio
1050 3889 1133 3944 etiam
1154 3887 1252 3942 Suarez
1269 3889 1377 3943 videtur

270 3984 404 4055 accepisse
420 3983 473 4039 hoe
489 3980 737 4053 predicamentum
750 3995 835 4048 quum
852 3977 934 4044 dieat,
951 3977 1020 4034 illud
1038 3977 1158 4031 cantani
1177 3978 1313 4030 domarat
1326 3995 1377 4046 per

271 4071 437 4126 intninecom
448 4069 612 4124 durationem
623 4065 820 4136 uniuscuiusque
831 4065 877 4120 rei.
914 4065 974 4136 Ego
983 4081 1047 4120 vero
1060 4063 1161 4136 accipio
1170 4065 1271 4134 quondo
1284 4063 1376 4120 stricte

271 4160 300 4208 et
311 4155 489 4212 determinate
501 4172 550 4227 pro
565 4153 682 4210 termino
693 4141 847 4210 ductionis*
861 4152 957 4220 solum,
971 4151 1042 4205 sicut
1059 4151 1142 4204 etiam
1155 4150 1256 4222 accipio
1272 4151 1318 4204 ubi
1328 4168 1376 4222 pro

271 4241 387 4295 termino
404 4241 486 4313 spatii
502 4239 619 4308 relativi,
632 4256 687 4291 nou
704 4255 752 4309 pro
764 4238 839 4292 loeo:
859 4255 941 4310 quam
957 4255 1015 4292 rem
1034 4237 1126 4292 censui
1139 4237 1172 4290 ad
1191 4235 1376 4290 confusionem

269 4327 410 4385 vitandam
423 4344 480 4381 csse
491 4343 597 4398 proram
608 4315 794 4380 necessariam.
