3200 4975
295 364 358 427 130
749 384 792 427 ue
811 382 958 427 souma.
1270 358 1355 443 [oar.
1374 376 1396 418 1.

292 572 356 615 uno
377 573 432 637 per
453 574 486 617 se
506 552 638 617 naturali
657 552 724 617 ride
745 553 837 617 etiam
860 574 929 637 quae
950 550 1032 615 dieta
1054 558 1127 615 sunt
1149 548 1182 612 in
1205 554 1337 613 tractatu
1359 545 1397 609 de

293 662 466 729 substantia
479 686 623 750 corpores
637 687 669 729 n.
685 668 738 731 87.

337 773 430 852 Quod
443 798 514 841 vero
529 776 619 841 tertio
638 798 704 840 esse
722 798 822 841 unum
844 796 899 861 per
925 796 957 839 se
983 771 1183 838 substantiale
1208 792 1272 835 uon
1297 768 1398 854 requi·

292 893 380 949 ratur
392 884 432 949 ud
446 907 512 949 esse
525 908 623 949 unum
643 908 697 970 per
719 908 752 949 se
772 884 923 963 naturale,
948 891 1067 949 constat
1089 905 1125 947 ex
1146 904 1182 947 eo
1202 881 1285 967 quod
1300 881 1398 945 forma

293 994 370 1059 daus
384 1018 450 1060 esse
465 996 602 1061 naturale
616 996 785 1081 composito
799 996 873 1060 reali
888 994 1082 1060 substantiali
1101 1014 1166 1058 non
1181 1002 1228 1057 est
1242 992 1348 1057 eadem
1363 1014 1399 1055 ao

292 1106 391 1172 forma
405 1108 482 1172 dans
497 1130 562 1173 esse
577 1107 766 1187 substantia,
795 1131 894 1193 quum
908 1115 980 1172 ente
995 1129 1085 1171 omne
1100 1106 1303 1190 compositum
1318 1103 1397 1167 reale

294 1218 493 1284 substantiale
515 1230 728 1306 supponantur
749 1229 852 1305 partes
871 1220 905 1284 in
926 1241 982 1283 sno
997 1240 1062 1283 ease
1077 1216 1271 1282 substantiali
1286 1216 1398 1281 eonsti-

293 1338 378 1411 tuta,
394 1341 429 1397 ut
443 1332 568 1419 physice
583 1332 729 1415 coniungi
749 1332 879 1416 possint.
923 1332 1008 1415 Ergo
1030 1330 1115 1395 adest
1137 1330 1236 1393 forma
1256 1327 1400 1392 substan-

293 1442 375 1507 tialis
402 1442 436 1507 in
465 1444 614 1529 partibus,
644 1452 807 1528 antequam
840 1443 920 1507 adsit
949 1444 1048 1507 forma
1076 1441 1241 1506 naturalis:
1272 1462 1308 1504 ex
1337 1462 1399 1525 quo

293 1554 433 1639 sequitur
446 1555 549 1639 plures
564 1554 751 1620 substantias
769 1577 858 1641 posse
871 1576 966 1619 unam
981 1576 1037 1639 per
1050 1576 1083 1617 se
1098 1563 1240 1618 naturam
1257 1552 1399 1616 substan-

294 1664 399 1729 tialem
419 1665 614 1744 constituere,
630 1665 656 1729 si
671 1666 763 1729 unica
777 1665 818 1729 sit
832 1667 865 1729 in
881 1666 1049 1749 composito
1064 1665 1163 1729 forma
1181 1663 1328 1727 naturalis
1337 1688 1347 1741 3
1370 1671 1401 1726 et

293 1774 362 1839 ideo
384 1796 448 1839 non
473 1784 521 1839 est
542 1798 664 1839 neeesse
686 1798 783 1839 unum
806 1799 862 1861 per
884 1799 917 1839 se
938 1775 1076 1841 naturale
1098 1798 1164 1839 esse
1187 1775 1280 1839 etiam
1302 1796 1401 1837 uuum

294 1909 349 1972 per
363 1910 395 1951 se
411 1886 619 1952 substantiale.

338 1997 457 2074 Quarto
471 1998 606 2078 taudem,
621 1999 705 2084 quod
719 2022 783 2063 non
798 2000 839 2063 sit
857 1999 1000 2084 possibile
1022 1999 1169 2064 constitui
1189 2021 1285 2063 unum
1300 2021 1355 2083 per
1368 2021 1401 2062 se

295 2109 496 2176 substantiale
511 2134 548 2175 ex
562 2111 665 2176 anima
678 2121 709 2176 et
725 2134 859 2197 corpore,
875 2112 995 2177 videtur
1017 2112 1090 2176 satis
1105 2111 1227 2176 evidens
1242 2134 1317 2189 esse,
1332 2118 1401 2173 tum

295 2244 332 2285 ex
345 2222 480 2307 eoquod
495 2223 559 2287 haee
574 2222 745 2289 substantia
765 2224 857 2288 unica
879 2224 963 2307 (nam
985 2224 1111 2308 ponitur
1131 2246 1212 2287 unus
1227 2232 1312 2287 actus
1328 2220 1401 2286 rub-

296 2330 447 2396 stantialis
472 2334 609 2416 tantum)
634 2342 714 2397 esset
738 2332 831 2397 simul
857 2333 985 2418 simplex
1007 2343 1038 2398 et
1058 2333 1235 2417 composita,
1259 2331 1341 2417 quod
1356 2340 1402 2395 est

296 2465 445 2528 magnum
479 2443 714 2510 inconveniens:
744 2452 813 2509 turn
844 2467 880 2509 ex
909 2444 1044 2529 generali
1078 2444 1229 2529 principio
1264 2444 1402 2509 adversa·

295 2557 421 2636 riorum,
436 2559 519 2643 quod
533 2581 570 2622 eo
584 2561 695 2622 duohm
708 2561 822 2623 entibus
836 2561 868 2622 in
883 2568 951 2623 octo
965 2582 1023 2622 non
1034 2567 1134 2643 potest
1149 2559 1222 2642 fieri
1242 2582 1331 2622 onom
1348 2581 1405 2642 per

295 2690 345 2746 se;
368 2677 399 2732 et
425 2667 478 2747 sio,
503 2668 582 2732 siout
605 2689 641 2732 ex
671 2668 792 2732 duobus
817 2668 1003 2733 habentibus
1030 2668 1107 2732 duos
1131 2669 1291 2732 distinctos
1316 2678 1402 2733 actus'

297 2779 461 2858 naturales,
477 2788 508 2844 et
524 2779 702 2844 distinctum
719 2802 754 2844 ao
769 2781 955 2864 completum
979 2803 1044 2845 esse
1066 2788 1192 2860 naturae,
1215 2803 1278 2844 non
1301 2788 1404 2864 posset

297 2891 363 2956 fieri
376 2914 476 2955 unum
491 2914 547 2976 per
561 2914 593 2956 se
607 2892 756 2972 naturale,
771 2893 815 2956 ita
835 2915 871 2956 ex
893 2892 1015 2956 duobus
1036 2891 1222 2956 habentibus
1243 2892 1404 2956 distinctos

296 3012 384 3066 actus
399 3001 615 3066 substantiales
629 3003 737 3087 nequit
751 3003 817 3067 fieri
832 3025 930 3067 unum
942 3025 997 3087 per
1009 3026 1040 3067 se
1052 3003 1262 3069 substantiale.
1307 3003 1405 3089 Atqui

298 3136 409 3200 eorpus
423 3113 624 3194 informabile,
635 3123 666 3178 et
682 3114 792 3193 anima,
809 3137 868 3198 qua
883 3114 1076 3194 informatur,
1092 3114 1207 3179 habent
1222 3115 1404 3181 distinctum

298 3248 364 3290 esse
393 3225 604 3304 substantiale,
634 3225 728 3288 etiam
756 3234 827 3309 post
857 3224 1102 3289 coniunctionem
1112 3251 1122 3305 ;
1146 3227 1230 3311 quod
1259 3235 1343 3310 patet
1369 3249 1405 3291 ex

300 3336 426 3401 diversis
455 3335 673 3415 accidentibus,
704 3359 836 3421 quorum
866 3344 939 3400 sunt
969 3335 1124 3416 subiecta3
1148 3360 1221 3422 ergo
1246 3347 1405 3423 nequeunt

298 3446 365 3512 fieri
379 3470 476 3511 uuum
491 3471 545 3533 per
563 3470 596 3512 se
617 3447 651 3511 in
671 3448 789 3512 ratione
813 3448 1001 3512 substantiae.
1046 3449 1163 3514 Contra
1188 3471 1239 3514 eos
1260 3472 1329 3514 vero
1350 3449 1405 3535 qui

300 3558 502 3637 contendunt,
532 3579 642 3643 eorpus
671 3558 870 3628 informatum
898 3580 960 3621 non
985 3557 1097 3622 habere
1127 3581 1218 3623 suum
1247 3559 1405 3645 proprium

300 3679 404 3735 aetum
417 3664 547 3747 essendi,
558 3669 628 3734 vide
642 3669 870 3754 responsionem
886 3670 1036 3734 effioaoem
1051 3671 1084 3734 iu
1098 3679 1231 3736 tractatu
1246 3672 1284 3736 de
1298 3672 1406 3757 primis

301 3778 468 3867 principiis,
483 3779 549 3844 looo
564 3803 664 3865 nuper
678 3779 782 3844 citato.

346 3896 398 3958 14.
422 3888 578 3968 Quaeritur
592 3892 712 3976 quinto,
732 3895 836 3977 quihus
859 3893 1051 3958 essentialiter
1074 3896 1270 3961 constituatur
1292 3919 1407 3982 compo-

299 4006 399 4084 situm,
414 4004 521 4088 dequo
536 4007 643 4088 opiter.

345 4116 538 4202 Respondeo,
558 4115 705 4179 constitui
727 4114 845 4180 tribus:
870 4118 904 4178 1ο
918 4113 1068 4202 principio
1083 4115 1163 4197 vitae,
1179 4139 1231 4182 seu
1247 4127 1317 4184 aotu
1332 4119 1407 4185 vivi-

301 4230 429 4294 ficante:
452 4232 487 4293 2⁰
502 4226 633 4292 termino
656 4226 806 4312 receptivo
827 4235 913 4292 aetus
928 4227 1124 4292 vivificantis:
1148 4232 1183 4294 3⁰
1197 4229 1309 4295 actuali
1327 4255 1406 4297 nexu

302 4341 460 4424 utriusque
482 4339 515 4402 in
537 4361 634 4402 unum
657 4338 861 4423 compositum
884 4339 1032 4405 naturale.
1079 4339 1149 4419 Sed,
1172 4340 1243 4406 licet
1263 4343 1327 4408 baec
1346 4345 1407 4408 tria
