3200 4975
246 354 316 398 car.
333 333 388 419 11.]
697 356 741 399 nr
757 355 906 400 nostrus.
1289 337 1349 399 231

243 517 480 604 complacentia.
525 517 665 584 Libertas
686 520 770 584 enim
793 521 915 605 proprie
935 541 999 584 non
1019 529 1065 584 cst
1080 520 1219 600 facultas,
1236 521 1290 586 sed
1305 532 1351 584 est

245 629 406 695 modalitas
427 630 583 695 facultatis
595 630 736 712 volitivae,
759 654 814 697 seu
834 640 1000 717 concaptus
1020 631 1192 700 abstractus
1207 633 1352 698 exhibens

244 743 395 806 rationem
420 742 647 826 contingentia,
674 765 742 829 quae
768 741 934 808 comitatur
959 750 1063 808 actum
1084 743 1214 809 volendi.
1260 744 1352 821 Quod

245 860 349 916 autem
378 853 489 917 attinet
513 852 553 918 ad
581 861 686 918 artum
713 853 879 939 positivum
907 853 1145 939 approbationis,
1175 855 1228 940 qui
1257 854 1351 920 libere

246 963 381 1048 ponitur,
411 986 509 1049 quum
537 973 642 1050 posset
670 987 735 1030 non
764 965 849 1050 poni,
879 966 1107 1034 concedendum
1136 976 1192 1048 est,
1222 990 1304 1048 eum,
1325 969 1351 1032 ai

245 1085 389 1160 ponatur,
418 1076 513 1141 libere
541 1077 624 1161 poni,
655 1075 710 1141 sed
737 1077 916 1162 negandum
944 1085 991 1142 est
1014 1079 1165 1144 rationem
1192 1078 1350 1146 formalem

244 1197 329 1253 actua
350 1189 443 1254 liberi-
456 1198 628 1274 competere
648 1189 721 1254 huic
742 1189 957 1274 approbationi
979 1212 1017 1254 ex
1036 1213 1074 1255 eo
1096 1190 1177 1276 quod
1202 1191 1242 1254 sit
1264 1198 1351 1256 actus

245 1301 406 1386 positivus.
450 1301 532 1365 Nam
561 1300 741 1386 approbatio
770 1301 912 1386 positiva,
942 1325 1039 1387 quum
1069 1303 1109 1368 sit
1138 1324 1236 1371 novus
1264 1311 1351 1367 actus

244 1395 421 1493 voluntatis,
446 1413 575 1478 debebit
603 1413 669 1477 ficri
698 1435 886 1498 pernoram
908 1413 1075 1478 voluntatis
1104 1413 1350 1481 terminationem

244 1524 309 1590 sive
322 1525 362 1590 ad
376 1525 529 1589 obiectum
544 1533 580 1590 ut
594 1548 613 1590 a
627 1525 740 1590 iudicio
760 1526 893 1610 practico
912 1527 1116 1611 propositum,
1137 1526 1198 1592 sive
1214 1527 1253 1592 ad
1267 1549 1350 1592 oom-

243 1635 427 1720 plaocntiam
442 1658 478 1699 ex
492 1657 528 1699 eo
547 1635 727 1699 naturaliter
748 1635 895 1715 habitam,
918 1659 988 1723 quae
1009 1637 1193 1702 considerari
1210 1637 1299 1702 debet
1314 1647 1350 1703 ut

243 1746 395 1812 obiectum
411 1748 585 1832 proximum
599 1746 828 1833 approbationis
841 1748 925 1813 illius
939 1749 1086 1834 positivae.
1128 1748 1234 1826 Quum
1246 1758 1348 1814 autem

243 1857 359 1924 bonnm
381 1859 495 1924 iudicio
516 1859 650 1944 practico
671 1860 864 1944 propositum
888 1861 929 1924 rit
952 1861 1079 1926 materia
1100 1871 1172 1947 apta
1191 1861 1347 1926 adactum

242 1971 469 2056 complacentia
488 1971 647 2051 naturalis,
662 1994 741 2036 nova
754 1972 929 2036 terminatio
944 1973 984 2038 ad
998 1973 1075 2037 illud
1090 1973 1147 2037 erit
1162 1983 1248 2038 actus
1262 1995 1348 2038 novae

242 2081 470 2166 complacentia
494 2081 661 2148 naturalis:
684 2091 716 2146 et
737 2081 806 2146 ideo
828 2083 862 2147 in
883 2083 936 2147 illa
957 2084 1175 2168 approbatione
1197 2085 1348 2170 quidquid

240 2201 288 2257 est
309 2214 365 2276 per
385 2193 512 2258 modum
534 2192 607 2258 novi
627 2201 714 2258 actus
735 2193 859 2279 positivi
880 2217 944 2260 non
965 2195 1058 2260 habet
1080 2205 1116 2259 ut
1137 2196 1346 2261 cierationem

239 2304 399 2370 formalem
420 2304 520 2384 liberi,
541 2305 596 2369 sed
617 2302 785 2372 naturalis:
808 2315 840 2370 et
861 2306 912 2371 bic
934 2306 1000 2392 ipse
1022 2317 1108 2372 actus
1130 2308 1346 2393 approbativae

239 2415 444 2502 complebitur
465 2417 497 2480 in
520 2438 586 2480 esse
607 2415 696 2481 liberi
717 2425 793 2481 tunc
815 2425 948 2498 tantum,
971 2418 1095 2505 qnando
1112 2418 1254 2483 voluntas
1275 2441 1345 2483 cum

239 2529 426 2593 advertentia
448 2529 483 2593 in
507 2551 544 2593 eo
569 2529 657 2593 sistat
682 2537 713 2593 et
736 2528 780 2593 aic
809 2528 976 2595 formaliter
1005 2530 1184 2594 consentiat.
1238 2530 1345 2607 Quum

239 2663 312 2725 ergo
334 2663 499 2706 consensus
521 2640 572 2704 ille
593 2639 762 2705 formaliter
783 2649 927 2725 sumptus
948 2662 1012 2705 non
1034 2641 1075 2705 sit
1094 2664 1172 2706 nova
1187 2642 1277 2720 actio,
1292 2643 1345 2707 sed

238 2752 366 2817 actualis
391 2752 478 2838 quies
499 2762 530 2816 et
552 2775 647 2837 pausa
668 2750 702 2815 in
723 2750 842 2817 actione
871 2752 933 2816 iam
962 2752 1071 2837 posita,
1101 2754 1179 2819 ratio
1208 2754 1344 2819 formalis

238 2864 326 2929 liberi
340 2865 499 2929 conveniet
514 2864 573 2948 ipsi
590 2864 673 2927 actui
691 2863 822 2948 positivo
841 2863 1080 2948 approbationis,
1097 2886 1158 2928 non
1174 2874 1298 2950 propter
1311 2866 1345 2931 id

239 2976 321 3061 quod
335 2977 429 3041 estin
444 2998 480 3040 oo
494 2976 670 3061 positivum,
685 2975 739 3040 sed
752 2997 808 3060 per
824 2976 1021 3060 negationem
1035 2977 1221 3043 resistentia
1236 2977 1343 3041 volun·

238 3090 321 3169 tatis,
337 3112 405 3174 quae
420 3096 466 3152 est
480 3087 650 3152 formalitas
664 3086 819 3171 negativa.

282 3204 334 3266 72.
362 3202 489 3264 obiicias
501 3203 547 3263 4⁰.
579 3198 638 3263 Illa
652 3199 731 3264 actio
748 3207 794 3263 est
813 3197 980 3263 formaliter
1000 3198 1104 3277 libera,
1128 3222 1196 3284 quae
1217 3201 1344 3285 ponitur

238 3336 256 3376 a
277 3312 435 3378 voluntate
463 3311 595 3376 habente
624 3320 804 3395 potestatem
834 3310 969 3396 proxime
991 3311 1163 3397 expeditam
1186 3312 1226 3377 ad
1247 3335 1343 3397 oppo-

237 3425 340 3488 situm.
386 3424 484 3509 Atqui
511 3433 649 3509 potestas
672 3424 823 3489 eiusmodi
848 3433 895 3490 est
919 3424 1051 3509 positiva
1074 3425 1217 3491 facultas.
1257 3426 1343 3510 Ergo

236 3536 402 3601 formatus
416 3536 504 3601 rnen
519 3536 593 3601 areu
608 3535 724 3622 atqua
739 3536 916 3621 positivum.
946 3518 948 3522 ’

280 3648 463 3733 Respondeo
487 3650 555 3713 dist.
582 3650 632 3712 M.
659 3671 728 3734 quae
755 3649 883 3734 ponitur
908 3657 979 3713 actu
1005 3648 1121 3713 directo
1147 3649 1342 3715 avoluntate

235 3784 265 3824 a.
278 3762 338 3839 M,
350 3782 419 3845 quae
433 3760 558 3843 ponitur
572 3760 691 3839 reflexa,
703 3760 737 3824 id
751 3768 799 3824 est
814 3761 864 3825 cui
878 3761 1076 3826 materialiter
1091 3763 1191 3846 posito
1202 3761 1343 3827 voluntas

234 3895 297 3936 non
319 3882 481 3957 repugnat,
510 3895 607 3957 quum
637 3872 735 3957 possit
755 3896 781 3937 c.
802 3874 853 3936 M.
876 3882 907 3939 ct
928 3876 998 3937 min.
1022 3881 1054 3937 et
1076 3874 1144 3938 dist.
1168 3896 1245 3938 coro.
1270 3872 1342 3939 dicit

234 3984 350 4069 aliquid
373 3985 539 4070 positivum
562 3984 679 4048 ratione
704 3984 838 4064 termini,
859 3984 899 4049 ad
919 4008 1012 4070 quem
1032 3986 1172 4065 refertur,
1188 4008 1286 4070 quum
1301 3986 1341 4051 sit

158 4181 161 4185 Ι
234 4096 402 4160 formalitas
416 4095 544 4160 alicuius
559 4120 584 4160 c.
600 4118 690 4176 cona,
706 4095 779 4160 dicit
803 4095 921 4180 aliquid
943 4096 1109 4181 positivum
1130 4096 1249 4161 ratione
1270 4096 1342 4161 novi

233 4218 320 4272 actus
333 4231 363 4273 a.
377 4231 453 4272 coos.
499 4207 551 4271 Ad
566 4208 673 4272 melius
688 4207 920 4293 intelligendam
936 4209 1093 4273 veritatem
1108 4208 1202 4273 huius
1215 4230 1340 4293 respon-

234 4320 330 4384 sionis
348 4318 543 4385 recolendum
565 4327 621 4399 est,
643 4328 826 4405 potestatem
849 4320 983 4405 proxima
1005 4320 1176 4405 expeditam
1195 4320 1233 4385 ad
1249 4320 1339 4385 alter·
