3200 4975
223 401 292 443 car.
310 380 380 464 nn]
623 401 666 441 nn
681 399 933 443 accrnuumaus.
1261 382 1325 443 347

158 581 162 587 '
222 588 292 629 vero
314 565 370 628 filii
391 565 431 629 ad
453 574 583 649 patrem,
599 588 653 629 seu
675 566 791 644 filiatio,
807 566 954 629 fundatur
977 565 1010 629 in
1032 564 1227 648 generatione
1249 566 1324 650 ipsa,

222 685 315 761 prout
337 675 412 739 dicit
428 678 521 760 pipat.
567 676 607 740 Iu
626 677 717 740 tertio
736 699 846 760 genere
866 676 944 741 nihil
964 686 1011 741 est
1031 677 1249 756 adnotandum,
1265 678 1325 741 nisi

222 788 306 873 quod
330 810 399 873 quae
421 788 606 853 conveniunt
631 790 664 852 in
690 789 837 874 qualitate
863 789 1009 854 dicuntur
1031 791 1149 867 similia,
1167 813 1236 875 qum
1261 812 1324 853 non

222 901 416 979 conveniunt,
431 901 593 965 dissimilia.
637 901 768 965 Videtur
780 910 884 965 tamen
899 902 1102 966 dissimilitudo
1117 924 1182 965 esse
1197 901 1326 985 simplex

222 1012 345 1096 negatio
373 1012 529 1077 relationis
558 1012 786 1092 similitudinis;
818 1011 1089 1077 dissimilia‘enim
1118 1034 1181 1076 nou
1210 1013 1324 1077 habent

221 1146 382 1188 commuue
396 1124 633 1188 fundamentum
642 1147 697 1209 per
711 1124 794 1209 quod
810 1124 950 1189 dicautur
965 1124 1132 1204 dissimilia,
1142 1124 1196 1189 sed
1210 1124 1325 1189 babent

220 1236 413 1319 negationem
436 1236 630 1300 fundamenti
649 1236 821 1300 communis
840 1258 859 1299 a
876 1259 938 1321 quo
959 1236 1068 1300 similia
1088 1236 1239 1301 dieantur.
1284 1236 1324 1299 Iu

220 1356 336 1430 quarto
345 1370 467 1431 genere,
482 1370 581 1432 quum
596 1348 751 1432 quantitas
765 1348 806 1411 sit
821 1348 922 1433 aliqua
943 1370 1086 1413 mensura
1101 1348 1322 1427 mensurabilis,

219 1454 341 1523 necesse
364 1470 410 1523 est
432 1469 469 1523 ut
486 1459 647 1523 relationes
666 1460 803 1524 fundata»
822 1460 854 1523 in
876 1460 1048 1545 quantitate
1062 1460 1135 1524 hinc
1157 1470 1324 1525 connotent

221 1571 434 1652 mensurabile,
449 1572 522 1636 binc
544 1573 610 1635 eius
632 1595 818 1635 mensuram.
863 1572 912 1636 lle
935 1572 1055 1637 duobus
1075 1581 1178 1637 autem
1200 1574 1324 1658 quantis

190 1739 193 1745 .
220 1683 323 1767 accipi.
335 1692 436 1767 potest
457 1704 514 1767 pro
528 1683 666 1747 subiecto
687 1692 752 1747 tam
774 1705 918 1747 mensura
932 1706 1025 1767 quam
1047 1682 1267 1749 mensurabile:
1290 1684 1323 1747 in

220 1816 283 1857 une
302 1816 374 1857 casu
389 1793 552 1858 habebitur
570 1795 648 1858 ratio
667 1817 819 1859 mensurae
833 1794 872 1859 ad
895 1794 1108 1873 mensurabile,
1120 1795 1152 1857 iu
1167 1794 1227 1858 alio
1245 1796 1324 1859 ratio

220 1907 431 1971 mensurabilis
445 1907 485 1971 ad
499 1929 685 1971 mensuram.
732 1906 837 1983 Quum
850 1916 953 1971 autem
968 1929 1036 1991 quae
1050 1906 1093 1970 sic
1108 1917 1323 1992 comparantur

219 2020 337 2103 possint
366 2042 432 2084 esse
454 2019 583 2108 aequalia
606 2018 653 2083 vel
675 2018 846 2104 inaequalia,
870 2018 975 2083 relatio
998 2018 1170 2103 quantitate
1195 2019 1323 2083 fundata

218 2132 276 2194 erit
296 2132 474 2215 aequalitatis
487 2130 535 2195 vel
557 2131 774 2214 inaequalitatis,
790 2129 980 2214 inaequalitas
1001 2151 1071 2194 vero
1093 2130 1158 2214 ipsa
1173 2129 1220 2193 vel
1243 2129 1323 2194 dicet

218 2242 413 2306 maioritatem
426 2240 474 2305 vel
487 2243 685 2306 minoritatem
698 2241 792 2304 unius
806 2262 868 2325 prae
884 2240 988 2304 altero.

260 2354 491 2418 Advertendum
519 2356 654 2437 insuper,
685 2353 766 2438 quod
795 2352 890 2437 aliqui
919 2360 1041 2437 ponunt
1070 2351 1262 2417 identitatem
1291 2362 1322 2416 et

216 2465 442 2530 distinctionem
458 2464 690 2530 substantialem
705 2464 893 2530 numericam
909 2464 966 2530 sub
978 2487 1088 2549 genere
1103 2464 1321 2529 convenientia

215 2587 246 2642 et
261 2578 536 2657 disconvenientia,
552 2577 686 2661 subque
706 2579 796 2640 etiam
812 2585 934 2662 ponunt
948 2576 1110 2640 relationes
1128 2577 1273 2642 fundatas
1287 2578 1320 2640 iu

215 2690 405 2773 quantitate3
428 2698 459 2752 et
480 2688 598 2767 meunt,
618 2710 654 2752 ea
675 2710 744 2772 quae
766 2687 882 2751 habent
903 2687 1146 2751 convenientiam
1168 2687 1202 2750 iu
1224 2710 1319 2773 quau·

215 2801 312 2878 titate,
334 2798 433 2863 vocari
454 2799 591 2884 aequalia,
612 2821 681 2883 quae
702 2820 799 2878 secus,
815 2798 985 2882 inaequalia.
1031 2797 1204 2862 Goudiuius
1226 2798 1317 2864 dicit:

216 2913 327 2975 Petras
351 2919 381 2974 et
411 2911 546 2988 Paullus,
570 2912 641 2993 qaia
666 2913 837 2974 conveniunt
861 2913 893 2973 im
921 2919 1029 2974 matura
1053 2911 1190 2988 lemane,
1214 2912 1320 2975 labent

122 3091 129 3096 ,
214 3026 384 3089 relationem
397 3025 561 3089 identitatis
568 3049 578 3102 3
602 3025 656 3088 sed
670 3024 728 3088 hoe
738 3045 802 3088 non
819 3032 866 3088 est
874 3035 991 3088 rectum
1004 3049 1012 3087 ι
1036 3023 1062 3087 si
1076 3024 1158 3088 enim
1172 3024 1319 3110 accipitur

215 3145 324 3200 natura
348 3137 483 3200 humana
506 3136 539 3199 in
564 3135 737 3216 universali,
758 3135 865 3199 relatio
888 3135 1059 3200 identitatis
1084 3135 1265 3200 fundabitur
1285 3137 1318 3200 in

214 3256 373 3333 conceptu,
392 3270 455 3312 non
480 3247 513 3310 in
532 3270 575 3326 re,
595 3257 627 3311 et
649 3249 692 3312 sic
718 3269 780 3311 non
804 3247 861 3311 erit
883 3246 1177 3332 praedicamentalis:
1201 3248 1227 3311 si
1249 3271 1318 3312 vero

214 3370 323 3424 natura
344 3360 480 3425 humana
501 3361 667 3445 accipiatur
688 3369 725 3424 ut
746 3360 916 3440 individua,
934 3369 1045 3424 natura
1067 3359 1233 3440 individua,
1250 3383 1318 3446 quae

213 3474 306 3537 estin
321 3473 422 3552 Petro,
437 3495 501 3536 non
523 3481 570 3536 est
584 3471 717 3536 identica
730 3495 802 3536 cum
824 3479 937 3536 natura
951 3470 1117 3550 individua,
1133 3495 1201 3557 quae
1216 3480 1262 3536 est
1284 3472 1317 3536 in

213 3585 341 3665 Paullc;
364 3593 436 3649 sunt
451 3585 533 3649 euim
548 3585 674 3649 omnino
694 3585 857 3649 distinctae.
903 3583 1007 3660 Quare
1022 3583 1130 3648 Petrus
1145 3593 1177 3648 et
1192 3585 1318 3649 Paullus

212 3699 369 3763 habebunt
380 3698 623 3777 similitudinem,
633 3720 696 3761 non
710 3697 922 3761 identitatem:
946 3706 977 3760 et
991 3696 1096 3760 relatio
1108 3697 1317 3761 similitudinis

213 3811 360 3874 fundatur
381 3833 444 3874 non
458 3810 492 3873 in
515 3809 688 3874 substantia
708 3819 745 3873 ut
761 3809 814 3886 sic,
831 3808 884 3872 sed
905 3808 937 3872 in
953 3816 1072 3888 natura,
1088 3819 1123 3873 ut
1146 3817 1192 3872 est
1214 3830 1316 3872 essen-

211 3923 324 3987 tialiter
338 3922 399 3986 tale
414 3921 598 4006 principium
621 3921 776 3986 actionum
792 3931 823 3984 et
844 3921 1034 4005 passionum.
1080 3920 1198 3985 Relatio
1213 3930 1315 3985 autem

212 4033 392 4118 quantitatis
414 4033 663 4097 inconvenienter
684 4033 812 4118 ponitur
838 4032 895 4097 sub
914 4033 1125 4097 convenientia
1147 4041 1178 4097 et
1195 4032 1315 4097 discon-

210 4146 371 4225 venientia,
389 4166 486 4229 quum
510 4145 665 4208 evidenter
684 4145 825 4228 proprius
845 4144 910 4208 eius
930 4144 1015 4208 locus
1036 4144 1075 4206 sit
1096 4143 1153 4207 sub
1174 4166 1316 4209 mensura

211 4263 242 4317 et
257 4254 474 4319 mensurabili:
498 4259 532 4318 1⁰
546 4255 618 4338 quia
633 4277 719 4318 secus
741 4253 798 4318 sub
814 4277 958 4318 mensura
972 4263 1003 4318 et
1025 4254 1222 4318 mensurabili
1238 4255 1316 4318 nihil
1389 4313 1395 4324 .

211 4365 364 4429 mauebit:
394 4369 429 4430 2⁰
451 4365 522 4450 quia
551 4364 670 4429 etiamsi
695 4364 880 4449 quantitates
911 4366 1051 4450 quaedam
1077 4366 1258 4430 conveniant
1283 4375 1313 4427 et
