3200 4975
292 317 357 381 2⁷4
738 338 780 383 on
799 336 946 381 HOMINE.
1236 317 1323 403 [ose.
1341 338 1394 379 111.

291 502 325 566 id
348 512 391 567 cst
414 504 513 587 aliquo
538 512 678 589 penerato
702 505 750 567 vel
770 512 918 587 corrupto.
966 504 1017 569 Sic
1040 506 1116 567 enim
1145 506 1281 588 competit
1307 505 1396 568 alicui

286 619 424 698 penerari
445 625 473 682 et
491 618 646 701 corrumpi,
661 619 738 683 sicut
753 626 782 681 ct
804 639 873 694 esse,
890 617 969 701 quod
982 639 1040 701 per
1054 620 1271 699 penetotianun
1292 619 1393 700 acqui-

289 728 377 807 ritur,
404 738 432 793 et
451 752 510 813 pec
532 730 744 813 emptionem
769 729 926 793 amittitur.
977 729 1059 793 Unde
1081 728 1161 813 quad
1174 750 1232 812 per
1256 751 1287 793 se
1310 730 1396 806 babet

289 860 360 918 esse,
375 862 434 904 non
449 849 551 924 potest
568 844 705 925 pencrari
723 842 770 905 vel
788 843 934 925 corrumpi
951 842 1010 905 nisi
1025 863 1149 926 perse:
1170 847 1236 924 'qua
1252 864 1319 905 vero
1336 864 1395 905 non

289 952 459 1031 ndsistnnt,
483 961 518 1016 ut
542 953 703 1018 accidentia
732 962 761 1018 et
779 952 886 1036 sormce
916 953 1089 1031 materiales,
1116 954 1253 1017 dicuntur
1271 954 1344 1039 fieri
1365 963 1394 1018 et

289 1066 435 1148 corrumpi
446 1087 505 1149 per
522 1066 738 1148 penerationem
757 1072 786 1128 et
804 1066 1017 1149 corruptionem
1034 1067 1257 1149 compositorum
1259 1112 1392 1130 ......

294 1175 376 1239 Unde
398 1178 496 1239 anima
519 1177 646 1241 bunoana
670 1198 730 1240 non
746 1184 849 1260 posset
871 1178 1026 1259 corrumpi,
1053 1177 1112 1239 nisi
1128 1198 1186 1259 per
1208 1198 1239 1239 se
1265 1199 1392 1240 conum-

281 1296 414 1369 perctur.
463 1288 550 1362 Quod
562 1289 676 1372 quidem
691 1290 807 1351 omnino
823 1295 866 1351 est
885 1286 1071 1370 impassibile,
1087 1308 1145 1349 non
1159 1287 1253 1350 solnm
1267 1286 1302 1349 de
1316 1289 1391 1370 psa,

287 1400 340 1465 eea
358 1400 393 1465 de
408 1400 534 1483 pitolibet
555 1401 737 1478 subsistente,
753 1398 833 1482 quod
845 1407 888 1463 est
902 1398 1005 1481 forma
1026 1406 1150 1475 tontum.
1196 1398 1392 1483 Manifestum

287 1519 332 1575 cst
346 1513 431 1591 mim,
447 1512 527 1594 quod
538 1512 572 1574 id
584 1511 664 1595 quod
680 1510 835 1579 secundum
849 1532 880 1579 se
894 1512 1025 1573 convenit
1039 1510 1129 1574 alicui
1143 1518 1187 1573 est
1201 1512 1392 1595 inseparabile

286 1624 323 1687 ab
337 1626 410 1706 ipsu
456 1624 534 1688 Esse
548 1631 645 1687 autem
653 1646 710 1708 per
724 1623 895 1686 reconvenit
902 1621 1018 1704 forma,
1032 1644 1094 1704 qua
1109 1630 1153 1685 est
1167 1630 1259 1691 aetus.
1311 1624 1392 1688 Unde

285 1738 409 1800 motet-ia
422 1738 577 1801 secundam
591 1738 645 1799 boe
653 1737 782 1819 acquirit
796 1756 856 1798 esse
870 1736 903 1796 in
917 1742 995 1810 actu,
1009 1734 1088 1816 qnod
1100 1735 1228 1816 acquirit
1236 1733 1389 1816 formum:

284 1848 440 1922 secundum
453 1848 508 1911 boc
522 1856 618 1913 autem
633 1847 739 1911 accidit
753 1848 785 1911 in
799 1868 834 1909 ea
855 1845 1013 1927 corruptio,
1029 1844 1108 1927 quod
1122 1850 1277 1927 separatur
1288 1844 1390 1927 forma

284 1962 321 2022 ob
347 1982 390 2023 ea.
434 1960 618 2043 Impossibile
641 1967 685 2023 est
705 1966 811 2037 autem,
831 1956 911 2040 quod
925 1955 1028 2039 forma
1054 1963 1206 2037 soporetur
1232 1977 1250 2018 a
1273 1957 1387 2038 seiposa:

282 2072 358 2135 unde
371 2072 547 2155 impossibile
560 2080 604 2135 est
619 2070 806 2154 quodsorma
820 2069 977 2145 subsistens
992 2068 1105 2143 desinat
1116 2088 1184 2142 esse.

328 2182 499 2247 Secundam
514 2182 726 2268 probationem
741 2180 829 2248 effert
845 2180 877 2245 S.
890 2178 1007 2251 Docbor
1019 2177 1118 2261 (ibid.)
1131 2199 1167 2241 ex
1182 2198 1218 2241 eo
1232 2177 1316 2261 quod
1330 2200 1388 2241 non

281 2295 428 2358 invenitur
436 2296 584 2378 corruptio
593 2295 644 2358 nbi
652 2316 711 2361 nan
719 2294 866 2365 invenitur
875 2273 1069 2363 contrarietas
1078 2316 1088 2365 i
1101 2290 1304 2373 penerutiones
1312 2291 1388 2353 enim

281 2414 311 2469 et
325 2408 524 2491 sumptiones
534 2428 573 2470 en
587 2407 746 2472 contrariis
759 2412 788 2469 et
803 2405 835 2471 in
846 2404 998 2475 contraria
1012 2409 1091 2479 sunt,
1109 2448 1116 2464 .
1135 2447 1142 2463 .
1161 2448 1168 2465 .
1186 2449 1194 2464 .
1239 2401 1278 2463 In
1289 2403 1387 2467 anima

281 2527 378 2584 autem
391 2521 567 2601 intellectiva
580 2540 639 2584 non
647 2527 749 2605 potest
763 2541 825 2587 esse
840 2519 941 2600 aliqua
956 2517 1170 2591 contrarietas5
1193 2516 1297 2598 recipit
1311 2516 1387 2578 enim

278 2631 434 2694 emendum
447 2632 562 2696 madum
576 2632 624 2695 sni
638 2652 709 2695 esse.
754 2630 897 2706 Eueno,
914 2651 978 2710 quoe
992 2629 1023 2702 in
1038 2629 1103 2710 ipso
1117 2628 1298 2710 recipiuntur
1317 2634 1387 2700 sunt

278 2742 386 2824 absque
396 2744 627 2817 mntnanietotcs
650 2743 818 2824 quinetiam
830 2739 1183 2812 rationescontrariorum
1194 2737 1385 2801 inintellecta

277 2873 337 2915 non
346 2861 415 2916 nmt
429 2855 592 2932 contrario,
601 2852 654 2917 sed
665 2861 709 2917 est
722 2875 782 2919 una
796 2853 920 2920 scientia
934 2850 1155 2924 contrariorum.
1201 2849 1386 2932 Impossibile

277 2971 321 3027 eet
335 2986 403 3048 erpo
418 2965 497 3048 quod
509 2967 607 3029 animo
620 2965 796 3042 intellectiva
811 2965 851 3032 sit
866 2961 1073 3046 corruptibilis.

320 3074 417 3157 Addit
431 3087 463 3140 et
476 3076 598 3140 tertiam
615 3074 715 3159 (ibid.)
733 3074 857 3142 dicens:
886 3072 1116 3156 Unumquodque
1135 3072 1313 3150 naturaliter
1331 3095 1383 3136 suo

276 3188 361 3251 modo
386 3209 447 3252 esse
469 3187 636 3250 memrot:
668 3186 842 3252 msidaium
867 3192 965 3253 autem
988 3186 1020 3257 in
1042 3185 1127 3247 rebus
1150 3185 1384 3266 capnoscentibus

274 3299 407 3382 sequitur
428 3298 629 3380 monitionem.
676 3297 785 3365 sensus
807 3303 903 3366 autem
925 3318 983 3370 non
1003 3296 1151 3379 oopnoseit
1171 3296 1231 3372 nisi
1250 3317 1312 3360 essa
1329 3299 1382 3360 sub

275 3410 323 3473 bic
342 3417 372 3473 et
385 3431 480 3472 nunc:
502 3409 555 3472 sed
567 3409 731 3473 intellectus
750 3407 941 3492 apprehendit
955 3428 1016 3470 esse
1036 3406 1165 3477 obsolute
1180 3414 1210 3470 et
1227 3409 1382 3473 secundum

274 3541 358 3591 omne
372 3527 483 3604 tempus
491 3546 502 3593 ,·
523 3519 599 3583 unde
620 3542 703 3584 omne
717 3521 825 3588 babens
847 3519 1025 3590 intellectum
1039 3519 1217 3582 naturaliter
1238 3520 1382 3592 desiderat

274 3656 335 3698 esse
354 3655 476 3716 suuper.
520 3633 669 3697 Naturale
691 3640 788 3698 autem
806 3632 979 3699 deuterium
1002 3653 1060 3694 non
1076 3639 1176 3714 potest
1195 3653 1255 3705 esse
1274 3633 1381 3707 inone;

273 3745 366 3808 omncs
380 3745 472 3828 ipitur
486 3745 691 3810 intellectualis
704 3744 870 3808 substantia
885 3751 928 3814 est
943 3743 1184 3826 incorruptibilis.

318 3855 378 3919 His
403 3853 474 3920 addi
498 3862 599 3938 potest
623 3863 732 3940 quarto
755 3854 834 3923 ratio
860 3876 897 3918 ex
922 3855 993 3933 fine,
1014 3861 1138 3950 propior
1163 3877 1255 3939 quem
1279 3855 1380 3919 animi

272 3973 401 4030 creatur.
447 3965 481 4031 si
498 3965 582 4030 enim
608 3965 709 4031 anima
735 3973 888 4030 crearetur
911 3964 1001 4031 unice
1024 3973 1149 4049 propter
1173 3985 1297 4050 corpus‚·
1315 3987 1379 4030 cor-

272 4087 365 4162 rupto
379 4099 513 4161 corpore,
529 4076 651 4142 deberet
666 4076 775 4161 perire,
791 4077 870 4166 sicut
893 4075 1002 4166 accidit
1017 4076 1050 4140 in
1066 4076 1172 4140 brutis.
1219 4078 1263 4140 At
1278 4078 1379 4142 animo

271 4188 407 4270 humina
428 4209 491 4251 non
514 4196 633 4252 creatur
658 4186 757 4254 unice·
768 4194 894 4272 propter
916 4209 1037 4271 corpus.
1092 4187 1175 4272 Ergo
1200 4209 1264 4252 non
1288 4189 1378 4263 debet

271 4298 369 4384 perite
395 4306 537 4381 corrupto
559 4320 692 4383 corpore.
739 4299 844 4388 Minoo
862 4296 1018 4382 probatur.
1064 4295 1266 4382 Operationes
1287 4299 1377 4366 intel·
