3200 4975
254 383 327 431 oar.
345 364 400 448 11.]
652 389 696 431 nn
710 389 967 435 acornaurmos.
1293 371 1355 435 311

252 562 374 618 aetum:
397 554 536 617 emittere
561 564 671 620 autem·
693 565 796 621 aetum
819 566 865 619 est
888 556 1017 621 transire
1040 556 1079 621 de
1100 566 1171 622 actu
1192 557 1292 642 primo
1314 558 1354 623 ad

252 664 438 731 seeundum:
461 674 493 729 et
506 665 579 751 qnia
593 666 672 731 aetio
686 675 734 731 eat
747 676 831 731 aetna
845 670 970 745 ammeio,
991 676 1022 731 et
1042 670 1129 753 quasi
1148 678 1232 733 adas
1246 670 1354 754 soatio,

250 775 320 841 ideo
334 776 413 841 actio
427 798 490 841 non
505 788 552 843 est
567 786 652 843 aetus
667 778 830 858 secundus,
854 779 908 845 aed
929 779 1138 845 transitus'ab
1160 789 1231 845 aotu
1253 781 1352 866 primo

252 887 292 951 ad
306 888 486 954 seeundum.

293 1000 347 1064 26.
370 999 527 1076 Quaeritur
547 1002 691 1080 seeundo,
713 1012 813 1067 atram
832 1006 909 1067 aetio
927 1006 968 1067 ait
982 1004 1144 1068 immediate
1158 1027 1177 1068 a
1190 1006 1355 1069 adstantia

249 1114 372 1195 ayma,
387 1135 427 1177 aa
441 1114 583 1178 audiente
597 1116 698 1198 aliqum
711 1117 820 1179 virtute
840 1114 1023 1194 accidentali,
1046 1138 1110 1198 qno
1129 1116 1270 1199 compleat
1284 1116 1351 1179 and·

249 1226 391 1289 stantiam
405 1227 437 1289 in
451 1247 512 1289 eaae
525 1234 647 1290 maan.

293 1335 485 1420 Respondeo,
507 1337 658 1401 actionem
669 1338 842 1422 procedere
863 1338 1037 1404 immediate
1056 1338 1095 1404 ab
1111 1346 1222 1423 agente
1235 1338 1351 1424 absque

248 1446 351 1531 aliqua
371 1447 485 1512 virtute
514 1448 693 1513 accidentali
715 1448 920 1534 superaddita,
942 1459 973 1514 et
996 1448 1199 1515 substantiam
1229 1450 1349 1534 agentia

247 1581 311 1622 non
326 1559 464 1643 indigere
478 1559 580 1646 aliqua
593 1560 707 1625 virtute
723 1561 911 1639 accidentali,
928 1570 963 1625 ut
978 1561 1182 1625 constituatur
1201 1560 1352 1645 completa

248 1672 282 1735 in
297 1693 363 1735 ease
377 1673 514 1756 agentia:
537 1673 632 1737 immo
653 1695 717 1737 non
739 1696 805 1737 esse
827 1673 970 1759 possibile
992 1673 1179 1752 naturaliter,
1203 1682 1239 1737 ut
1258 1694 1351 1755 agenn
1446 1665 1448 1670 ’

248 1790 320 1865 agat
325 1786 448 1866 proeeiae
460 1806 515 1870 per
526 1783 671 1848 virtum
685 1784 912 1851 accidentalem.
959 1785 1027 1850 Hoc
1042 1785 1185 1850 ultimum
1198 1784 1224 1848 si
1232 1784 1354 1870 probari

248 1894 355 1977 possit,
371 1894 408 1958 de
423 1903 488 1959 tota
501 1896 699 1981 responsione
713 1896 885 1975 oonatabit;
901 1896 939 1960 ab
954 1896 1012 1961 hoo
1027 1918 1101 1979 ergo
1115 1896 1308 1981 incipiamus.

292 2006 395 2071 Primo
423 2006 527 2092 itaque
555 2008 588 2071 in
614 2016 679 2072 tota
708 2008 783 2071 serie
814 2008 1017 2073 accidentium
1047 2008 1168 2072 nullum
1196 2008 1352 2072 invenitur

247 2117 396 2198 uomdens,
425 2119 508 2204 quod
536 2120 657 2184 dicatur
684 2122 778 2184 virleu
807 2123 913 2184 activa.
958 2121 1042 2204 Ergo
1071 2119 1158 2184 nulla
1186 2128 1233 2184 eat
1254 2119 1351 2184 virtus

247 2229 355 2308 activa,
390 2252 459 2315 quae
488 2230 528 2295 sit
560 2231 709 2295 accidens.
764 2230 957 2295 Anteeedens
994 2230 1150 2316 probatur.
1206 2230 1239 2294 Si
1267 2230 1351 2294 enim

246 2342 370 2427 aliquod
399 2350 479 2407 esset
507 2342 647 2407 aoeidena
680 2341 763 2428 quod
792 2342 852 2407 diei
881 2341 977 2427 possit
1007 2340 1104 2405 virtus
1133 2340 1239 2419 activa,
1273 2339 1351 2404 illud

245 2454 454 2521 oontineretur
475 2453 533 2520 sub
555 2476 666 2540 genere
688 2455 852 2540 qualitatis.
897 2454 994 2539 Atqui
1017 2453 1102 2518 nulla
1123 2453 1255 2539 qualitas
1273 2451 1350 2517 aoei-

244 2565 375 2631 dentalis
389 2576 436 2631 eat
450 2568 549 2631 virtus
563 2567 669 2631 activa.
699 2567 793 2651 Ergo.
823 2568 917 2646 Nam,
936 2566 1007 2630 lieet
1026 2565 1167 2650 quaedam
1188 2565 1350 2650 qualitates

243 2677 385 2742 dieantur
407 2681 519 2756 aetioae,
542 2701 606 2742 non
624 2679 763 2759 idoo'est,
778 2677 851 2764 quia
871 2678 934 2742 sint
955 2680 1078 2741 uirtutes
1099 2678 1200 2741 aetivoe
1221 2677 1352 2740 melden

245 2789 328 2867 talea,
351 2788 403 2852 sed
426 2790 499 2873 qnia
521 2789 736 2874 concipiuntur
765 2793 901 2873 eoaraequa'
922 2813 959 2853 ea
981 2790 1191 2853 conditionibus
1219 2788 1342 2852 accidere

245 2899 353 2962 telimas
366 2899 562 2963 materialiter
581 2899 857 2964 determinantibus
880 2903 1049 2964 exercitium
1063 2899 1185 2965 virtutis
1205 2898 1348 2963 substan·

242 3009 332 3088 tiana,
347 3019 382 3075 nt
397 3009 567 3074 videbimus
588 3011 685 3074 infra:
708 3011 790 3076 unde
813 3011 963 3096 quidquid
985 3022 1031 3076 est
1047 3011 1169 3076 virtutis
1190 3011 1294 3074 aotivae
1313 3011 1347 3074 in

243 3121 400 3208 qualitate,
422 3145 491 3207 quae
513 3122 625 3186 dieitur
653 3123 760 3202 activa,
782 3132 829 3187 est
853 3123 950 3186 virtus
979 3123 1167 3200 substantie,
1197 3119 1348 3206 quidquid

243 3255 313 3296 vero
328 3244 374 3297 est
389 3233 582 3311 accidentale,
598 3242 683 3297 tenet
703 3256 734 3297 ae
754 3256 792 3298 ex
813 3243 900 3318 parte
922 3234 1132 3298 conditionum
1156 3232 1212 3297 sub
1234 3232 1347 3317 quibus

242 3345 340 3410 virtus
369 3344 578 3409 substantialia
607 3354 780 3410 exercetur:
805 3356 835 3409 et
858 3346 905 3409 ha
928 3345 1118 3409 conditiones
1139 3344 1225 3408 nullo
1255 3344 1346 3408 modo

241 3457 386 3541 virtutem
399 3457 576 3535 immutant,
594 3456 647 3520 sed
663 3464 786 3520 tantum
802 3458 868 3520 eius
883 3456 1069 3520 exercitium.

285 3569 435 3649 Secundo,
459 3569 485 3632 ai
511 3568 595 3653 quod
618 3568 757 3632 accidens
780 3581 860 3634 esset
882 3569 979 3633 virtus
1004 3569 1110 3648 activa,
1137 3569 1194 3632 hoo
1220 3566 1345 3633 haberet

240 3681 305 3745 aine
320 3681 414 3746 dubio
431 3704 494 3746 non
514 3705 533 3746 a
551 3683 651 3767 seipso
676 3683 760 3768 (quia
783 3682 1025 3767 unumquodque
1046 3682 1111 3766 agit
1136 3682 1169 3746 in
1192 3689 1343 3766 quantum

238 3793 332 3856 estin
347 3802 436 3858 autur
459 3793 599 3858 accidens
620 3803 723 3858 autem
743 3816 808 3858 non
826 3801 873 3857 est
888 3802 959 3857 actu
973 3793 1006 3857 in
1022 3795 1065 3876 se)
1083 3793 1136 3858 aed
1151 3791 1189 3858 ab
1204 3813 1240 3856 eo
1255 3791 1342 3855 ouius

237 3913 284 3968 est
299 3904 447 3970 accidens.
494 3907 679 3990 sequeretur
699 3906 783 3992 quod
805 3905 986 3984 substantia,
1008 3905 1096 3970 onius
1118 3905 1175 3968 hoo
1197 3912 1244 3968 est
1263 3902 1341 3966 aoei-

237 4015 323 4096 dens,
347 4015 433 4080 daret
455 4016 541 4101 prius
564 4039 630 4080 esse
652 4018 726 4082 huie
746 4016 911 4097 accidenti,
933 4025 970 4080 ut
991 4016 1116 4080 haberet
1137 4019 1180 4080 aio
1195 4015 1339 4079 virtutem

235 4147 307 4190 oum
332 4150 394 4212 qua
419 4150 509 4212 agere
532 4137 645 4212 posset.
690 4129 786 4214 Atqui
811 4129 868 4194 hoe
891 4137 939 4193 est
962 4126 1149 4206 absurdum3
1172 4149 1244 4190 nam
1265 4130 1298 4190 1⁰
1313 4127 1339 4190 ai

236 4248 336 4323 potest
362 4241 434 4305 dare
459 4263 525 4305 esse
550 4240 622 4305 huie
651 4240 800 4304 aooidenti
829 4241 976 4324 fidendo
1007 4241 1089 4320 illud,
1118 4249 1219 4325 potest
1249 4263 1338 4324 agere

236 4351 354 4415 actione
383 4353 561 4418 accidentali
591 4362 754 4438 antequam
784 4352 841 4417 hoo
867 4352 1006 4418 accidens
1035 4351 1222 4438 concipiatur
1251 4375 1333 4417 esse.
