3200 4975
235 386 306 430 οη.
323 365 377 449 n.]
624 385 666 427 nr
682 383 943 429 socrnssrrsns.
1271 365 1334 427 315

234 551 346 615 falsum
372 574 438 616 esse
462 552 545 637 quod
570 561 657 617 actus
683 552 722 616 sit
746 573 866 636 semper
891 550 1022 617 nobilior
1047 552 1184 638 potentia
1205 552 1245 618 sd
1266 562 1338 619 eum

234 660 391 725 ordinata:
413 661 551 746 potentia
572 661 654 726 enim
677 661 774 727 activa
794 680 858 725 non
876 661 1036 727 ordinatur
1050 662 1089 726 ad
1103 672 1216 744 actum,
1233 672 1269 729 ut
1282 686 1338 750 per

233 774 336 857 ipsum
360 774 538 857 perficiatur
555 795 589 837 ac
611 772 799 856 compleatur
821 772 854 836 in
880 795 946 839 esse
970 774 1116 858 potentie
1144 776 1258 855 activae,
1285 774 1339 841 sed

234 886 394 950 ordinatur
423 885 463 950 ad
491 895 605 965 actum,
633 893 670 949 ut
699 886 903 950 communicet
933 894 1016 951 extra
1046 909 1138 951 suum
1166 886 1338 952 subiectum

233 997 350 1081 aliquid
370 997 409 1061 de
429 1019 485 1061 sua
504 996 699 1082 perfectione,
720 1004 751 1061 et
773 996 865 1063 faciat
888 997 983 1082 recipi
1004 999 1037 1062 iu
1060 1020 1150 1082 passo
1171 998 1339 1063 formaliter

232 1109 360 1195 aliquid,
389 1109 474 1194 quod
500 1110 535 1174 in
562 1110 630 1194 ipsa
657 1090 770 1173 virtute
802 1110 972 1175 eminenter
1003 1111 1188 1177 continetur.
1240 1111 1338 1177 Actus

234 1230 339 1284 autem
363 1220 476 1286 dicitur
503 1219 635 1287 nobilior
662 1220 800 1305 potentis
824 1222 857 1285 iu
882 1220 975 1306 longe
1004 1221 1063 1287 alio
1088 1244 1190 1301 seusu,
1215 1221 1338 1308 quando

234 1342 321 1397 actus
334 1334 536 1398 substantialia
551 1340 743 1416 comparatur
757 1333 903 1417 potentiae
918 1334 1022 1397 activae
1036 1342 1072 1399 ut
1086 1343 1133 1400 est
1147 1334 1337 1420 inadaequate

172 1458 176 1465 “
233 1444 314 1509 idem
330 1454 417 1509 actus
432 1443 654 1524 substantialis,
670 1453 701 1508 et
716 1444 840 1529 quando
858 1453 944 1509 actus
966 1445 1094 1530 quilibet
1113 1447 1176 1511 sive
1196 1446 1337 1512 substan·

233 1556 315 1620 tialis
330 1557 391 1620 sive
407 1556 603 1622 accidentalis
624 1566 819 1641 comparatur
838 1556 982 1641 potentiae
1002 1557 1084 1621 illius
1098 1558 1268 1644 receptivae,
1284 1581 1338 1623 sen

234 1668 379 1751 potentiae
394 1670 529 1753 passivae.
575 1667 637 1733 Sed
647 1668 712 1734 haec
724 1668 786 1733 duo
800 1690 864 1732 non
878 1667 1010 1752 probant
1024 1669 1181 1755 sliquidin
1194 1670 1338 1756 praesenti

235 1777 412 1861 questione.

276 1890 327 1953 Ad
348 1890 513 1955 secundam
535 1890 745 1974 probationem
768 1892 838 1956 dist.
861 1900 923 1956 ont.
946 1890 1132 1976 impossibile
1151 1899 1199 1956 est
1213 1900 1249 1956 ut
1264 1892 1337 1957 sub·

234 2001 347 2066 stantia
361 2002 394 2065 iu
409 2024 465 2065 suo
479 2001 587 2067 ordine
600 2000 740 2065 absoluto
759 2001 949 2067 considerata
970 2003 1129 2067 ordinetur
1146 2001 1184 2067 sd
1199 2003 1338 2070 accidens

234 2122 293 2177 etc.
305 2136 384 2177 conc.
400 2122 474 2191 unc,
489 2112 676 2197 impossibile
690 2119 782 2177 estut
797 2113 968 2177 substantia
984 2112 1042 2178 sub
1057 2122 1207 2198 conceptu
1221 2122 1339 2179 naturae

235 2223 423 2290 considerata
451 2224 610 2289 ordinetur
632 2223 671 2288 ad
692 2222 832 2288 accidens
856 2233 891 2287 ut
913 2224 952 2288 ad
982 2246 1072 2289 suum
1102 2225 1336 2308 specificativum

233 2336 354 2399 cubdiet.
370 2344 406 2398 ut
414 2333 454 2398 ad
465 2356 556 2398 suum
572 2334 809 2419 specificativum
824 2334 1024 2399 intrinsecum
1040 2357 1117 2401 coac.
1134 2345 1207 2414 out,
1223 2335 1336 2401 extrin-

234 2470 336 2513 secum
365 2470 431 2532 neq.
454 2455 516 2512 ant.
541 2455 572 2511 et
595 2466 674 2512 cons.
722 2445 901 2511 Substantia
931 2445 1070 2512 absolute
1091 2455 1122 2510 et
1144 2455 1179 2511 ut
1202 2447 1245 2513 sic
1273 2470 1335 2514 non

233 2560 308 2625 dicit
327 2581 426 2645 neque
445 2559 601 2637 virtmem,
624 2581 724 2644 neque
745 2559 964 2643 passivitatem,
987 2581 1086 2645 neque
1107 2567 1259 2640 naturam,
1282 2561 1336 2626 sed

233 2694 294 2736 eece
307 2673 340 2734 iu
352 2693 384 2734 ee
392 2695 402 2747 3
424 2677 456 2733 et
471 2668 528 2732 sub
542 2668 601 2733 boc
616 2678 767 2754 conceptu
780 2668 820 2733 ad
835 2669 913 2734 nihil
927 2669 1097 2749 ordinatur,
1113 2669 1213 2736 sedin
1228 2672 1336 2757 seipsa

232 2783 423 2867 completur:
444 2779 528 2845 unde
549 2780 716 2844 absurdum
737 2790 817 2844 esset
838 2781 956 2850 dicere:
985 2783 1089 2848 Virtus
1107 2785 1203 2848 ocliao
1218 2793 1262 2848 erl
1276 2807 1337 2848 eoae

235 2896 267 2956 iu
280 2915 321 2956 ce.
367 2890 426 2955 Sed
442 2891 515 2977 quia
530 2912 592 2954 non
607 2890 708 2954 omnis
722 2890 896 2956 substantia
916 2900 962 2960 cst
982 2893 1088 2958 eadem
1110 2894 1211 2979 quoad
1233 2918 1335 2961 essen·

232 3003 320 3084 tiam,
344 3011 375 3067 et
397 3002 561 3067 essentiam
589 3025 643 3067 seu
671 3011 814 3067 naturam
843 3005 908 3070 eius
937 3005 1149 3088 cognoscimus
1171 3029 1208 3070 ex
1229 3029 1335 3092 opera-

232 3115 368 3182 tionibus
396 3113 643 3192 accideufflibus,
666 3135 735 3199 quae
755 3123 829 3178 sunt
851 3123 936 3180 extra
956 3116 1119 3182 essentiam
1144 3117 1241 3202 ipsius
1263 3118 1335 3183 sub-

233 3228 363 3307 stantiae,
385 3226 454 3290 ideo
475 3248 511 3290 ex
532 3224 606 3310 ipsis
632 3226 859 3310 operationibus
889 3228 1080 3312 pervenimus
1102 3229 1140 3293 ad
1164 3231 1334 3314 specificam

232 3339 377 3404 virtutem
406 3336 593 3416 substantiae,
616 3345 647 3401 et
669 3337 749 3402 hanc
770 3337 808 3402 ab
831 3339 1059 3423 operationibus
1088 3340 1333 3407 denominamus.

232 3452 305 3516 Non
326 3472 400 3534 ergo
428 3449 559 3515 dicimus
580 3472 609 3514 v.
632 3471 680 3533 gr.
701 3449 847 3514 virtutem
876 3450 1023 3515 motivam
1052 3451 1130 3533 idco,
1161 3453 1233 3538 quis
1254 3453 1334 3518 actio

230 3561 373 3628 movendi
401 3559 561 3625 coustituit
589 3582 656 3624 eam
678 3560 711 3623 in
733 3560 791 3624 hoc
813 3560 912 3643 gradu
933 3561 1055 3626 virtutis
1084 3563 1214 3643 motivae,
1237 3587 1333 3649 quum

230 3683 336 3738 contra
357 3682 443 3736 actus
465 3671 606 3736 movendi
628 3670 668 3736 sit
690 3670 760 3735 talis
782 3671 907 3754 gradus,
930 3673 1002 3757 quia
1024 3682 1069 3738 est
1089 3697 1108 3738 a
1128 3674 1182 3740 tali
1201 3675 1332 3741 virtute:

232 3785 286 3850 sed
300 3784 369 3848 ideo
382 3783 528 3849 virtutem
551 3782 634 3848 illam
661 3782 792 3850 dicimus
814 3783 969 3863 motivam,
994 3785 1067 3869 quia
1089 3807 1125 3850 ex
1149 3785 1259 3850 effectu
1282 3807 1332 3851 co·

230 3897 406 3983 gnoscimus
429 3917 562 3975 causum,
585 3917 713 3978 eamque
736 3917 772 3960 ex
797 3904 885 3960 motu
908 3918 1000 3980 quem
1026 3896 1166 3981 producit
1194 3897 1333 3962 denomi-

229 4033 349 4074 namus.
393 4007 451 4071 Est
466 4029 539 4091 ergo
560 4013 646 4070 actus
665 4005 902 4090 specificativum
917 4007 1039 4072 virtutis
1059 4007 1091 4072 in
1107 4018 1212 4073 nostro
1227 4009 1333 4075 ordine

229 4119 442 4204 cognoscendi,
457 4117 511 4182 sed
526 4118 559 4181 in
578 4118 684 4182 ordine
704 4118 777 4182 reali
793 4119 888 4183 virtus
910 4119 976 4203 ipsa
1001 4118 1180 4185 substantiae
1199 4129 1245 4186 est
1265 4144 1335 4206 quae

230 4233 283 4296 dat
298 4232 427 4317 speciem
447 4253 503 4295 suo
523 4231 623 4308 actui;
646 4252 718 4294 nam
739 4238 826 4294 actus
845 4253 909 4295 non
929 4240 1008 4296 esset
1030 4231 1123 4296 huius
1144 4233 1253 4318 speciei
1273 4235 1333 4300 nisi

232 4343 327 4408 virtus
343 4353 423 4408 esset
437 4343 503 4407 eius
518 4342 646 4427 speciei:
670 4343 766 4406 virtus
781 4351 883 4407 autem
900 4343 999 4408 adhuc
1014 4354 1092 4410 esset
1108 4345 1217 4431 speciei
1233 4345 1333 4410 deter-
