3200 4975
272 377 337 439 248
714 401 757 444 ns
774 401 922 445 nourua.
1221 377 1305 463 [car.
1322 395 1381 437 111.

272 558 320 623 vel
334 569 458 646 accepto
471 562 606 627 infausto
620 566 741 645 nuntio,
755 566 873 631 viribus
888 566 1084 645 destituatur,
1100 571 1154 629 aut
1168 563 1381 628 infirmitatem

273 672 442 751 contrahat,
466 684 520 739 aut
548 675 652 741 dolore
681 678 885 743 contabescat.
930 678 1005 743 Non
1034 699 1108 762 ergo
1137 683 1185 741 est
1213 676 1326 740 mirum
1352 674 1381 736 ai

272 781 451 868 imaginatio
466 786 582 866 matris,
606 810 675 874 quae
703 789 738 853 in
765 789 864 875 ipsius
894 812 1020 875 corpore
1049 810 1199 873 magnum
1227 786 1380 851 influxum

273 905 400 973 exercet,
415 897 525 963 induat
545 898 638 963 etiam
659 899 693 964 in
714 900 837 981 foetum,
854 903 909 988 qui
931 901 1006 965 dum
1028 900 1178 965 formatur
1199 908 1245 964 est
1262 896 1381 983 aliquid

275 1008 362 1086 eius3
384 1016 416 1072 et
437 1008 481 1074 sic
501 1032 579 1095 puer
600 1012 759 1077 contrahat
780 1036 818 1078 ex
840 1021 938 1078 matre
959 1012 1077 1098 aliquas
1098 1010 1296 1097 particulares
1316 1008 1381 1074 dis·

273 1120 452 1203 positiones.
496 1122 631 1204 Hinc,ai
652 1132 750 1189 mater
769 1124 933 1210 quemdam
949 1124 1072 1189 vultum
1095 1123 1154 1188 sibi
1172 1144 1252 1208 saepe
1269 1143 1379 1205 reprae-

275 1239 385 1310 sentet,
407 1240 437 1296 et
467 1233 566 1298 multo
595 1235 694 1319 magis
724 1237 749 1301 si
778 1236 910 1301 similem
932 1235 1053 1300 vultum
1076 1234 1109 1297 in
1130 1234 1194 1298 tilio
1217 1232 1378 1310 desideret,

275 1342 453 1427 imaginatio
474 1354 506 1408 et
523 1345 634 1431 cupido
652 1347 718 1413 haec
737 1369 801 1413 non
820 1355 911 1411 crunt
932 1348 998 1411 sine
1018 1346 1120 1431 aliquo
1137 1344 1265 1409 effectu:
1294 1341 1379 1427 quod

274 1455 332 1518 etsi
345 1477 409 1520 non
424 1478 587 1541 possumus
601 1458 730 1523 ulterius
744 1459 902 1544 explicare,
918 1460 1032 1524 scimus
1046 1467 1150 1523 tamen
1164 1456 1239 1521 fieri.
1277 1455 1318 1519 Et
1334 1454 1378 1518 sic

275 1575 399 1651 apparet
414 1589 507 1652 quare
518 1568 622 1633 vultus
636 1569 768 1634 filiorum
783 1571 883 1655 magis
899 1571 961 1635 sint
975 1578 1098 1656 patrum
1115 1568 1239 1646 similes,
1255 1565 1379 1652 quando

275 1678 430 1743 ardentior
448 1689 495 1745 est
513 1689 544 1744 et
563 1681 671 1745 fortior
687 1680 857 1765 coniugalis
877 1703 963 1746 amor
981 1689 1166 1766 parentum:
1189 1688 1221 1743 et
1239 1678 1379 1743 similiter

275 1812 369 1876 quare
383 1791 494 1857 mulier
507 1815 584 1857 vana
597 1801 629 1856 et
644 1791 773 1877 superba
788 1793 920 1877 seipsam
935 1793 1030 1875 solam¹
1050 1792 1203 1857 admirans
1223 1791 1302 1855 tilios
1320 1791 1379 1855 sibi

276 1902 390 1967 similes
415 1912 572 1987 procreat:
603 1902 729 1968 tandem
755 1926 850 1989 quare
875 1904 908 1969 in
934 1904 1041 1969 eadem
1070 1904 1185 1968 familia
1214 1902 1378 1988 aliquando

277 2014 362 2078 nulla
383 2014 423 2078 sit
446 2014 613 2079 similitudo
635 2016 716 2079 iuter
737 2016 865 2095 fratrcs3
888 2018 960 2101 quia
981 2016 1121 2081 videlicet
1143 2016 1176 2079 in
1198 2015 1378 2079 formatione

274 2124 371 2189 foetus
379 2134 476 2189 mater
485 2148 548 2190 non
557 2126 689 2211 aequales
698 2126 914 2223 dispositiones
922 2127 1015 2192 habet
1025 2127 1087 2192 sive
1098 2150 1135 2191 ex
1144 2134 1230 2211 parte
1241 2126 1377 2204 affectus,

277 2238 340 2302 aive
361 2261 396 2302 ex
418 2247 504 2323 parte
527 2239 765 2323 imaginationis,
782 2240 845 2305 sive
867 2251 1012 2326 exparte
1033 2240 1145 2306 virium
1167 2239 1377 2324 corporalium.

277 2351 317 2414 In
331 2350 380 2414 his
394 2351 492 2435 igitur
509 2351 654 2416 omnibus
676 2352 763 2416 nullo
787 2352 880 2417 modo
906 2352 1070 2417 intervenit
1090 2353 1192 2416 anima
1205 2351 1302 2436 pueri,
1326 2350 1380 2414 sed

279 2463 343 2528 sola
357 2472 454 2529 mater
463 2492 473 2545 3
495 2488 559 2530 non
581 2489 654 2551 ergo
669 2489 791 2531 necesse
812 2474 858 2531 est
879 2466 1012 2531 animam
1030 2464 1146 2530 effundi
1166 2488 1184 2529 a
1203 2472 1290 2549 patre
1309 2487 1379 2529 cum

280 2576 406 2656 semine,
422 2577 506 2663 quod
520 2577 708 2663 impossibile
722 2586 779 2642 est.

322 2689 413 2766 Quod
429 2699 529 2754 autem
545 2690 670 2755 additur
684 2689 723 2754 de
737 2690 854 2754 semine
867 2690 1036 2753 inanimato
1051 2699 1097 2753 est
1108 2710 1224 2767 verum,
1237 2687 1263 2750 si
1278 2709 1380 2751 semen

276 2802 441 2887 accipiatur
452 2812 596 2887 separate,
606 2826 669 2867 non
680 2810 784 2867 autem
795 2802 822 2866 si
833 2802 998 2887 accipiatur
1012 2823 1082 2866 curn
1098 2800 1224 2886 reliquis
1238 2799 1380 2865 omnibus
1443 2815 1444 2820 ’

278 2937 346 3000 quae
367 2924 554 2980 concurrunt
576 2923 720 3000 exparte
742 2913 858 2979 matris.
903 2913 1012 2978 Virtus
1034 2905 1117 2977 enim
1140 2913 1265 2977 seminis
1287 2910 1381 2975 virilis

277 3027 342 3092 haec
356 3050 422 3092 esse
436 3014 566 3105 videtur,
581 3035 616 3090 ut
631 3049 697 3112 per.
706 3049 792 3090 auam
816 3025 966 3090 actionem
989 3024 1177 3089 materialem
1199 3023 1381 3088 determinet

277 3138 518 3223 coagulationem
533 3138 693 3222 sanguinis
707 3137 842 3204 foeminae
856 3137 889 3201 in
898 3137 1024 3220 regione
1035 3135 1131 3200 uteri:
1154 3135 1198 3199 ita
1207 3145 1243 3200 ut
1255 3134 1381 3199 materia

278 3274 315 3316 ex
332 3274 394 3336 qua
409 3252 559 3315 formatur
575 3251 670 3314 ioetus
691 3251 732 3314 ait
748 3272 785 3314 ea
805 3257 911 3326 matre,
927 3270 1030 3313 semen
1046 3257 1149 3311 autem
1164 3255 1326 3332 paternum
1342 3245 1381 3310 sit

279 3363 312 3427 id
327 3362 410 3448 quod
424 3362 523 3447 primo
537 3361 720 3426 determinat
735 3362 800 3426 eius
812 3360 1034 3426 formationem.
1079 3360 1118 3422 Iu
1129 3360 1302 3424 animalibus
1311 3381 1381 3443 per·

270 3478 372 3564 sectis,
396 3497 459 3558 pue
476 3481 655 3557 pererrantur
675 3496 712 3537 ec
734 3475 824 3554 coitu,
845 3471 945 3557 inquit
970 3472 1002 3536 S.
1018 3470 1151 3535 Thomas
1177 3471 1218 3555 (p.
1237 3475 1266 3534 1.
1281 3492 1313 3555 q.
1328 3472 1381 3534 98.

281 3610 309 3652 a.
327 3586 371 3668 1),
386 3587 480 3648 virtue
502 3584 598 3647 activo
623 3591 667 3648 eat
689 3585 722 3647 iu
742 3586 848 3648 aeneiae
871 3585 971 3662 muris,
986 3582 1142 3646 secuudum
1155 3582 1360 3665 philosophum
1370 3608 1380 3642 .-

281 3697 405 3762 materia
420 3703 516 3759 autem
522 3693 616 3775 foetue
630 3703 675 3758 eat
689 3695 765 3758 illud
783 3695 862 3778 quod
879 3694 1063 3757 ministratur
1083 3693 1245 3777 a-soemiuo,
1291 3690 1383 3755 Unde

282 3832 386 3876 semen
408 3828 471 3871 nou
491 3805 556 3889 agit
577 3813 734 3889 tamquam
757 3803 881 3888 aliquod
898 3803 1013 3882 vivens,
1037 3802 1091 3866 sed
1109 3801 1187 3865 sicut
1204 3802 1304 3866 omnis
1326 3800 1384 3865 alia

282 3930 408 3997 materia
422 3951 476 4013 per
490 3925 685 3992 attractiones
700 3934 730 3989 et
744 3923 954 4008 repulsiones:
978 3932 1009 3987 et
1024 3922 1093 3987 ideo
1107 3921 1207 3986 omnis
1222 3923 1323 3987 anima
1338 3931 1384 3986 est

283 4043 437 4129 superflua
450 4041 484 4104 in
500 4038 615 4104 semine
630 4038 712 4124 quod
727 4037 760 4101 in
775 4029 863 4101 utero
878 4036 1032 4121 recipitur.

326 4156 466 4219 Imtubu.
491 4153 524 4216 Si
539 4150 640 4216 anima
654 4149 740 4235 pueri
756 4155 880 4213 nonest
902 4171 920 4211 a
939 4146 1129 4232 parentibus,
1144 4145 1221 4209 falso
1243 4155 1385 4231 parentes

283 4267 428 4331 dicuntur
443 4284 587 4346 generare
601 4261 775 4339 hominem3
798 4283 871 4323 nam
887 4268 1035 4345 generant
1051 4259 1149 4324 solum
1166 4281 1286 4344 corpus.

327 4374 509 4460 Respondeo
524 4374 591 4436 diat.
608 4379 668 4434 out.
685 4370 710 4434 si
725 4372 827 4435 anima
841 4372 928 4456 pueri
942 4395 1005 4436 non
1020 4380 1066 4436 est
1081 4395 1099 4436 a
1113 4371 1293 4456 parentibus
1307 4380 1385 4436 tam·
