3200 4975
219 361 292 405 oar.
308 340 363 425 ra]
617 358 661 403 ns
677 348 935 402 accsorurraus.
1259 332 1325 396 319

219 525 370 590 sideretur
385 524 418 587 in
440 531 512 587 actu
535 523 669 588 secundo
691 534 727 587 ut
749 524 940 588 constituens
962 543 1031 585 cum
1048 520 1176 585 materia
1189 540 1250 583 ease
1264 516 1324 581 ele·

218 636 327 701 menti.
371 632 479 699 Virtus
500 635 583 699 enim
598 636 713 700 motiva
726 635 812 699 illius
826 634 1003 699 continetur
1017 633 1116 717 quoad
1128 632 1324 695 ειιεεείιειεε

218 748 252 813 in
267 748 375 825 forma,
390 746 445 811 sed
459 767 523 811 non
543 747 655 812 suffieit
674 747 704 812 ei
724 746 887 811 intensitas
904 742 1092 822 huiusmodi,
1107 751 1138 808 et
1158 740 1324 827 requiritur

218 860 344 945 insuper
363 858 498 937 divortia,
515 881 585 944 quar
605 868 653 924 est
674 881 693 923 a
714 858 851 924 materia.
896 857 989 922 Unde
1009 856 1164 921 evidenter
1186 852 1324 959 sequitur

218 972 364 1036 virtutem
386 967 516 1036 activam
537 994 604 1037 esse
624 971 722 1057 ipsius
745 970 933 1051 substantia,
950 978 982 1035 et
1003 990 1067 1033 non
1088 969 1194 1032 formae
1214 973 1251 1030 nt
1269 964 1322 1028 sic.

219 1083 285 1147 Nec
306 1080 365 1147 hoe
386 1091 434 1146 est
456 1082 579 1162 mirum,
595 1106 691 1169 quum
713 1083 796 1148 idem
818 1082 935 1148 accidat
957 1083 1049 1147 etiam
1066 1080 1099 1144 in
1116 1078 1275 1143 intellectu
1292 1084 1323 1139 et

217 1195 383 1273 voluntate,
405 1204 442 1259 ut
465 1193 538 1259 alibi
559 1194 702 1261 vidimus.
762 1196 865 1259 Immo
885 1194 919 1259 in
940 1194 1015 1279 ipsis
1037 1192 1097 1257 Dei
1118 1189 1262 1277 operibus
1284 1187 1323 1251 ad

216 1315 301 1371 extra
316 1306 415 1385 Pater,
432 1306 486 1391 qui
499 1314 547 1370 est
561 1307 746 1392 principium
761 1307 930 1386 Trinitatis,
945 1328 1009 1370 non
1024 1313 1105 1370 creat
1120 1302 1270 1368 mundum
1287 1310 1323 1364 ιιι

217 1418 316 1503 prima
337 1439 477 1502 persona,
495 1426 526 1483 et
549 1427 584 1482 ut
606 1419 811 1483 communicat
833 1440 898 1483 esse
913 1418 1000 1498 Filio,
1023 1418 1077 1482 scd
1099 1425 1164 1481 tota
1178 1413 1321 1491 Trinitas,

216 1529 250 1593 id
264 1539 311 1594 est
326 1530 412 1595 Deus
427 1529 584 1614 adaequate
599 1539 742 1615 sumptus
756 1530 925 1594 seeundum
942 1552 1031 1595 suum
1050 1550 1116 1594 esse
1134 1512 1321 1601 absolutum,

218 1650 254 1705 ιιι
269 1640 379 1705 docent
393 1639 539 1725 theologi.

262 1755 360 1817 Dices.
383 1752 459 1817 Esse
473 1753 661 1837 operativum
676 1763 722 1818 est
737 1755 889 1839 posterius
907 1776 999 1840 quam
1016 1776 1082 1818 esse
1102 1748 1321 1826 substantiale3

217 1886 291 1949 ergo
305 1874 352 1928 est
370 1864 523 1929 diversum
545 1865 583 1930 ab
606 1865 683 1950 ipso.
729 1866 820 1931 Prius
842 1876 889 1931 est
911 1867 992 1931 enim
1016 1865 1180 1930 subsistere
1201 1884 1256 1949 per
1278 1884 1320 1939 se,

216 1997 307 2060 quam
323 1976 470 2060 respicere
484 1975 578 2039 aliud.
1194 1980 1198 1989 ’

260 2085 442 2170 Respondeo
462 2088 533 2150 dist.
550 2096 612 2151 eat.
636 2109 703 2152 esse
720 2090 909 2173 operativum
929 2098 1009 2169 actu,
1026 2088 1057 2152 id
1072 2096 1119 2152 est
1133 2092 1320 2170 operantem,

216 2206 263 2262 est
277 2198 428 2281 posterius
443 2198 551 2262 saltem
565 2209 675 2263 natura
686 2222 765 2266 conc.
777 2210 852 2281 unt,
864 2224 929 2265 csse
941 2182 1127 2285 operativum
1140 2196 1321 2282 inpotentia

215 2308 353 2392 proxima
371 2330 401 2371 ε.
423 2317 485 2373 εει.
531 2309 581 2372 Ad
601 2309 813 2394 probationem
834 2313 902 2377 dist.
921 2320 984 2376 aot.
1000 2310 1085 2395 prius
1104 2318 1150 2374 est
1167 2308 1201 2372 in
1215 2306 1321 2371 ordine

214 2420 316 2505 logico
337 2442 416 2486 εεεε.
432 2429 507 2502 εει,
522 2421 608 2507 prius
623 2433 669 2486 est
688 2423 721 2487 in
743 2423 851 2488 ordine
873 2422 946 2488 reali
966 2424 1087 2488 subdist.
1104 2421 1130 2486 si
1153 2428 1262 2505 agatur
1284 2417 1322 2481 de

214 2543 355 2618 respectu
367 2533 492 2597 virtuali
506 2542 537 2598 ει
552 2535 748 2618 aptitudinali
763 2557 794 2599 ε.
807 2544 881 2613 εει,
895 2535 920 2599 si
934 2544 1044 2619 agatur
1059 2529 1097 2597 de
1111 2540 1249 2616 respectu
1259 2530 1321 2594 for·

215 2645 287 2709 meli
301 2655 332 2709 et
341 2645 452 2709 actuali
466 2669 492 2708 ε.
504 2652 566 2709 εει.
583 2655 614 2709 ει
628 2668 660 2710 ε.
675 2669 754 2712 cona.
783 2647 891 2711 Virtus
906 2647 1003 2711 activa
1017 2645 1140 2730 respicit
1155 2643 1319 2708 terminum

215 2755 382 2840 quemlibet
396 2777 537 2839 capacem
553 2756 718 2840 recipiendi
731 2757 796 2821 eius
813 2766 926 2837 actum,
942 2758 1005 2821 sive
1019 2756 1069 2822 hic
1086 2756 1237 2820 terminus
1259 2753 1323 2817 exi·

215 2875 286 2943 stat,
299 2867 361 2929 sive
373 2866 412 2930 sit
426 2860 736 2950 tantum‘possibilis:
760 2867 932 2933 differentia
946 2877 1012 2933 tota
1022 2878 1069 2933 est
1079 2868 1190 2951 inboe,
1202 2863 1321 2952 quodsi

214 2976 364 3040 terminus
375 2976 415 3039 sit
424 2985 547 3040 tantum
557 2977 721 3061 possibilis,
732 2978 850 3058 relatio,
860 3002 921 3066 qua
930 2979 1027 3044 virtus
1038 2980 1077 3044 ad
1085 2979 1172 3044 illum
1182 2977 1319 3056 refertur,

215 3088 254 3151 sit
268 3096 390 3152 tantum
406 3087 553 3168 virtualis,
569 3090 595 3152 si
610 3111 680 3153 vero
696 3091 846 3154 terminus
861 3092 980 3170 existat,
996 3091 1103 3155 relatio
1118 3091 1158 3154 sit
1173 3087 1318 3154 formalis.

215 3198 253 3261 ln
275 3199 374 3283 primo
396 3221 469 3263 casu
490 3199 726 3266 fundamentum
748 3202 904 3267 relationis
934 3216 981 3266 est
1007 3202 1201 3286 possibilitas,
1225 3207 1321 3286 quam

214 3312 309 3376 virtus
336 3312 373 3374 de
399 3334 432 3376 se
455 3311 557 3391 habet,
572 3314 797 3378 terminationis
817 3314 946 3378 actualis
961 3314 1000 3378 ad
1014 3314 1200 3390 terminum3
1223 3313 1256 3376 in
1271 3333 1318 3375 sc·

213 3424 314 3488 eundo
329 3447 401 3488 casu
415 3433 462 3488 est
476 3425 543 3508 ipsa
554 3426 681 3490 actualis
695 3426 880 3504 terminatio,
897 3449 950 3489 seu
966 3426 1054 3489 aetio.
1079 3424 1160 3501 Quis
1174 3445 1247 3509 ergo
1262 3446 1316 3508 po-

212 3545 272 3600 test
286 3537 414 3600 existere
425 3539 521 3601 virtus
532 3537 639 3617 activa,
651 3539 725 3622 quin
739 3549 809 3602 actu
821 3537 861 3600 sit
870 3538 1020 3601 terminus
1031 3537 1081 3601 bic
1092 3537 1138 3600 vel
1149 3536 1201 3599 ille
1212 3537 1245 3599 in
1255 3559 1318 3621 quo,

156 3657 159 3663 '
212 3658 283 3710 actu
297 3647 471 3732 recipiatur,
480 3672 547 3712 esse
561 3649 749 3734 operativum
765 3659 836 3712 actu
851 3658 898 3713 est
908 3649 1059 3733 posterius
1068 3671 1159 3733 quam
1169 3671 1234 3712 esse
1242 3646 1316 3711 sub·-

213 3759 352 3823 stantiale
363 3785 373 3837 3
399 3760 453 3822 sed
478 3761 582 3824 statim
605 3776 639 3824 a'e
661 3748 876 3844 ponitur'esse
899 3760 1099 3825 substantiale
1119 3761 1246 3844 ponitur
1268 3782 1315 3823 re·

212 3871 483 3954 speetnsnr'rtuolis
497 3871 536 3935 ad
546 3889 654 3934 omnes
664 3872 812 3935 terminos
822 3893 898 3956 quos
908 3881 1008 3956 potest
1020 3871 1138 3956 agendo
1154 3871 1314 3953 attingere.

221 4022 226 4030 ·
255 3985 309 4045 30.
336 3983 464 4046 Obiiciea
488 3985 533 4045 4⁰.
564 3982 704 4066 Oportet,
735 3971 893 4067 proprium
922 3984 1064 4047 effectum
1093 3983 1316 4068 proportionari

212 4094 341 4177 propriae
355 4116 475 4172 causae;
505 4093 558 4157 sed
567 4086 694 4157 effectus
706 4096 847 4178 proprius
856 4094 1177 4159 lormaesubstantialis
1188 4099 1234 4158 est
1249 4117 1314 4158 esse

213 4204 421 4284 substantiale,
433 4204 558 4270 effectus
567 4227 637 4269 vero
647 4206 789 4290 proprius
800 4207 945 4291 potentiae
954 4208 1114 4292 operativae
1122 4218 1169 4270 est
1178 4209 1294 4290 operari
1304 4233 1313 4285 3

211 4336 284 4398 ergo
300 4315 334 4379 in
355 4316 416 4380 illis
436 4317 535 4380 solum
555 4311 726 4382 substantia
748 4319 806 4381 erit
823 4320 961 4402 potentia
976 4320 1137 4403 operativa,
1154 4319 1184 4384 in
1201 4318 1312 4404 quibus
