3200 4975
235 348 306 390 car.
323 329 379 412 rr.]
693 353 735 394 nn
754 351 899 394 aonrrvn.
1281 329 1341 390 195

234 512 399 595 perficitur,
426 535 490 576 esse
516 537 630 598 organa
659 516 856 593 nutritionis;
880 539 941 579 non
969 516 1050 578 enim
1077 523 1179 580 essent
1208 522 1288 598 apta,
1314 513 1339 575 si

233 624 335 687 anima
350 626 509 689 recederet.
557 627 625 690 Hoc
641 651 745 691 verum
760 639 807 692 est
823 628 1011 713 simpliciter,
1028 628 1158 692 sednon
1174 627 1284 691 sufficit
1299 626 1339 688 ad

234 737 441 814 statuendum,
458 738 591 802 animam
606 740 729 823 proprie
745 762 810 803 esse
825 741 1010 824 principium
1031 740 1202 823 proximum
1218 745 1340 820 vegeta-

234 847 337 911 tionis.
383 848 478 912 Aliud
489 848 570 912 enim
583 851 722 935 estquod
737 852 839 914 anima
854 860 1009 916 conservet
1024 874 1138 935 organa
1153 849 1339 928 nutritionis,

234 959 318 1024 aliud
333 970 379 1024 est
394 961 477 1045 quod
496 962 631 1045 operatio
653 963 800 1026 nutritiva
823 965 862 1026 sit
880 963 975 1048 ipsius
991 964 1099 1028 animae
1108 989 1118 1040 3
1140 970 1241 1046 potest
1255 963 1338 1024 enim

233 1072 368 1156 primum
390 1072 495 1136 haberi
518 1075 583 1136 sine
606 1075 749 1153 secundo,
772 1085 813 1153 et,
837 1077 935 1160 primo
957 1076 1067 1159 posito,
1097 1075 1227 1138 habetur
1255 1072 1338 1157 quod

233 1183 354 1260 sufficit,
370 1183 565 1248 etiamsinon
582 1195 713 1269 ponatur
731 1188 910 1250 secundum.
957 1187 1059 1264 Quare
1074 1186 1193 1250 videtur
1211 1185 1337 1249 omnino

232 1295 488 1375 concludendum,
509 1296 695 1381 principium
710 1299 916 1381 vegetativum
931 1321 995 1362 esse
1010 1299 1112 1384 ipsum
1127 1298 1336 1382 organismum

232 1408 361 1470 viventis
390 1418 421 1472 et
449 1408 527 1473 vires
561 1409 732 1474 materiales
765 1420 834 1474 tum
863 1411 970 1496 ipsius,
1003 1419 1071 1475 tum
1102 1411 1335 1475 alimentorum:

232 1520 366 1583 animam
381 1529 484 1584 autem
498 1521 626 1586 influere
640 1523 674 1586 in
688 1525 911 1606 vegetationem
928 1547 991 1588 non
1010 1547 1065 1608 per
1085 1532 1186 1588 actum
1209 1522 1336 1586 alicuius

232 1632 277 1696 ris
295 1634 481 1716 vegetativae,
503 1633 556 1697 sed
579 1656 633 1717 per
654 1644 758 1698 actum
776 1658 836 1719 quo
860 1634 912 1700 dat
933 1635 1051 1720 corpori
1065 1635 1157 1699 vitam
1173 1632 1335 1698 animalem

233 1744 418 1824 sensitivam,
446 1768 502 1829 per
530 1746 764 1831 applicationem
800 1747 946 1827 alimenti,
977 1756 1008 1812 et
1036 1771 1092 1832 per
1124 1755 1226 1810 motus
1260 1745 1335 1808 alios

233 1855 434 1934 mechanicae,
458 1879 536 1940 quos
558 1857 725 1943 producere
746 1865 848 1942 potest
869 1858 902 1921 in
925 1858 1031 1922 ordine
1053 1859 1092 1922 ad
1113 1857 1301 1942 recipiendas
1318 1879 1336 1920 a

231 1968 331 2031 causis
352 1968 560 2033 materialibus
581 1969 638 2034 has
652 1970 699 2034 vel
721 1969 789 2034 illas
811 1970 1048 2035 modificationes
1070 1971 1103 2034 in
1125 1969 1248 2054 organis
1267 1968 1335 2053 qui-

232 2079 376 2143 busdam.

277 2191 337 2255 sed
353 2191 503 2275 quidquid
518 2192 558 2255 sit
578 2191 616 2255 dc
637 2192 695 2254 hac
716 2194 897 2276 quaestione,
921 2191 1012 2256 etiam
1036 2192 1107 2255 dato
1129 2189 1211 2275 quod
1234 2190 1336 2253 anima

230 2313 310 2366 esset
332 2302 518 2387 principium
532 2303 747 2386 vegetativum,
770 2313 802 2367 et
824 2303 908 2388 quod
928 2304 1077 2386 vegetatio
1099 2313 1178 2366 esset
1200 2301 1335 2386 operatio

230 2415 335 2478 stricte
354 2414 465 2493 vitalis,
493 2414 593 2478 adhuc
614 2424 718 2478 tamen
740 2437 804 2478 non
826 2416 1029 2501 requireretur
1051 2415 1152 2479 anima
1167 2414 1336 2499 vegetativa

230 2527 369 2612 specialis
392 2527 424 2589 in
452 2527 593 2591 homine:
617 2528 718 2591 anima
746 2530 829 2591 enim
858 2529 1051 2606 intellectiva,
1082 2550 1150 2612 quae
1179 2526 1335 2611 estprin-

232 2640 347 2723 cipium
362 2640 452 2703 vitale
468 2640 583 2703 altioris
598 2640 724 2718 ordinis,
745 2640 858 2724 poterit
877 2640 1011 2725 profecto
1026 2648 1146 2703 aetnam
1161 2638 1244 2701 hunc
1258 2637 1307 2700 inf
1323 2677 1335 2689 -

229 2754 338 2816 riorem
355 2753 423 2833 vitae
445 2752 574 2835 gradum
596 2752 629 2814 in
651 2774 774 2836 corpore
796 2752 954 2835 disposito.
1000 2751 1127 2830 Poterit,
1149 2750 1285 2835 inquam,
1299 2750 1332 2812 in

231 2863 394 2949 hypothesi
409 2863 491 2948 quod
505 2863 657 2947 vegetatio
679 2865 718 2927 sit
737 2864 872 2948 operatio
892 2866 997 2927 stricte
1012 2862 1111 2927 vitalis
1120 2890 1130 2941 3
1154 2884 1239 2927 secus
1254 2863 1336 2926 enim

232 2994 294 3037 non
310 2975 448 3059 sequitur
464 2974 629 3039 conclusio.
675 2974 736 3038 sed
751 2974 912 3039 redeamus
925 2975 964 3039 ad
978 2966 1100 3039 thesim.

274 3086 365 3149 Sexto
387 3085 522 3164 tandem,
547 3086 573 3149 si
595 3086 699 3169 plures
721 3086 832 3150 animae
853 3096 955 3150 essent
974 3087 1008 3149 in
1023 3086 1157 3165 homine,
1173 3108 1236 3149 non
1251 3084 1332 3149 idem

232 3198 418 3282 principium
441 3199 608 3282 perciperet
630 3198 785 3262 sensibilia
806 3208 837 3275 et
860 3199 1072 3281 intelligibilia,
1096 3221 1152 3263 nec
1173 3207 1336 3263 testaretur

231 3310 415 3373 conscientia
449 3310 643 3373 existentiam
678 3310 873 3373 affectionum
909 3311 1098 3375 sensibilium
1127 3320 1159 3375 et
1190 3310 1335 3394 intelligi·

232 3421 340 3485 bilium
351 3421 388 3506 in
405 3421 512 3485 eodem
527 3420 673 3485 subiecto.
717 3422 814 3518 Atqui
838 3423 1022 3510 conscientia
1044 3423 1082 3487 de
1104 3422 1183 3487 lacto
1205 3431 1337 3486 testatur

231 3533 398 3618 unicuique
414 3533 497 3617 quod
514 3532 594 3596 idem
616 3540 663 3595 est
686 3533 856 3597 subiectum
879 3534 1072 3598 affectionum
1096 3534 1286 3598 sensibilium
1306 3546 1337 3600 et

228 3643 480 3729 intelligibilium.
525 3645 609 3729 Ergo
630 3667 693 3708 non
716 3654 790 3708 sunt
809 3646 913 3729 plures
940 3646 1048 3710 animae
1069 3648 1102 3709 in
1125 3647 1257 3725 homine,
1282 3645 1335 3710 sed

231 3779 293 3819 una
308 3765 440 3819 tantum.
488 3755 568 3818 Addi
582 3765 686 3839 posset
701 3757 761 3833 hic,
780 3757 864 3841 quod
886 3758 972 3841 origo
994 3758 1203 3841 cognitionum
1227 3759 1335 3823 huma-

231 3890 340 3930 narum
362 3868 447 3931 fieret
470 3866 699 3951 inexplicabilis,
721 3868 746 3931 si
764 3868 857 3931 homo
879 3868 1005 3932 haberet
1028 3870 1103 3933 duas
1125 3870 1259 3935 animas:
1283 3870 1336 3935 sed

220 3978 385 4043 brevitatis
399 4000 490 4042 causa
504 3999 617 4041 novum
632 3978 690 4041 hoc
706 3989 925 4061 argumentum
940 4003 1003 4044 non
1019 3981 1190 4045 evolvam*.

274 4093 325 4155 56.
351 4091 506 4166 Quaeritur
521 4100 615 4168 sexto,
631 4093 773 4174 quomodo
788 4094 887 4156 aalma
902 4095 943 4155 sit
957 4096 989 4155 ia
1004 4116 1133 4177 corpore.

268 4240 282 4269 ¹*
301 4237 382 4304 Quod
391 4236 474 4292 etiam
485 4237 565 4292 bruta
573 4254 627 4291 non
635 4236 753 4293 habeant
761 4237 816 4291 nisi
824 4254 907 4292 unam
916 4240 1042 4307 animam,
1052 4256 1163 4313 eamque
1170 4240 1336 4313 sensitivam,

230 4325 324 4379 heberi
335 4331 425 4397 potest
434 4331 574 4396 tamquam
585 4324 798 4379 demonstratum
811 4344 845 4379 ex
857 4325 1078 4397 precedentibus.

1107 4426 1162 4486 02
