3200 4975
280 313 345 375 838
643 332 685 375 ne
702 332 958 379 accrurnrraus.
1238 313 1327 397 [aar.
1345 332 1386 373 rr.

282 496 460 562 nonhabet
485 497 721 564 fundamentum
747 498 871 584 aliquod
894 496 953 581 ipsi
979 495 1045 561 enti
1068 496 1291 575 intrinsecum3
1316 496 1388 560 licet

281 610 364 675 cuim
379 609 518 675 videatur
531 610 654 675 fundari
669 610 701 674 in
716 612 767 674 abi
775 608 980 687 substantiali,
993 631 1047 693 per
1058 608 1143 692 quod
1153 609 1389 691 coniunguntur

281 728 312 784 et
327 720 360 784 in
375 743 436 806 quo
451 721 677 787 communicant
688 720 809 786 duoabi
820 719 1027 799 accidentalia,
1039 730 1165 805 apparet
1176 728 1291 799 manen,
1304 720 1387 804 quod

281 831 345 897 hoec
359 832 422 897 duo
435 835 487 898 abi
501 834 729 898 communicant
743 842 865 898 tantum
880 831 1076 897 materialiter
1091 854 1162 896 cum
1177 832 1242 910 illo,
1254 832 1325 917 quia
1340 844 1387 896 est

281 943 437 1009 materiale
455 945 602 1030 ipsorum,
618 954 649 1009 et
666 968 729 1009 non
750 945 809 1009 sub
825 944 942 1009 ratione
957 943 1091 1022 relativa,
1108 943 1277 1008 meandum
1293 967 1386 1028 quarn

280 1064 505 1140 comparantur.
539 1056 612 1121 Non
627 1078 701 1141 ergo
715 1056 870 1141 accipiunt
885 1054 924 1120 ab
939 1056 989 1120 uhi
1004 1054 1305 1120 substantiali'snum
1321 1079 1386 1119 esse

279 1165 457 1231 relativum:
480 1175 512 1231 et
533 1166 602 1231 ideo
624 1168 675 1230 ati
696 1166 897 1231 substantiale
916 1187 979 1230 non
995 1174 1042 1230 est
1056 1166 1293 1233 fundamentum
1308 1166 1386 1231 rela-

279 1276 372 1342 tionis
387 1300 502 1343 eorum.
549 1277 651 1355 Quare
665 1278 903 1343 fundamentum
920 1277 1076 1342 relationis
1096 1277 1176 1343 iuter
1198 1279 1241 1341 iti
1263 1286 1293 1341 et
1316 1280 1388 1342 olibi

279 1389 478 1474 quaerendum
495 1397 542 1455 est
559 1390 592 1454 in
615 1389 717 1475 aliquo
735 1390 877 1454 absoluto
892 1399 976 1454 extra
990 1389 1093 1475 ipsum
1107 1390 1158 1453 ubi
1173 1388 1385 1468 substantiale,

279 1499 418 1566 videlicet
439 1500 472 1566 in
494 1500 680 1565 virtualitatc
698 1500 925 1581 immensitatis,
940 1509 1033 1585 prout
1054 1500 1130 1566 dicit
1152 1500 1385 1586 possibilitatem

279 1620 400 1691 motus3
424 1620 459 1677 ut
474 1612 592 1677 dictura
607 1612 788 1697 satagendo
803 1613 841 1677 de
857 1613 956 1678 tribus
971 1612 1135 1678 continuis.

322 1726 376 1789 44.
399 1723 543 1789 Diximus
576 1726 619 1808 (n.
642 1724 711 1807 41),
729 1726 844 1808 qnando
868 1723 1065 1789 accidentalia
1086 1723 1198 1788 habere
1221 1723 1385 1809 quemdam

279 1834 416 1901 ordinem
438 1836 607 1926 secundum
622 1837 710 1921 priua
729 1845 760 1900 et
773 1837 924 1920 posterius
937 1835 1121 1921 pandentem
1138 1860 1156 1901 a
1171 1836 1384 1900 distinctorum
1477 1900 1481 1905 .

279 1954 403 2011 actuum
428 1947 634 2012 successione:
669 1947 750 2011 idem
775 1969 899 2033 quoque
924 1969 1007 2012 nunc
1033 1946 1206 2012 notavimus
1232 1948 1312 2011 circa
1336 1950 1386 2011 ubi

279 2055 486 2135 accidentalia,
498 2080 566 2141 quae
577 2056 692 2121 habent
703 2058 868 2142 quemdam
877 2058 1015 2122 ordinem
1028 2058 1197 2122 secundum
1207 2060 1250 2122 ibi
1260 2069 1291 2122 et
1303 2060 1384 2123 aliti.

279 2166 385 2245 Quum
406 2176 510 2233 autem
531 2171 581 2234 abi
601 2176 633 2233 et
655 2170 771 2254 qwndo
794 2169 1008 2235 substantialia
1030 2170 1233 2235 coinexistant
1263 2171 1322 2234 sibi
1351 2171 1384 2233 in

278 2300 464 2365 unoquoque
485 2289 556 2344 ente
576 2280 771 2345 substantiali
797 2282 840 2364 (n.
866 2283 910 2364 7),
930 2282 1129 2367 quaerendum
1149 2291 1262 2359 manet,
1279 2292 1385 2346 utrum

278 2390 370 2457 etiam
386 2393 501 2477 quondo
515 2401 547 2457 et
560 2394 612 2456 abi
625 2393 824 2457 accidentalia
839 2393 898 2457 sibi
912 2393 1123 2457 coinexistant.
1168 2394 1208 2457 llt
1231 2393 1385 2479 loquendo

278 2503 413 2588 primum
442 2505 480 2570 de
508 2504 600 2570 rebus
629 2504 849 2583 materialibus,
875 2505 1030 2569 evidenter
1060 2505 1309 2589 respondendum
1339 2515 1385 2570 est

278 2617 464 2682 affirmative.
510 2617 593 2682 Nam
618 2640 715 2703 quum
741 2617 891 2682 elementa
918 2617 979 2681 duo
1003 2626 1057 2680 aut
1083 2616 1173 2701 plura
1197 2617 1260 2682 sint
1286 2618 1385 2682 deter-

279 2729 395 2793 minata
409 2728 448 2792 ad
462 2729 617 2812 agendum
628 2737 659 2793 et
673 2729 854 2813 patiendum
865 2751 921 2813 par
932 2728 1026 2793 solarn
1039 2729 1175 2813 ipsorum
1187 2731 1384 2814 presentiam

278 2839 310 2901 in
335 2840 432 2924 spatio
455 2839 495 2903 ad
518 2840 686 2925 quamlibet
704 2840 891 2919 distantiam,
908 2839 1057 2925 sequitur,
1074 2841 1157 2924 quod
1176 2841 1250 2904 dum
1269 2843 1384 2926 quando

279 2950 454 3016 absolutum
476 2952 569 3015 unius
591 2951 743 3031 elementi,
758 2950 798 3015 ob
822 2952 973 3017 actionem
996 2952 1212 3017 accidentalem
1232 2975 1293 3038 qua
1309 2953 1385 3036 agit,

280 3062 381 3127 induit
392 3062 539 3127 rationem
550 3063 706 3128 relativam
718 3062 947 3142 accidentalem,
959 3064 1051 3128 etiam
1061 3063 1127 3128 eius
1137 3066 1187 3128 aba·
1198 3064 1383 3142 absolutum,

279 3173 319 3238 ob
333 3176 483 3239 actionem
498 3173 715 3239 accidentalem
729 3174 855 3239 alterius
870 3197 962 3260 quarn
981 3175 1099 3260 recipit,
1116 3175 1218 3239 induit
1235 3176 1384 3241 rationem

280 3285 435 3351 relativam
450 3285 676 3350 accidentalem.
723 3285 826 3362 Quare
841 3289 956 3370 quando
971 3287 1006 3350 fit
1022 3286 1083 3350 tale
1105 3287 1330 3352 accidentaliter
1351 3289 1383 3351 in

281 3419 317 3461 eo
331 3399 390 3474 abi,
405 3397 438 3460 in
453 3419 515 3482 quo
529 3419 584 3460 ens
598 3397 824 3462 accidentaliter
837 3399 965 3483 patitur,
980 3410 1012 3463 ct
1033 3402 1085 3463 abi
1105 3401 1141 3464 fit
1164 3399 1225 3464 tale
1247 3400 1383 3464 acciden-

281 3508 382 3573 taliter
396 3509 429 3572 in
444 3529 480 3572 eo
495 3510 620 3592 quanda
636 3508 669 3572 in
684 3531 745 3593 quo
760 3531 815 3573 ens
830 3510 1055 3574 accidentaliter
1069 3512 1145 3594 agit.
1192 3509 1299 3587 Quum
1314 3533 1383 3576 vero

280 3644 335 3685 ens
352 3619 578 3685 accidentaliter
594 3621 728 3706 patiatur
748 3622 780 3684 in
803 3643 839 3685 eo
860 3622 921 3700 abi,
937 3644 974 3685 ex
993 3644 1054 3707 quo
1069 3621 1294 3687 accidentaliter
1309 3623 1382 3707 agit,

280 3744 311 3798 et
326 3732 551 3797 accidentaliter
570 3740 641 3814 agat
659 3731 691 3794 in
709 3753 745 3795 eo
767 3733 894 3816 qnando,
910 3755 971 3817 quo
991 3733 1140 3798 existente
1159 3733 1384 3798 accidentaliter

279 3847 395 3930 patitur
402 3871 413 3924 3
435 3844 503 3908 ideo
518 3844 633 3926 quondo
648 3851 679 3906 et
692 3843 744 3906 abi
757 3842 955 3908 accidentalia
970 3853 1043 3908 sunt
1058 3844 1272 3929 inseparabilia
1282 3855 1313 3909 et
1323 3845 1381 3908 sibi

278 3958 493 4034 coinexistunt,
508 3966 539 4020 et
559 3955 617 4019 hoc
637 3954 728 4018 modo
743 3954 819 4020 dant
833 3955 984 4019 unitatem
1000 3956 1082 4020 actui
1097 3957 1292 4022 accidentali:
1316 3957 1379 4035 sed,

279 4077 314 4132 ut
328 4067 533 4146 accidentalia,
549 4074 694 4150 poterunt
709 4065 766 4130 sub
782 4067 898 4131 diversa
913 4067 1031 4131 ratione
1046 4067 1106 4130 sibi
1121 4067 1317 4132 coinerristere
1339 4068 1378 4131 ob

280 4181 413 4244 diversas
427 4178 689 4242 denominationes
703 4178 741 4242 ab
757 4187 841 4243 extra
855 4187 1004 4262 acceptae.

323 4291 405 4355 Hinc
434 4289 579 4374 sequitur,
605 4291 721 4373 quando
751 4291 933 4356 accidentale
959 4313 1019 4355 non
1047 4313 1112 4355 esse
1138 4291 1236 4355 solum
1264 4293 1379 4375 quondo
