3200 4975
265 336 332 399 392
666 358 708 401 nn
724 358 978 401 accrnnnrraus.
1216 336 1299 420 [err.
1316 355 1373 397 111.

308 521 361 584 8³.
387 522 514 585 Obiicicc
528 524 572 585 3⁰.
597 522 631 586 Si
646 522 772 587 materia
785 532 817 586 et
833 510 930 586 forma
949 523 1038 607 panis
1061 530 1272 587 sustentantur
1294 544 1371 605 quo·

265 631 432 697 modolibet
454 657 473 696 a
495 655 618 718 corpore
648 632 773 711 Christi,
795 654 859 697 non
890 634 969 697 fiunt
998 656 1108 718 corpus
1140 632 1275 711 Christi,
1298 656 1372 696 nam

265 742 349 827 quod
378 753 531 808 sustentat
563 745 664 809 differt
693 744 731 808 ab
761 766 797 807 eo
827 743 909 829 quod
944 752 1142 808 sustentatur.
1195 744 1278 827 Ergo
1307 765 1371 807 nou

267 855 400 919 salvatur
414 856 490 920 fides
504 858 543 921 de
557 858 616 921 hoc
631 858 785 944 mysterio.

310 966 492 1050 Respondeo
513 969 582 1031 dist.
606 976 668 1031 ant.
691 990 754 1032 non
783 968 864 1031 fiunt
893 990 1003 1053 corpus
1026 966 1142 1031 Christi
1164 966 1196 1030 in
1219 976 1369 1051 quantum

267 1074 382 1139 habent
402 1077 551 1142 rationem
573 1087 692 1145 naturae
713 1104 739 1144 c.
762 1088 835 1157 ant,
857 1080 890 1143 in
912 1088 1063 1165 quantum
1085 1078 1200 1143 habent
1223 1080 1371 1143 rationem

267 1186 445 1253 substantia
459 1213 488 1253 a.
504 1199 566 1254 ont.
582 1199 612 1254 et
633 1212 773 1254 concessa
795 1190 913 1253 ratione
930 1213 958 1253 a.
976 1212 1053 1254 coos.
1100 1188 1191 1253 Fides
1205 1212 1268 1252 non
1283 1188 1371 1253 docet

266 1306 404 1362 naturam
425 1300 513 1383 panis
534 1301 645 1383 mutari
666 1302 699 1364 in
714 1323 825 1385 eorpus
842 1298 967 1378 Christi,
984 1300 1036 1363 sed
1051 1301 1244 1363 substantiam
1263 1299 1368 1383 panis:

268 1418 299 1471 et
321 1409 389 1473 ideo
412 1412 541 1475 mutatio
562 1412 617 1475 illa
635 1420 759 1476 vocatur
782 1414 1080 1489 transsubstantiatio,
1104 1434 1166 1475 non
1183 1434 1252 1475 vero
1275 1420 1370 1475 trans-

269 1523 430 1585 actor-atio.
476 1521 569 1598 Quod
597 1531 698 1586 autem
724 1531 836 1586 natura
865 1530 985 1586 mancat
1015 1522 1130 1601 eadem,
1157 1530 1274 1585 mutata
1298 1521 1369 1584 sub-

268 1632 390 1711 stantia,
421 1642 541 1697 constat
566 1657 602 1697 ex
625 1656 661 1698 eo
687 1634 768 1719 quod
794 1656 858 1697 non
881 1635 934 1699 fiat
959 1633 990 1697 in
1015 1634 1240 1697 consecratione
1270 1632 1370 1716 aliqua

269 1745 459 1823 annihilatio,
474 1767 530 1809 nec
544 1745 709 1829 generatio,
724 1767 781 1809 nec
795 1746 959 1830 corruptio.
1004 1744 1105 1809 Verba
1119 1744 1201 1808 enim
1216 1766 1369 1808 eonsecra-

270 1856 379 1920 tionis:
404 1857 478 1921 Hoc
500 1878 559 1921 asu
581 1878 706 1921 cousus
737 1878 838 1921 nean
868 1880 930 1921 non
962 1857 1153 1941 significant:
1177 1859 1236 1920 bac
1264 1864 1370 1919 natura

269 1970 426 2051 composita
447 1971 490 2031 sic
511 1969 558 2032 acl
576 1972 629 2047 sic,
651 1970 810 2033 athabeos
839 1968 913 2033 tales
934 1969 981 2032 ool
1002 1970 1075 2033 tales
1097 1970 1305 2052 proprietates,
1327 1975 1371 2030 est

268 2100 372 2161 corpus
385 2101 497 2142 mcum:
521 2078 575 2142 sed
590 2079 781 2162 significant:
805 2082 865 2143 bac
878 2081 1042 2144 substantia
1056 2079 1113 2142 sub
1135 2078 1270 2142 sensibili
1284 2078 1371 2161 panis

270 2197 379 2251 natura
407 2188 506 2252 latens
528 2197 572 2252 cst
594 2212 698 2273 emptas
725 2212 829 2253 mcum.
876 2190 926 2254 Sic
951 2190 1047 2274 igitur
1077 2190 1203 2253 materia
1224 2198 1255 2253 et
1277 2190 1373 2252 fornia
1433 2207 1435 2210 ·

269 2300 366 2383 panis,
382 2308 413 2363 et
428 2300 617 2384 singularum
637 2282 772 2384 partium
791 2302 890 2385 panis,
905 2301 938 2364 in
953 2310 1103 2387 quantum
1125 2302 1232 2365 dicunt
1246 2300 1373 2385 passivi·

268 2420 363 2476 tatem
379 2421 432 2476 aut
448 2413 631 2477 nativitatem
646 2435 709 2476 non
724 2421 902 2477 mutantur:
925 2412 1007 2477 unde
1029 2427 1132 2477 manet
1154 2422 1264 2477 natura
1286 2414 1374 2498 panis

270 2524 398 2608 spoliata
432 2548 488 2588 sua
521 2525 643 2610 propria
676 2525 793 2589 ratione
828 2524 1022 2590 substantiae:
1052 2535 1083 2588 et
1112 2525 1170 2589 hoe
1199 2533 1246 2589 est
1276 2535 1373 2590 troas·

267 2639 469 2702 adstantiori.

314 2751 413 2814 Dices.
444 2749 564 2812 Natura
586 2749 673 2833 panis
695 2757 726 2813 et
749 2747 919 2812 substantia
943 2748 1031 2832 panis
1053 2769 1172 2831 semper
1194 2747 1376 2830 significavit

231 2854 235 2860 ⁵
271 2883 367 2923 unum
394 2868 425 2923 et
449 2859 550 2936 idem,
574 2882 669 2944 quum
700 2867 811 2923 natura
839 2859 927 2942 panis
958 2859 998 2922 sit
1026 2858 1244 2921 substantialis.
1289 2859 1374 2940 Ergo

269 2971 392 3055 quando
417 2969 553 3034 Ecclesia
579 2969 715 3034 definivit
744 2968 1130 3047 transsubstantiationem,
1160 2968 1374 3052 aequivalenter

272 3083 408 3148 definivit
422 3081 733 3145 transnaturationem
748 3079 936 3144 substantiae.

315 3194 497 3278 Respondeo
523 3194 591 3256 dist.
618 3201 680 3256 aot.
706 3201 816 3255 natura
841 3192 930 3276 panis
955 3199 1047 3276 prout
1073 3191 1258 3275 supponitur
1283 3191 1316 3253 in
1343 3213 1375 3254 se

271 3306 371 3392 primo
386 3304 551 3366 subsistere
565 3326 590 3366 c.
607 3311 680 3379 aot,
691 3311 783 3386 prout
798 3300 837 3365 ab
852 3302 911 3365 alio
926 3301 1091 3365 sustentari
1106 3301 1375 3385 supernaturaliter

271 3424 417 3502 potesta.
433 3423 495 3478 ant.
517 3422 547 3477 et
566 3436 643 3476 cons.
689 3413 805 3476 Verum
825 3421 871 3476 est
891 3413 974 3496 quod
993 3412 1196 3476 communiter
1214 3420 1325 3475 natura
1344 3423 1374 3475 et

272 3525 443 3592 substantia
465 3523 691 3607 accipiebantur
711 3545 767 3607 pro
788 3524 914 3587 eodem:
938 3522 992 3586 sed
1012 3522 1140 3586 dicendo
1160 3529 1302 3585 naturam
1318 3544 1375 3606 pro

273 3636 454 3714 substantia,
473 3635 688 3699 includebatur
707 3637 740 3698 in
754 3644 864 3699 natura
878 3637 956 3698 ratio
972 3635 1083 3698 essendi
1099 3637 1130 3696 iro
1144 3637 1293 3716 reprimo,
1309 3634 1374 3697 sine

273 3776 334 3838 qua
349 3747 520 3814 substantia
539 3769 602 3809 non
620 3745 761 3809 habetur.
807 3745 960 3809 Potuisset
980 3767 1052 3828 ergo
1071 3743 1208 3808 Ecclesia
1227 3745 1274 3807 uti
1289 3767 1375 3808 voca·

272 3866 346 3931 bulo
366 3859 645 3925 transnataratioais
659 3857 699 3920 ad
714 3856 910 3920 indicandum
933 3856 1015 3941 quod
1035 3864 1146 3918 natura
1161 3855 1248 3940 panis
1264 3857 1374 3920 transi·

274 3985 321 4040 ret
339 3974 378 4038 ad
397 3973 491 4036 alium
514 3978 639 4047 statum,
662 3969 694 4031 in
717 3990 779 4052 quo
800 3968 969 4051 privaretur
990 3969 1105 4031 ratione
1128 3967 1247 4030 essendi
1269 3968 1302 4030 in
1325 3951 1375 4032 se:

274 4088 327 4152 sed
352 4083 531 4149 vocabulum
562 4079 711 4144 eiusmodi
740 4078 875 4143 studiose
900 4080 1015 4158 vitavit,
1045 4102 1084 4142 ne
1114 4079 1198 4142 daret
1228 4079 1376 4142 motivum

274 4195 458 4282 suspicandi,
479 4200 591 4277 praeter
612 4191 813 4255 substantiam
838 4194 948 4254 mutari
970 4191 1069 4276 ipsam
1090 4199 1250 4255 naturam:
1274 4199 1304 4254 et
1323 4213 1375 4254 ne-

275 4307 438 4375 cessarium
454 4303 550 4382 duxit,
568 4303 700 4387 Spiritus
716 4302 821 4366 Sancti
837 4302 941 4382 ductu,
955 4325 1054 4366 creare
1069 4325 1181 4366 novum
1195 4302 1376 4368 vocabulum
