<?xml version="1.0" encoding="UTF-8"?>
<!DOCTYPE html PUBLIC "-//W3C//DTD XHTML 1.0 Transitional//EN"
    "http://www.w3.org/TR/xhtml1/DTD/xhtml1-transitional.dtd">
<html xmlns="http://www.w3.org/1999/xhtml" xml:lang="en" lang="en">
 <head>
  <title>
</title>
<meta http-equiv="Content-Type" content="text/html;charset=utf-8" />
  <meta name='ocr-system' content='tesseract 3.04.00' />
  <meta name='ocr-capabilities' content='ocr_page ocr_carea ocr_par ocr_line ocrx_word'/>
</head>
<body>
  <div class='ocr_page' id='page_1' title='image "./realisphilosoph02baymgoog_0190.png"; bbox 0 0 3200 4975; ppageno 0'>
   <div class='ocr_carea' id='block_1_1' title="bbox 275 348 1375 434">
    <p class='ocr_par' dir='ltr' id='par_1_1' title="bbox 275 348 1375 434">
     <span class='ocr_line' id='line_1_1' title="bbox 275 348 1375 434; baseline -0.002 -22"><span class='ocrx_word' id='word_1_1' title='bbox 275 350 338 413; x_wconf 81' lang='lat'><strong>176</strong></span> <span class='ocrx_word' id='word_1_2' title='bbox 729 369 772 412; x_wconf 86' lang='lat' dir='ltr'><strong>nu</strong></span> <span class='ocrx_word' id='word_1_3' title='bbox 790 369 936 414; x_wconf 82' lang='lat' dir='ltr'><strong>uouruu.</strong></span> <span class='ocrx_word' id='word_1_4' title='bbox 1171 381 1174 387; x_wconf 95' lang='lat'>·</span> <span class='ocrx_word' id='word_1_5' title='bbox 1233 348 1321 434; x_wconf 74' lang='lat' dir='ltr'><strong>[aar.</strong></span> <span class='ocrx_word' id='word_1_6' title='bbox 1339 368 1375 410; x_wconf 88' lang='lat'><strong>11.</strong></span> 
     </span>
    </p>
   </div>
   <div class='ocr_carea' id='block_1_2' title="bbox 260 533 1386 3413">
    <p class='ocr_par' dir='ltr' id='par_1_2' title="bbox 274 533 1380 1158">
     <span class='ocr_line' id='line_1_2' title="bbox 274 533 1376 620; baseline -0.001 -22"><span class='ocrx_word' id='word_1_7' title='bbox 274 535 435 599; x_wconf 74' lang='lat' dir='ltr'><strong>stantialis.</strong></span> <span class='ocrx_word' id='word_1_8' title='bbox 479 535 563 620; x_wconf 81' lang='lat' dir='ltr'><strong>Ergo</strong></span> <span class='ocrx_word' id='word_1_9' title='bbox 586 534 769 620; x_wconf 84' lang='lat' dir='ltr'><strong>principium</strong></span> <span class='ocrx_word' id='word_1_10' title='bbox 792 536 909 600; x_wconf 84' lang='lat' dir='ltr'><strong>habens</strong></span> <span class='ocrx_word' id='word_1_11' title='bbox 931 534 1146 599; x_wconf 76' lang='lat' dir='ltr'><strong>conscientiam</strong></span> <span class='ocrx_word' id='word_1_12' title='bbox 1168 535 1215 598; x_wconf 90' lang='lat' dir='ltr'><strong>sui</strong></span> <span class='ocrx_word' id='word_1_13' title='bbox 1237 543 1284 597; x_wconf 89' lang='lat' dir='ltr'><strong>est</strong></span> <span class='ocrx_word' id='word_1_14' title='bbox 1305 533 1376 597; x_wconf 91' lang='lat' dir='ltr'><strong>snb·</strong></span> 
     </span>
     <span class='ocr_line' id='line_1_3' title="bbox 274 645 1378 733; baseline -0.003 -23"><span class='ocrx_word' id='word_1_15' title='bbox 274 647 394 712; x_wconf 88' lang='lat' dir='ltr'><strong>stantia.</strong></span> <span class='ocrx_word' id='word_1_16' title='bbox 441 647 560 711; x_wconf 89' lang='lat' dir='ltr'><strong>Ultima</strong></span> <span class='ocrx_word' id='word_1_17' title='bbox 569 647 670 711; x_wconf 90' lang='lat' dir='ltr'><strong>minor</strong></span> <span class='ocrx_word' id='word_1_18' title='bbox 685 655 769 732; x_wconf 86' lang='lat' dir='ltr'><strong>patet</strong></span> <span class='ocrx_word' id='word_1_19' title='bbox 781 669 819 710; x_wconf 84' lang='lat' dir='ltr'><strong>ex</strong></span> <span class='ocrx_word' id='word_1_20' title='bbox 830 670 866 712; x_wconf 89' lang='lat' dir='ltr'><strong>eo</strong></span> <span class='ocrx_word' id='word_1_21' title='bbox 878 646 961 733; x_wconf 91' lang='lat' dir='ltr'><strong>quod</strong></span> <span class='ocrx_word' id='word_1_22' title='bbox 976 647 1075 711; x_wconf 89' lang='lat' dir='ltr'><strong>omnis</strong></span> <span class='ocrx_word' id='word_1_23' title='bbox 1089 657 1176 711; x_wconf 86' lang='lat' dir='ltr'><strong>actus</strong></span> <span class='ocrx_word' id='word_1_24' title='bbox 1185 645 1378 710; x_wconf 78' lang='lat' dir='ltr'><strong>accidentalis</strong></span> 
     </span>
     <span class='ocr_line' id='line_1_4' title="bbox 274 755 1379 840; baseline 0 -22"><span class='ocrx_word' id='word_1_25' title='bbox 274 755 420 840; x_wconf 81' lang='lat' dir='ltr'><strong>recipitur</strong></span> <span class='ocrx_word' id='word_1_26' title='bbox 443 756 661 821; x_wconf 71' lang='lat' dir='ltr'><strong>accidentaliter</strong></span> <span class='ocrx_word' id='word_1_27' title='bbox 688 757 723 819; x_wconf 91' lang='lat' dir='ltr'><strong>in</strong></span> <span class='ocrx_word' id='word_1_28' title='bbox 749 765 830 837; x_wconf 94' lang='lat' dir='ltr'><strong>ente,</strong></span> <span class='ocrx_word' id='word_1_29' title='bbox 857 766 888 820; x_wconf 90' lang='lat' dir='ltr'><strong>et</strong></span> <span class='ocrx_word' id='word_1_30' title='bbox 912 757 1028 820; x_wconf 82' lang='lat' dir='ltr'><strong>aliunde</strong></span> <span class='ocrx_word' id='word_1_31' title='bbox 1057 755 1102 820; x_wconf 93' lang='lat' dir='ltr'><strong>illi</strong></span> <span class='ocrx_word' id='word_1_32' title='bbox 1125 755 1265 821; x_wconf 86' lang='lat' dir='ltr'><strong>advenit:</strong></span> <span class='ocrx_word' id='word_1_33' title='bbox 1296 755 1379 840; x_wconf 91' lang='lat' dir='ltr'><strong>quod</strong></span> 
     </span>
     <span class='ocr_line' id='line_1_5' title="bbox 275 867 1378 954; baseline -0.003 -22"><span class='ocrx_word' id='word_1_34' title='bbox 275 878 377 932; x_wconf 91' lang='lat' dir='ltr'><strong>autem</strong></span> <span class='ocrx_word' id='word_1_35' title='bbox 400 891 455 932; x_wconf 89' lang='lat' dir='ltr'><strong>ens</strong></span> <span class='ocrx_word' id='word_1_36' title='bbox 478 891 596 953; x_wconf 88' lang='lat' dir='ltr'><strong>semper</strong></span> <span class='ocrx_word' id='word_1_37' title='bbox 618 867 710 933; x_wconf 89' lang='lat' dir='ltr'><strong>habet</strong></span> <span class='ocrx_word' id='word_1_38' title='bbox 732 869 765 933; x_wconf 89' lang='lat' dir='ltr'><strong>in</strong></span> <span class='ocrx_word' id='word_1_39' title='bbox 788 891 821 932; x_wconf 86' lang='lat' dir='ltr'><strong>se</strong></span> <span class='ocrx_word' id='word_1_40' title='bbox 843 869 910 954; x_wconf 86' lang='lat' dir='ltr'><strong>ipso</strong></span> <span class='ocrx_word' id='word_1_41' title='bbox 929 878 960 933; x_wconf 94' lang='lat' dir='ltr'><strong>et</strong></span> <span class='ocrx_word' id='word_1_42' title='bbox 982 869 1099 933; x_wconf 86' lang='lat' dir='ltr'><strong>ratione</strong></span> <span class='ocrx_word' id='word_1_43' title='bbox 1122 867 1178 946; x_wconf 90' lang='lat' dir='ltr'><strong>sui,</strong></span> <span class='ocrx_word' id='word_1_44' title='bbox 1193 867 1272 931; x_wconf 89' lang='lat' dir='ltr'><strong>illud</strong></span> <span class='ocrx_word' id='word_1_45' title='bbox 1287 889 1378 930; x_wconf 88' lang='lat' dir='ltr'><strong>num·</strong></span> 
     </span>
     <span class='ocr_line' id='line_1_6' title="bbox 275 978 1380 1066; baseline -0.001 -23"><span class='ocrx_word' id='word_1_46' title='bbox 275 1002 367 1064; x_wconf 87' lang='lat' dir='ltr'><strong>quarn</strong></span> <span class='ocrx_word' id='word_1_47' title='bbox 391 979 618 1045; x_wconf 81' lang='lat' dir='ltr'><strong>accidentaliter</strong></span> <span class='ocrx_word' id='word_1_48' title='bbox 634 979 668 1044; x_wconf 89' lang='lat' dir='ltr'><strong>in</strong></span> <span class='ocrx_word' id='word_1_49' title='bbox 693 1003 728 1044; x_wconf 92' lang='lat' dir='ltr'><strong>eo</strong></span> <span class='ocrx_word' id='word_1_50' title='bbox 752 980 907 1066; x_wconf 88' lang='lat' dir='ltr'><strong>recipitur,</strong></span> <span class='ocrx_word' id='word_1_51' title='bbox 923 1003 1019 1066; x_wconf 91' lang='lat' dir='ltr'><strong>quum</strong></span> <span class='ocrx_word' id='word_1_52' title='bbox 1046 989 1177 1065; x_wconf 87' lang='lat' dir='ltr'><strong>nequeat</strong></span> <span class='ocrx_word' id='word_1_53' title='bbox 1203 979 1232 1043; x_wconf 92' lang='lat' dir='ltr'><strong>ei</strong></span> <span class='ocrx_word' id='word_1_54' title='bbox 1257 978 1380 1043; x_wconf 87' lang='lat' dir='ltr'><strong>aliunde</strong></span> 
     </span>
     <span class='ocr_line' id='line_1_7' title="bbox 275 1090 428 1158; baseline 0.033 -5"><span class='ocrx_word' id='word_1_55' title='bbox 275 1090 428 1158; x_wconf 81' lang='lat' dir='ltr'><strong>advenire.</strong></span> 
     </span>
    </p>

    <p class='ocr_par' dir='ltr' id='par_1_3' title="bbox 260 1201 1386 3413">
     <span class='ocr_line' id='line_1_8' title="bbox 319 1201 1380 1287; baseline -0.001 -21"><span class='ocrx_word' id='word_1_56' title='bbox 319 1202 431 1282; x_wconf 83' lang='lat' dir='ltr'><strong>Tertio,</strong></span> <span class='ocrx_word' id='word_1_57' title='bbox 447 1202 581 1267; x_wconf 87' lang='lat' dir='ltr'><strong>animam</strong></span> <span class='ocrx_word' id='word_1_58' title='bbox 605 1203 769 1268; x_wconf 85' lang='lat' dir='ltr'><strong>humanam</strong></span> <span class='ocrx_word' id='word_1_59' title='bbox 796 1210 829 1268; x_wconf 90' lang='lat' dir='ltr'><strong>et</strong></span> <span class='ocrx_word' id='word_1_60' title='bbox 851 1225 916 1267; x_wconf 84' lang='lat' dir='ltr'><strong>esse</strong></span> <span class='ocrx_word' id='word_1_61' title='bbox 940 1201 1147 1287; x_wconf 83' lang='lat' dir='ltr'><strong>incorpoream</strong></span> <span class='ocrx_word' id='word_1_62' title='bbox 1170 1211 1201 1266; x_wconf 91' lang='lat' dir='ltr'><strong>et</strong></span> <span class='ocrx_word' id='word_1_63' title='bbox 1221 1225 1286 1266; x_wconf 85' lang='lat' dir='ltr'><strong>esse</strong></span> <span class='ocrx_word' id='word_1_64' title='bbox 1307 1201 1380 1265; x_wconf 90' lang='lat' dir='ltr'><strong>sub·</strong></span> 
     </span>
     <span class='ocr_line' id='line_1_9' title="bbox 277 1313 1378 1399; baseline 0 -22"><span class='ocrx_word' id='word_1_65' title='bbox 277 1315 420 1379; x_wconf 84' lang='lat' dir='ltr'><strong>stantiam</strong></span> <span class='ocrx_word' id='word_1_66' title='bbox 442 1315 485 1378; x_wconf 86' lang='lat' dir='ltr'><strong>sic</strong></span> <span class='ocrx_word' id='word_1_67' title='bbox 504 1315 639 1379; x_wconf 88' lang='lat' dir='ltr'><strong>ostendit</strong></span> <span class='ocrx_word' id='word_1_68' title='bbox 655 1316 687 1379; x_wconf 86' lang='lat' dir='ltr'><strong>S.</strong></span> <span class='ocrx_word' id='word_1_69' title='bbox 704 1315 837 1378; x_wconf 87' lang='lat' dir='ltr'><strong>Thomas</strong></span> <span class='ocrx_word' id='word_1_70' title='bbox 853 1337 890 1378; x_wconf 86' lang='lat' dir='ltr'><strong>ex</strong></span> <span class='ocrx_word' id='word_1_71' title='bbox 904 1313 969 1378; x_wconf 89' lang='lat' dir='ltr'><strong>eius</strong></span> <span class='ocrx_word' id='word_1_72' title='bbox 984 1313 1225 1379; x_wconf 86' lang='lat' dir='ltr'><strong>intellectivitste</strong></span> <span class='ocrx_word' id='word_1_73' title='bbox 1243 1315 1285 1398; x_wconf 84' lang='lat' dir='ltr'><strong>(p.</strong></span> <span class='ocrx_word' id='word_1_74' title='bbox 1303 1318 1332 1378; x_wconf 90' lang='lat'><strong>1.</strong></span> <span class='ocrx_word' id='word_1_75' title='bbox 1349 1337 1378 1399; x_wconf 93' lang='lat' dir='ltr'><strong>q.</strong></span> 
     </span>
     <span class='ocr_line' id='line_1_10' title="bbox 278 1427 1366 1511; baseline -0.002 -20"><span class='ocrx_word' id='word_1_76' title='bbox 278 1430 330 1491; x_wconf 87' lang='grc'><strong>75.</strong></span> <span class='ocrx_word' id='word_1_77' title='bbox 346 1449 373 1491; x_wconf 88' lang='lat' dir='ltr'><strong>a.</strong></span> <span class='ocrx_word' id='word_1_78' title='bbox 390 1429 443 1511; x_wconf 78' lang='lat'><strong>2):</strong></span> <span class='ocrx_word' id='word_1_79' title='bbox 467 1428 592 1491; x_wconf 82' lang='lat' dir='ltr'><strong>Necesse</strong></span> <span class='ocrx_word' id='word_1_80' title='bbox 614 1436 658 1492; x_wconf 89' lang='lat' dir='ltr'><strong>est</strong></span> <span class='ocrx_word' id='word_1_81' title='bbox 675 1428 778 1506; x_wconf 87' lang='lat' dir='ltr'><strong>dicere,</strong></span> <span class='ocrx_word' id='word_1_82' title='bbox 795 1428 828 1490; x_wconf 88' lang='lat' dir='ltr'><strong>id</strong></span> <span class='ocrx_word' id='word_1_83' title='bbox 840 1428 919 1511; x_wconf 85' lang='lat' dir='ltr'><strong>quod</strong></span> <span class='ocrx_word' id='word_1_84' title='bbox 931 1436 975 1492; x_wconf 90' lang='lat' dir='ltr'><strong>est</strong></span> <span class='ocrx_word' id='word_1_85' title='bbox 983 1429 1163 1511; x_wconf 76' lang='lat' dir='ltr'><strong>principium</strong></span> <span class='ocrx_word' id='word_1_86' title='bbox 1177 1427 1356 1492; x_wconf 76' lang='lat' dir='ltr'><strong>intellectuat</strong></span> <span class='ocrx_word' id='word_1_87' title='bbox 1361 1429 1366 1440; x_wconf 91' lang='lat'>&#39;</span> 
     </span>
     <span class='ocr_line' id='line_1_11' title="bbox 275 1539 1380 1622; baseline -0.001 -21"><span class='ocrx_word' id='word_1_88' title='bbox 275 1539 462 1621; x_wconf 79' lang='lat' dir='ltr'><strong>operationis,</strong></span> <span class='ocrx_word' id='word_1_89' title='bbox 475 1539 554 1622; x_wconf 82' lang='lat' dir='ltr'><strong>quod</strong></span> <span class='ocrx_word' id='word_1_90' title='bbox 559 1541 680 1603; x_wconf 79' lang='lat' dir='ltr'><strong>dicimus</strong></span> <span class='ocrx_word' id='word_1_91' title='bbox 691 1542 818 1602; x_wconf 89' lang='lat' dir='ltr'><strong>animam</strong></span> <span class='ocrx_word' id='word_1_92' title='bbox 832 1539 966 1618; x_wconf 79' lang='lat' dir='ltr'><strong>laminis,</strong></span> <span class='ocrx_word' id='word_1_93' title='bbox 976 1559 1036 1602; x_wconf 85' lang='lat' dir='ltr'><strong>esse</strong></span> <span class='ocrx_word' id='word_1_94' title='bbox 1051 1539 1193 1622; x_wconf 82' lang='lat' dir='ltr'><strong>quoddam</strong></span> <span class='ocrx_word' id='word_1_95' title='bbox 1200 1540 1380 1622; x_wconf 82' lang='lat' dir='ltr'><strong>principium</strong></span> 
     </span>
     <span class='ocr_line' id='line_1_12' title="bbox 275 1651 1381 1734; baseline 0.002 -22"><span class='ocrx_word' id='word_1_96' title='bbox 275 1651 476 1733; x_wconf 76' lang='lat' dir='ltr'><strong>incorporeum</strong></span> <span class='ocrx_word' id='word_1_97' title='bbox 498 1658 527 1715; x_wconf 91' lang='lat' dir='ltr'><strong>et</strong></span> <span class='ocrx_word' id='word_1_98' title='bbox 548 1651 716 1714; x_wconf 78' lang='lat' dir='ltr'><strong>mbsistens.</strong></span> <span class='ocrx_word' id='word_1_99' title='bbox 761 1651 960 1734; x_wconf 80' lang='lat' dir='ltr'><strong>Manifestum</strong></span> <span class='ocrx_word' id='word_1_100' title='bbox 981 1660 1025 1715; x_wconf 88' lang='lat' dir='ltr'><strong>est</strong></span> <span class='ocrx_word' id='word_1_101' title='bbox 1040 1652 1125 1730; x_wconf 84' lang='lat' dir='ltr'><strong>enim,</strong></span> <span class='ocrx_word' id='word_1_102' title='bbox 1141 1651 1219 1734; x_wconf 84' lang='lat' dir='ltr'><strong>quad</strong></span> <span class='ocrx_word' id='word_1_103' title='bbox 1232 1652 1315 1714; x_wconf 80' lang='grc' dir='ltr'><em>Ιιοννιο</em></span> <span class='ocrx_word' id='word_1_104' title='bbox 1323 1673 1381 1734; x_wconf 88' lang='lat' dir='ltr'><strong>per</strong></span> 
     </span>
     <span class='ocr_line' id='line_1_13' title="bbox 277 1762 1384 1846; baseline 0.001 -22"><span class='ocrx_word' id='word_1_105' title='bbox 277 1762 455 1825; x_wconf 87' lang='lat' dir='ltr'><strong>intellectum</strong></span> <span class='ocrx_word' id='word_1_106' title='bbox 475 1785 643 1846; x_wconf 81' lang='lat' dir='ltr'><strong>capnoscere</strong></span> <span class='ocrx_word' id='word_1_107' title='bbox 658 1770 759 1846; x_wconf 88' lang='lat' dir='ltr'><strong>potest</strong></span> <span class='ocrx_word' id='word_1_108' title='bbox 780 1771 918 1826; x_wconf 85' lang='lat' dir='ltr'><strong>naturam</strong></span> <span class='ocrx_word' id='word_1_109' title='bbox 941 1765 1067 1826; x_wconf 86' lang='lat' dir='ltr'><strong>omnium</strong></span> <span class='ocrx_word' id='word_1_110' title='bbox 1089 1785 1250 1846; x_wconf 78' lang='lat' dir='ltr'><strong>empnam.</strong></span> <span class='ocrx_word' id='word_1_111' title='bbox 1279 1789 1281 1796; x_wconf 65' lang='grc'><em>’</em></span> <span class='ocrx_word' id='word_1_112' title='bbox 1298 1763 1384 1837; x_wconf 83' lang='lat' dir='ltr'><strong>Quod</strong></span> 
     </span>
     <span class='ocr_line' id='line_1_14' title="bbox 278 1873 1381 1957; baseline 0.001 -22"><span class='ocrx_word' id='word_1_113' title='bbox 278 1881 375 1935; x_wconf 90' lang='lat' dir='ltr'><strong>autem</strong></span> <span class='ocrx_word' id='word_1_114' title='bbox 390 1880 491 1956; x_wconf 86' lang='lat' dir='ltr'><strong>potest</strong></span> <span class='ocrx_word' id='word_1_115' title='bbox 513 1895 681 1957; x_wconf 82' lang='lat' dir='ltr'><strong>capnoseere</strong></span> <span class='ocrx_word' id='word_1_116' title='bbox 702 1874 814 1956; x_wconf 77' lang='lat' dir='ltr'><strong>aliqua,</strong></span> <span class='ocrx_word' id='word_1_117' title='bbox 830 1881 944 1956; x_wconf 81' lang='lat' dir='ltr'><strong>oportet</strong></span> <span class='ocrx_word' id='word_1_118' title='bbox 965 1881 999 1936; x_wconf 89' lang='lat' dir='ltr'><strong>ut</strong></span> <span class='ocrx_word' id='word_1_119' title='bbox 1020 1873 1096 1936; x_wconf 79' lang='lat' dir='ltr'><strong>nihil</strong></span> <span class='ocrx_word' id='word_1_120' title='bbox 1115 1896 1213 1938; x_wconf 83' lang='lat' dir='ltr'><strong>eoram</strong></span> <span class='ocrx_word' id='word_1_121' title='bbox 1231 1875 1335 1938; x_wconf 79' lang='lat' dir='ltr'><strong>habeat</strong></span> <span class='ocrx_word' id='word_1_122' title='bbox 1350 1876 1381 1936; x_wconf 85' lang='lat' dir='ltr'><strong>in</strong></span> 
     </span>
     <span class='ocr_line' id='line_1_15' title="bbox 277 1985 1381 2070; baseline 0 -22"><span class='ocrx_word' id='word_1_123' title='bbox 277 2007 331 2048; x_wconf 78' lang='lat' dir='ltr'><strong>naa</strong></span> <span class='ocrx_word' id='word_1_124' title='bbox 353 1993 470 2066; x_wconf 85' lang='lat' dir='ltr'><strong>natura,</strong></span> <span class='ocrx_word' id='word_1_125' title='bbox 486 1987 556 2068; x_wconf 86' lang='lat' dir='ltr'><strong>quia</strong></span> <span class='ocrx_word' id='word_1_126' title='bbox 575 1985 651 2048; x_wconf 90' lang='lat' dir='ltr'><strong>illud</strong></span> <span class='ocrx_word' id='word_1_127' title='bbox 663 1986 743 2069; x_wconf 83' lang='lat' dir='ltr'><strong>quad</strong></span> <span class='ocrx_word' id='word_1_128' title='bbox 754 1987 860 2050; x_wconf 86' lang='lat' dir='ltr'><strong>inesset</strong></span> <span class='ocrx_word' id='word_1_129' title='bbox 874 1986 902 2048; x_wconf 90' lang='lat' dir='ltr'><strong>ei</strong></span> <span class='ocrx_word' id='word_1_130' title='bbox 916 1985 1038 2048; x_wconf 87' lang='lat' dir='ltr'><strong>natural</strong></span> <span class='ocrx_word' id='word_1_131' title='bbox 1042 1986 1103 2064; x_wconf 78' lang='lat' dir='ltr'><strong>ter,</strong></span> <span class='ocrx_word' id='word_1_132' title='bbox 1118 1986 1268 2070; x_wconf 89' lang='lat' dir='ltr'><strong>impediret</strong></span> <span class='ocrx_word' id='word_1_133' title='bbox 1283 1988 1381 2070; x_wconf 82' lang='lat' dir='ltr'><strong>capui-</strong></span> 
     </span>
     <span class='ocr_line' id='line_1_16' title="bbox 277 2096 1380 2182; baseline 0.002 -22"><span class='ocrx_word' id='word_1_134' title='bbox 277 2099 384 2160; x_wconf 86' lang='lat' dir='ltr'><strong>tionem</strong></span> <span class='ocrx_word' id='word_1_135' title='bbox 398 2097 523 2161; x_wconf 67' lang='lat' dir='ltr'><strong>alarum</strong></span> <span class='ocrx_word' id='word_1_136' title='bbox 535 2125 545 2160; x_wconf 90' lang='lat'><em>:</em></span> <span class='ocrx_word' id='word_1_137' title='bbox 568 2099 645 2160; x_wconf 65' lang='lat' dir='ltr'><strong>aaut</strong></span> <span class='ocrx_word' id='word_1_138' title='bbox 659 2097 787 2160; x_wconf 86' lang='lat' dir='ltr'><strong>ridemus</strong></span> <span class='ocrx_word' id='word_1_139' title='bbox 801 2097 881 2180; x_wconf 85' lang='lat' dir='ltr'><strong>quad</strong></span> <span class='ocrx_word' id='word_1_140' title='bbox 892 2096 993 2181; x_wconf 80' lang='lat' dir='ltr'><strong>linpua</strong></span> <span class='ocrx_word' id='word_1_141' title='bbox 1008 2097 1127 2181; x_wconf 81' lang='lat' dir='ltr'><strong>infirmi,</strong></span> <span class='ocrx_word' id='word_1_142' title='bbox 1137 2121 1200 2181; x_wconf 78' lang='lat' dir='ltr'><strong>qua</strong></span> <span class='ocrx_word' id='word_1_143' title='bbox 1214 2099 1323 2182; x_wconf 86' lang='lat' dir='ltr'><strong>infecta</strong></span> <span class='ocrx_word' id='word_1_144' title='bbox 1338 2107 1380 2162; x_wconf 90' lang='lat' dir='ltr'><strong>est</strong></span> 
     </span>
     <span class='ocr_line' id='line_1_17' title="bbox 277 2199 1384 2292; baseline 0.001 -21"><span class='ocrx_word' id='word_1_145' title='bbox 277 2208 418 2271; x_wconf 63' lang='lat' dir='ltr'><strong>emuna</strong></span> <span class='ocrx_word' id='word_1_146' title='bbox 438 2216 467 2272; x_wconf 92' lang='lat' dir='ltr'><strong>et</strong></span> <span class='ocrx_word' id='word_1_147' title='bbox 489 2231 590 2272; x_wconf 87' lang='lat' dir='ltr'><strong>amara</strong></span> <span class='ocrx_word' id='word_1_148' title='bbox 611 2210 738 2286; x_wconf 80' lang='lat' dir='ltr'><strong>tumore,</strong></span> <span class='ocrx_word' id='word_1_149' title='bbox 753 2231 813 2272; x_wconf 86' lang='lat' dir='ltr'><strong>nan</strong></span> <span class='ocrx_word' id='word_1_150' title='bbox 821 2215 923 2291; x_wconf 88' lang='lat' dir='ltr'><strong>potest</strong></span> <span class='ocrx_word' id='word_1_151' title='bbox 931 2211 1084 2292; x_wconf 84' lang='lat' dir='ltr'><strong>percipere</strong></span> <span class='ocrx_word' id='word_1_152' title='bbox 1099 2209 1213 2292; x_wconf 86' lang='lat' dir='ltr'><strong>aliquid</strong></span> <span class='ocrx_word' id='word_1_153' title='bbox 1225 2199 1316 2289; x_wconf 85' lang='lat' dir='ltr'><strong>dulae,</strong></span> <span class='ocrx_word' id='word_1_154' title='bbox 1331 2210 1384 2274; x_wconf 87' lang='lat' dir='ltr'><strong>sed</strong></span> 
     </span>
     <span class='ocr_line' id='line_1_18' title="bbox 278 2321 1382 2404; baseline 0.002 -22"><span class='ocrx_word' id='word_1_155' title='bbox 278 2322 375 2382; x_wconf 90' lang='lat' dir='ltr'><strong>omnia</strong></span> <span class='ocrx_word' id='word_1_156' title='bbox 385 2321 678 2384; x_wconf 82' lang='lat' dir='ltr'><strong>uidentareiamuru.</strong></span> <span class='ocrx_word' id='word_1_157' title='bbox 724 2322 761 2383; x_wconf 84' lang='lat' dir='ltr'><strong>Si</strong></span> <span class='ocrx_word' id='word_1_158' title='bbox 771 2322 863 2403; x_wconf 85' lang='lat' dir='ltr'><strong>ipitur</strong></span> <span class='ocrx_word' id='word_1_159' title='bbox 868 2322 1049 2404; x_wconf 83' lang='lat' dir='ltr'><strong>principiam</strong></span> <span class='ocrx_word' id='word_1_160' title='bbox 1059 2321 1254 2386; x_wconf 85' lang='lat' dir='ltr'><strong>intellectuale</strong></span> <span class='ocrx_word' id='word_1_161' title='bbox 1264 2322 1382 2385; x_wconf 80' lang='lat' dir='ltr'><strong>liaberet</strong></span> 
     </span>
     <span class='ocr_line' id='line_1_19' title="bbox 278 2432 1382 2519; baseline 0.004 -25"><span class='ocrx_word' id='word_1_162' title='bbox 278 2432 310 2494; x_wconf 89' lang='lat' dir='ltr'><strong>in</strong></span> <span class='ocrx_word' id='word_1_163' title='bbox 318 2453 349 2495; x_wconf 86' lang='lat' dir='ltr'><strong>se</strong></span> <span class='ocrx_word' id='word_1_164' title='bbox 359 2440 496 2496; x_wconf 83' lang='lat' dir='ltr'><strong>naturam</strong></span> <span class='ocrx_word' id='word_1_165' title='bbox 505 2433 629 2499; x_wconf 81' lang='lat' dir='ltr'><strong>alicuius</strong></span> <span class='ocrx_word' id='word_1_166' title='bbox 638 2434 776 2516; x_wconf 74' lang='lat' dir='ltr'><strong>empuis,</strong></span> <span class='ocrx_word' id='word_1_167' title='bbox 787 2454 847 2496; x_wconf 88' lang='lat' dir='ltr'><strong>non</strong></span> <span class='ocrx_word' id='word_1_168' title='bbox 850 2441 952 2517; x_wconf 90' lang='lat' dir='ltr'><strong>posset</strong></span> <span class='ocrx_word' id='word_1_169' title='bbox 963 2434 1060 2497; x_wconf 87' lang='lat' dir='ltr'><strong>omnia</strong></span> <span class='ocrx_word' id='word_1_170' title='bbox 1071 2456 1194 2518; x_wconf 79' lang='lat' dir='ltr'><strong>corpora</strong></span> <span class='ocrx_word' id='word_1_171' title='bbox 1204 2455 1382 2519; x_wconf 80' lang='lat' dir='ltr'><strong>aopnascere.</strong></span> 
     </span>
     <span class='ocr_line' id='line_1_20' title="bbox 277 2544 1382 2631; baseline 0.005 -26"><span class='ocrx_word' id='word_1_172' title='bbox 277 2544 462 2628; x_wconf 72' lang='lat' dir='ltr'><strong>Impossibile</strong></span> <span class='ocrx_word' id='word_1_173' title='bbox 482 2553 527 2609; x_wconf 89' lang='lat' dir='ltr'><strong>est</strong></span> <span class='ocrx_word' id='word_1_174' title='bbox 548 2546 640 2629; x_wconf 79' lang='lat' dir='ltr'><strong>ipitar</strong></span> <span class='ocrx_word' id='word_1_175' title='bbox 661 2545 741 2629; x_wconf 86' lang='lat' dir='ltr'><strong>quad</strong></span> <span class='ocrx_word' id='word_1_176' title='bbox 748 2546 930 2630; x_wconf 85' lang='lat' dir='ltr'><strong>principium</strong></span> <span class='ocrx_word' id='word_1_177' title='bbox 944 2545 1138 2611; x_wconf 85' lang='lat' dir='ltr'><strong>intellectuale</strong></span> <span class='ocrx_word' id='word_1_178' title='bbox 1152 2550 1191 2611; x_wconf 86' lang='lat' dir='ltr'><strong>sit</strong></span> <span class='ocrx_word' id='word_1_179' title='bbox 1206 2569 1329 2631; x_wconf 78' lang='lat' dir='ltr'><strong>carpus:</strong></span> <span class='ocrx_word' id='word_1_180' title='bbox 1353 2556 1382 2611; x_wconf 88' lang='lat' dir='ltr'><strong>et</strong></span> 
     </span>
     <span class='ocr_line' id='line_1_21' title="bbox 260 2656 1380 2742; baseline 0 -23"><span class='ocrx_word' id='word_1_181' title='bbox 260 2657 412 2720; x_wconf 62' lang='lat' dir='ltr'><strong>‘similiter</strong></span> <span class='ocrx_word' id='word_1_182' title='bbox 429 2657 603 2741; x_wconf 83' lang='lat' dir='ltr'><strong>impossibile</strong></span> <span class='ocrx_word' id='word_1_183' title='bbox 624 2664 669 2721; x_wconf 86' lang='lat' dir='ltr'><strong>est</strong></span> <span class='ocrx_word' id='word_1_184' title='bbox 690 2657 769 2740; x_wconf 84' lang='lat' dir='ltr'><strong>quad</strong></span> <span class='ocrx_word' id='word_1_185' title='bbox 788 2656 934 2740; x_wconf 84' lang='lat' dir='ltr'><strong>intellipat</strong></span> <span class='ocrx_word' id='word_1_186' title='bbox 949 2680 1006 2741; x_wconf 86' lang='lat' dir='ltr'><strong>per</strong></span> <span class='ocrx_word' id='word_1_187' title='bbox 1028 2680 1168 2742; x_wconf 78' lang='lat' dir='ltr'><strong>arpanum</strong></span> <span class='ocrx_word' id='word_1_188' title='bbox 1190 2680 1380 2741; x_wconf 63' lang='lat' dir='ltr'><strong>corporeum</strong></span> 
     </span>
     <span class='ocr_line' id='line_1_22' title="bbox 278 2767 1383 2853; baseline -0.001 -21"><span class='ocrx_word' id='word_1_189' title='bbox 278 2771 349 2852; x_wconf 79' lang='lat' dir='ltr'><strong>quia</strong></span> <span class='ocrx_word' id='word_1_190' title='bbox 371 2777 479 2832; x_wconf 88' lang='lat' dir='ltr'><strong>natura</strong></span> <span class='ocrx_word' id='word_1_191' title='bbox 504 2770 695 2833; x_wconf 83' lang='lat' dir='ltr'><strong>determinata</strong></span> <span class='ocrx_word' id='word_1_192' title='bbox 719 2767 799 2831; x_wconf 90' lang='lat' dir='ltr'><strong>illius</strong></span> <span class='ocrx_word' id='word_1_193' title='bbox 821 2770 925 2851; x_wconf 83' lang='lat' dir='ltr'><strong>erponi</strong></span> <span class='ocrx_word' id='word_1_194' title='bbox 946 2770 1077 2851; x_wconf 82' lang='lat' dir='ltr'><strong>corporei</strong></span> <span class='ocrx_word' id='word_1_195' title='bbox 1095 2770 1264 2853; x_wconf 62' lang='lat' dir='ltr'><strong>peteteret</strong></span> <span class='ocrx_word' id='word_1_196' title='bbox 1284 2771 1383 2853; x_wconf 78' lang='lat' dir='ltr'><strong>capni-</strong></span> 
     </span>
     <span class='ocr_line' id='line_1_23' title="bbox 280 2879 1384 2964; baseline 0 -20"><span class='ocrx_word' id='word_1_197' title='bbox 280 2882 386 2944; x_wconf 85' lang='lat' dir='ltr'><strong>tionem</strong></span> <span class='ocrx_word' id='word_1_198' title='bbox 400 2882 527 2956; x_wconf 76' lang='lat' dir='ltr'><strong>ninnium</strong></span> <span class='ocrx_word' id='word_1_199' title='bbox 543 2901 717 2964; x_wconf 61' lang='lat' dir='ltr'><strong>corporum</strong></span> <span class='ocrx_word' id='word_1_200' title='bbox 740 2880 819 2943; x_wconf 65' lang='lat' dir='ltr'><strong>deut</strong></span> <span class='ocrx_word' id='word_1_201' title='bbox 839 2881 866 2943; x_wconf 87' lang='lat' dir='ltr'><strong>si</strong></span> <span class='ocrx_word' id='word_1_202' title='bbox 887 2879 996 2962; x_wconf 80' lang='lat' dir='ltr'><strong>aliquis</strong></span> <span class='ocrx_word' id='word_1_203' title='bbox 1017 2881 1223 2943; x_wconf 82' lang='lat' dir='ltr'><strong>determinatus</strong></span> <span class='ocrx_word' id='word_1_204' title='bbox 1244 2882 1322 2944; x_wconf 72' lang='lat' dir='ltr'><strong>eatan</strong></span> <span class='ocrx_word' id='word_1_205' title='bbox 1344 2882 1384 2945; x_wconf 84' lang='lat' dir='ltr'><strong>sit</strong></span> 
     </span>
     <span class='ocr_line' id='line_1_24' title="bbox 279 2968 1384 3076; baseline 0.002 -21"><span class='ocrx_word' id='word_1_206' title='bbox 279 2968 338 3057; x_wconf 85' lang='lat' dir='ltr'><strong>nori</strong></span> <span class='ocrx_word' id='word_1_207' title='bbox 351 2994 444 3056; x_wconf 88' lang='lat' dir='ltr'><strong>solum</strong></span> <span class='ocrx_word' id='word_1_208' title='bbox 458 2995 490 3055; x_wconf 91' lang='lat' dir='ltr'><strong>in</strong></span> <span class='ocrx_word' id='word_1_209' title='bbox 497 2993 624 3076; x_wconf 83' lang='lat' dir='ltr'><strong>papilla,</strong></span> <span class='ocrx_word' id='word_1_210' title='bbox 637 2994 785 3057; x_wconf 86' lang='lat' dir='ltr'><strong>sedetiam</strong></span> <span class='ocrx_word' id='word_1_211' title='bbox 798 2994 831 3055; x_wconf 89' lang='lat' dir='ltr'><strong>in</strong></span> <span class='ocrx_word' id='word_1_212' title='bbox 841 3014 908 3056; x_wconf 82' lang='lat' dir='ltr'><strong>vase</strong></span> <span class='ocrx_word' id='word_1_213' title='bbox 918 2995 1019 3071; x_wconf 90' lang='lat' dir='ltr'><strong>uitreo,</strong></span> <span class='ocrx_word' id='word_1_214' title='bbox 1033 2993 1129 3075; x_wconf 85' lang='lat' dir='ltr'><strong>liquor</strong></span> <span class='ocrx_word' id='word_1_215' title='bbox 1139 2992 1252 3076; x_wconf 69' lang='lat' dir='ltr'><strong>infisus</strong></span> <span class='ocrx_word' id='word_1_216' title='bbox 1261 2995 1384 3057; x_wconf 80' lang='lat' dir='ltr'><strong>eiusdem</strong></span> 
     </span>
     <span class='ocr_line' id='line_1_25' title="bbox 280 3104 1385 3189; baseline 0 -20"><span class='ocrx_word' id='word_1_217' title='bbox 280 3106 385 3169; x_wconf 72' lang='lat' dir='ltr'><strong>coeris</strong></span> <span class='ocrx_word' id='word_1_218' title='bbox 398 3106 521 3168; x_wconf 83' lang='lat' dir='ltr'><strong>uidetur.</strong></span> <span class='ocrx_word' id='word_1_219' title='bbox 559 3104 662 3187; x_wconf 87' lang='lat' dir='ltr'><strong>Ipsum</strong></span> <span class='ocrx_word' id='word_1_220' title='bbox 676 3106 769 3189; x_wconf 81' lang='lat' dir='ltr'><strong>ipitur</strong></span> <span class='ocrx_word' id='word_1_221' title='bbox 781 3104 976 3168; x_wconf 80' lang='lat' dir='ltr'><strong>intellectuale</strong></span> <span class='ocrx_word' id='word_1_222' title='bbox 983 3106 1172 3188; x_wconf 71' lang='lat' dir='ltr'><strong>principium,</strong></span> <span class='ocrx_word' id='word_1_223' title='bbox 1188 3106 1267 3187; x_wconf 85' lang='lat' dir='ltr'><strong>quod</strong></span> <span class='ocrx_word' id='word_1_224' title='bbox 1278 3106 1385 3169; x_wconf 86' lang='lat' dir='ltr'><strong>dicitur</strong></span> 
     </span>
     <span class='ocr_line' id='line_1_26' title="bbox 279 3216 1386 3299; baseline -0.001 -18"><span class='ocrx_word' id='word_1_225' title='bbox 279 3240 368 3296; x_wconf 75' lang='lat' dir='ltr'><strong>mnus,</strong></span> <span class='ocrx_word' id='word_1_226' title='bbox 383 3217 431 3281; x_wconf 86' lang='lat' dir='ltr'><strong>ael</strong></span> <span class='ocrx_word' id='word_1_227' title='bbox 443 3216 614 3293; x_wconf 81' lang='lat' dir='ltr'><strong>intellectus,</strong></span> <span class='ocrx_word' id='word_1_228' title='bbox 631 3216 717 3279; x_wconf 81' lang='lat' dir='ltr'><strong>labet</strong></span> <span class='ocrx_word' id='word_1_229' title='bbox 732 3217 927 3299; x_wconf 86' lang='lat' dir='ltr'><strong>operationem</strong></span> <span class='ocrx_word' id='word_1_230' title='bbox 935 3238 993 3299; x_wconf 88' lang='lat' dir='ltr'><strong>per</strong></span> <span class='ocrx_word' id='word_1_231' title='bbox 1007 3238 1048 3294; x_wconf 88' lang='lat' dir='ltr'><strong>se,</strong></span> <span class='ocrx_word' id='word_1_232' title='bbox 1060 3218 1108 3281; x_wconf 86' lang='lat' dir='ltr'><strong>eui</strong></span> <span class='ocrx_word' id='word_1_233' title='bbox 1118 3238 1176 3280; x_wconf 90' lang='lat' dir='ltr'><strong>non</strong></span> <span class='ocrx_word' id='word_1_234' title='bbox 1195 3219 1386 3281; x_wconf 81' lang='lat' dir='ltr'><strong>communicat</strong></span> 
     </span>
     <span class='ocr_line' id='line_1_27' title="bbox 280 3328 1384 3413; baseline -0.001 -20"><span class='ocrx_word' id='word_1_235' title='bbox 280 3352 395 3413; x_wconf 82' lang='lat' dir='ltr'><strong>corpus.</strong></span> <span class='ocrx_word' id='word_1_236' title='bbox 440 3328 532 3391; x_wconf 78' lang='lat' dir='ltr'><strong>Nihil</strong></span> <span class='ocrx_word' id='word_1_237' title='bbox 552 3335 648 3391; x_wconf 86' lang='lat' dir='ltr'><strong>autem</strong></span> <span class='ocrx_word' id='word_1_238' title='bbox 663 3335 764 3410; x_wconf 88' lang='lat' dir='ltr'><strong>potest</strong></span> <span class='ocrx_word' id='word_1_239' title='bbox 780 3348 838 3410; x_wconf 87' lang='lat' dir='ltr'><strong>per</strong></span> <span class='ocrx_word' id='word_1_240' title='bbox 859 3349 891 3391; x_wconf 87' lang='lat' dir='ltr'><strong>se</strong></span> <span class='ocrx_word' id='word_1_241' title='bbox 905 3330 1022 3411; x_wconf 87' lang='lat' dir='ltr'><strong>operari</strong></span> <span class='ocrx_word' id='word_1_242' title='bbox 1043 3329 1101 3391; x_wconf 88' lang='lat' dir='ltr'><strong>nisi</strong></span> <span class='ocrx_word' id='word_1_243' title='bbox 1115 3329 1258 3412; x_wconf 82' lang='lat' dir='ltr'><strong>quodper</strong></span> <span class='ocrx_word' id='word_1_244' title='bbox 1272 3351 1303 3391; x_wconf 88' lang='lat' dir='ltr'><strong>se</strong></span> <span class='ocrx_word' id='word_1_245' title='bbox 1317 3331 1384 3392; x_wconf 85' lang='lat' dir='ltr'><strong>sub·-</strong></span> 
     </span>
    </p>
   </div>
   <div class='ocr_carea' id='block_1_3' title="bbox 280 3440 1498 3530">
    <p class='ocr_par' dir='ltr' id='par_1_4' title="bbox 280 3440 1498 3530">
     <span class='ocr_line' id='line_1_28' title="bbox 280 3440 1498 3530; baseline 0 -27"><span class='ocrx_word' id='word_1_246' title='bbox 280 3442 381 3514; x_wconf 86' lang='lat' dir='ltr'><strong>sistit;</strong></span> <span class='ocrx_word' id='word_1_247' title='bbox 404 3462 462 3503; x_wconf 90' lang='lat' dir='ltr'><strong>aon</strong></span> <span class='ocrx_word' id='word_1_248' title='bbox 476 3441 553 3502; x_wconf 89' lang='lat' dir='ltr'><strong>enim</strong></span> <span class='ocrx_word' id='word_1_249' title='bbox 567 3447 611 3503; x_wconf 88' lang='lat' dir='ltr'><strong>est</strong></span> <span class='ocrx_word' id='word_1_250' title='bbox 625 3441 742 3522; x_wconf 82' lang='lat' dir='ltr'><strong>operari</strong></span> <span class='ocrx_word' id='word_1_251' title='bbox 756 3440 815 3502; x_wconf 72' lang='lat' dir='ltr'><strong>nesi</strong></span> <span class='ocrx_word' id='word_1_252' title='bbox 825 3441 900 3503; x_wconf 74' lang='lat' dir='ltr'><strong>entes</strong></span> <span class='ocrx_word' id='word_1_253' title='bbox 915 3442 945 3502; x_wconf 86' lang='lat' dir='ltr'><strong>in</strong></span> <span class='ocrx_word' id='word_1_254' title='bbox 967 3448 1057 3503; x_wconf 86' lang='lat' dir='ltr'><strong>actu:</strong></span> <span class='ocrx_word' id='word_1_255' title='bbox 1079 3441 1154 3503; x_wconf 85' lang='lat' dir='ltr'><strong>unde</strong></span> <span class='ocrx_word' id='word_1_256' title='bbox 1172 3463 1205 3503; x_wconf 88' lang='lat' dir='ltr'><strong>eo</strong></span> <span class='ocrx_word' id='word_1_257' title='bbox 1225 3442 1306 3504; x_wconf 90' lang='lat' dir='ltr'><strong>moda</strong></span> <span class='ocrx_word' id='word_1_258' title='bbox 1329 3442 1384 3505; x_wconf 84' lang='lat' dir='ltr'><strong>oli·</strong></span> <span class='ocrx_word' id='word_1_259' title='bbox 1494 3522 1498 3530; x_wconf 76' lang='lat'><strong>,</strong></span> 
     </span>
    </p>
   </div>
   <div class='ocr_carea' id='block_1_4' title="bbox 198 3540 1386 4414">
    <p class='ocr_par' dir='ltr' id='par_1_5' title="bbox 198 3540 1386 4414">
     <span class='ocr_line' id='line_1_29' title="bbox 282 3540 1384 3635; baseline 0 -20"><span class='ocrx_word' id='word_1_260' title='bbox 282 3552 354 3635; x_wconf 79' lang='lat' dir='ltr'><strong>qaid</strong></span> <span class='ocrx_word' id='word_1_261' title='bbox 365 3540 513 3634; x_wconf 75' lang='lat' dir='ltr'><strong>operatur,</strong></span> <span class='ocrx_word' id='word_1_262' title='bbox 529 3574 586 3634; x_wconf 85' lang='lat' dir='ltr'><strong>qua</strong></span> <span class='ocrx_word' id='word_1_263' title='bbox 600 3558 666 3624; x_wconf 67' lang='lat' dir='ltr'><strong>eet,-</strong></span> <span class='ocrx_word' id='word_1_264' title='bbox 682 3558 807 3633; x_wconf 86' lang='lat' dir='ltr'><strong>prapter</strong></span> <span class='ocrx_word' id='word_1_265' title='bbox 822 3552 901 3634; x_wconf 84' lang='lat' dir='ltr'><strong>quod</strong></span> <span class='ocrx_word' id='word_1_266' title='bbox 912 3573 971 3614; x_wconf 90' lang='lat' dir='ltr'><strong>non</strong></span> <span class='ocrx_word' id='word_1_267' title='bbox 984 3552 1108 3615; x_wconf 87' lang='lat' dir='ltr'><strong>dicimus</strong></span> <span class='ocrx_word' id='word_1_268' title='bbox 1123 3554 1202 3635; x_wconf 84' lang='lat' dir='ltr'><strong>qaod</strong></span> <span class='ocrx_word' id='word_1_269' title='bbox 1215 3553 1294 3617; x_wconf 85' lang='lat' dir='ltr'><strong>calar</strong></span> <span class='ocrx_word' id='word_1_270' title='bbox 1309 3554 1384 3616; x_wconf 85' lang='lat' dir='ltr'><strong>cale·</strong></span> 
     </span>
     <span class='ocr_line' id='line_1_30' title="bbox 276 3662 1386 3747; baseline 0.002 -22"><span class='ocrx_word' id='word_1_271' title='bbox 276 3664 368 3747; x_wconf 84' lang='lat' dir='ltr'><strong>facit,</strong></span> <span class='ocrx_word' id='word_1_272' title='bbox 390 3662 443 3726; x_wconf 88' lang='lat' dir='ltr'><strong>sed</strong></span> <span class='ocrx_word' id='word_1_273' title='bbox 462 3663 595 3726; x_wconf 86' lang='lat' dir='ltr'><strong>calidum.</strong></span> <span class='ocrx_word' id='word_1_274' title='bbox 649 3663 840 3746; x_wconf 81' lang='lat' dir='ltr'><strong>Relinquitur</strong></span> <span class='ocrx_word' id='word_1_275' title='bbox 862 3664 963 3747; x_wconf 86' lang='lat' dir='ltr'><strong>ipitur,</strong></span> <span class='ocrx_word' id='word_1_276' title='bbox 986 3665 1113 3727; x_wconf 86' lang='lat' dir='ltr'><strong>unimam</strong></span> <span class='ocrx_word' id='word_1_277' title='bbox 1135 3665 1300 3743; x_wconf 79' lang='lat' dir='ltr'><strong>lunmnam,</strong></span> <span class='ocrx_word' id='word_1_278' title='bbox 1323 3687 1386 3747; x_wconf 79' lang='lat' dir='ltr'><strong>qua</strong></span> 
     </span>
     <span class='ocr_line' id='line_1_31' title="bbox 282 3772 1383 3858; baseline 0.002 -21"><span class='ocrx_word' id='word_1_279' title='bbox 282 3774 391 3837; x_wconf 85' lang='lat' dir='ltr'><strong>dieitur</strong></span> <span class='ocrx_word' id='word_1_280' title='bbox 404 3772 634 3851; x_wconf 66' lang='lat' dir='ltr'><strong>intellectuare!</strong></span> <span class='ocrx_word' id='word_1_281' title='bbox 645 3794 733 3852; x_wconf 79' lang='lat' dir='ltr'><strong>mars,</strong></span> <span class='ocrx_word' id='word_1_282' title='bbox 749 3794 810 3837; x_wconf 87' lang='lat' dir='ltr'><strong>esse</strong></span> <span class='ocrx_word' id='word_1_283' title='bbox 824 3773 939 3857; x_wconf 83' lang='lat' dir='ltr'><strong>aliquid</strong></span> <span class='ocrx_word' id='word_1_284' title='bbox 950 3774 1150 3858; x_wconf 78' lang='lat' dir='ltr'><strong>incorporeum</strong></span> <span class='ocrx_word' id='word_1_285' title='bbox 1164 3783 1193 3838; x_wconf 89' lang='lat' dir='ltr'><strong>et</strong></span> <span class='ocrx_word' id='word_1_286' title='bbox 1206 3776 1383 3839; x_wconf 80' lang='lat' dir='ltr'><strong>subsistens.-</strong></span> 
     </span>
     <span class='ocr_line' id='line_1_32' title="bbox 198 3883 1385 3970; baseline 0.002 -23"><span class='ocrx_word' id='word_1_287' title='bbox 198 3887 200 3890; x_wconf 77' lang='grc'><strong>’</strong></span> <span class='ocrx_word' id='word_1_288' title='bbox 325 3888 380 3950; x_wconf 78' lang='lat'><strong>47.</strong></span> <span class='ocrx_word' id='word_1_289' title='bbox 404 3884 485 3948; x_wconf 85' lang='lat' dir='ltr'><strong>Sunt</strong></span> <span class='ocrx_word' id='word_1_290' title='bbox 504 3893 535 3948; x_wconf 93' lang='lat' dir='ltr'><strong>et</strong></span> <span class='ocrx_word' id='word_1_291' title='bbox 557 3883 616 3947; x_wconf 90' lang='lat' dir='ltr'><strong>alia</strong></span> <span class='ocrx_word' id='word_1_292' title='bbox 624 3892 805 3969; x_wconf 84' lang='lat' dir='ltr'><strong>argumenta</strong></span> <span class='ocrx_word' id='word_1_293' title='bbox 819 3883 930 3970; x_wconf 89' lang='lat' dir='ltr'><strong>quibus</strong></span> <span class='ocrx_word' id='word_1_294' title='bbox 945 3884 1082 3970; x_wconf 89' lang='lat' dir='ltr'><strong>plerique</strong></span> <span class='ocrx_word' id='word_1_295' title='bbox 1097 3884 1238 3970; x_wconf 85' lang='lat' dir='ltr'><strong>probant,</strong></span> <span class='ocrx_word' id='word_1_296' title='bbox 1253 3886 1385 3949; x_wconf 84' lang='lat' dir='ltr'><strong>enimam</strong></span> 
     </span>
     <span class='ocr_line' id='line_1_33' title="bbox 283 3994 1386 4081; baseline 0 -20"><span class='ocrx_word' id='word_1_297' title='bbox 283 4020 349 4061; x_wconf 86' lang='lat' dir='ltr'><strong>esse</strong></span> <span class='ocrx_word' id='word_1_298' title='bbox 370 3994 594 4060; x_wconf 86' lang='lat' dir='ltr'><strong>substantiam:</strong></span> <span class='ocrx_word' id='word_1_299' title='bbox 618 3994 681 4073; x_wconf 87' lang='lat' dir='ltr'><strong>sed,</strong></span> <span class='ocrx_word' id='word_1_300' title='bbox 704 4004 740 4058; x_wconf 90' lang='lat' dir='ltr'><strong>ut</strong></span> <span class='ocrx_word' id='word_1_301' title='bbox 761 4018 867 4059; x_wconf 86' lang='lat' dir='ltr'><strong>verum</strong></span> <span class='ocrx_word' id='word_1_302' title='bbox 889 3996 993 4074; x_wconf 83' lang='lat' dir='ltr'><strong>fatear,</strong></span> <span class='ocrx_word' id='word_1_303' title='bbox 1018 4018 1078 4059; x_wconf 90' lang='lat' dir='ltr'><strong>uon</strong></span> <span class='ocrx_word' id='word_1_304' title='bbox 1100 4007 1176 4079; x_wconf 89' lang='lat' dir='ltr'><strong>puto</strong></span> <span class='ocrx_word' id='word_1_305' title='bbox 1198 4020 1242 4075; x_wconf 89' lang='lat' dir='ltr'><strong>ea,</strong></span> <span class='ocrx_word' id='word_1_306' title='bbox 1260 4007 1294 4061; x_wconf 89' lang='lat' dir='ltr'><strong>ut</strong></span> <span class='ocrx_word' id='word_1_307' title='bbox 1316 4020 1386 4081; x_wconf 89' lang='lat' dir='ltr'><strong>pro·</strong></span> 
     </span>
     <span class='ocr_line' id='line_1_34' title="bbox 282 4106 1384 4194; baseline -0.001 -22"><span class='ocrx_word' id='word_1_308' title='bbox 282 4118 451 4193; x_wconf 89' lang='lat' dir='ltr'><strong>ponuntur,</strong></span> <span class='ocrx_word' id='word_1_309' title='bbox 466 4131 531 4171; x_wconf 89' lang='lat' dir='ltr'><strong>esse</strong></span> <span class='ocrx_word' id='word_1_310' title='bbox 557 4108 631 4170; x_wconf 88' lang='lat' dir='ltr'><strong>adeo</strong></span> <span class='ocrx_word' id='word_1_311' title='bbox 656 4107 778 4194; x_wconf 83' lang='lat' dir='ltr'><strong>invicta,</strong></span> <span class='ocrx_word' id='word_1_312' title='bbox 805 4116 840 4169; x_wconf 94' lang='lat' dir='ltr'><strong>ut</strong></span> <span class='ocrx_word' id='word_1_313' title='bbox 867 4106 904 4170; x_wconf 87' lang='lat' dir='ltr'><strong>ab</strong></span> <span class='ocrx_word' id='word_1_314' title='bbox 925 4107 1091 4171; x_wconf 89' lang='lat' dir='ltr'><strong>incredulis</strong></span> <span class='ocrx_word' id='word_1_315' title='bbox 1113 4107 1196 4171; x_wconf 90' lang='lat' dir='ltr'><strong>cludi</strong></span> <span class='ocrx_word' id='word_1_316' title='bbox 1221 4118 1384 4193; x_wconf 87' lang='lat' dir='ltr'><strong>nequeant.</strong></span> 
     </span>
     <span class='ocr_line' id='line_1_35' title="bbox 282 4217 1383 4304; baseline -0.003 -20"><span class='ocrx_word' id='word_1_317' title='bbox 282 4220 418 4284; x_wconf 86' lang='lat' dir='ltr'><strong>Afferam</strong></span> <span class='ocrx_word' id='word_1_318' title='bbox 434 4241 530 4281; x_wconf 90' lang='lat' dir='ltr'><strong>unum</strong></span> <span class='ocrx_word' id='word_1_319' title='bbox 545 4229 599 4281; x_wconf 87' lang='lat' dir='ltr'><strong>aut</strong></span> <span class='ocrx_word' id='word_1_320' title='bbox 613 4218 743 4282; x_wconf 87' lang='lat' dir='ltr'><strong>alterum</strong></span> <span class='ocrx_word' id='word_1_321' title='bbox 758 4239 794 4281; x_wconf 85' lang='lat' dir='ltr'><strong>ex</strong></span> <span class='ocrx_word' id='word_1_322' title='bbox 809 4217 950 4281; x_wconf 87' lang='lat' dir='ltr'><strong>Valentia</strong></span> <span class='ocrx_word' id='word_1_323' title='bbox 967 4218 1057 4302; x_wconf 85' lang='lat' dir='ltr'><strong>(disp.</strong></span> <span class='ocrx_word' id='word_1_324' title='bbox 1070 4218 1126 4281; x_wconf 93' lang='lat' dir='ltr'><strong>VI.</strong></span> <span class='ocrx_word' id='word_1_325' title='bbox 1137 4242 1167 4303; x_wconf 90' lang='lat' dir='ltr'><strong>q.</strong></span> <span class='ocrx_word' id='word_1_326' title='bbox 1187 4222 1214 4281; x_wconf 92' lang='lat' dir='ltr'><strong>l.</strong></span> <span class='ocrx_word' id='word_1_327' title='bbox 1226 4228 1342 4304; x_wconf 86' lang='lat' dir='ltr'><strong>puncto</strong></span> <span class='ocrx_word' id='word_1_328' title='bbox 1353 4222 1383 4303; x_wconf 84' lang='lat'><strong>1)</strong></span> 
     </span>
     <span class='ocr_line' id='line_1_36' title="bbox 282 4328 1300 4414; baseline -0.001 -20"><span class='ocrx_word' id='word_1_329' title='bbox 282 4330 414 4414; x_wconf 84' lang='lat' dir='ltr'><strong>exempli</strong></span> <span class='ocrx_word' id='word_1_330' title='bbox 429 4352 529 4409; x_wconf 85' lang='lat' dir='ltr'><strong>causa,</strong></span> <span class='ocrx_word' id='word_1_331' title='bbox 545 4338 576 4393; x_wconf 90' lang='lat' dir='ltr'><strong>et</strong></span> <span class='ocrx_word' id='word_1_332' title='bbox 591 4337 626 4393; x_wconf 92' lang='lat' dir='ltr'><strong>ut</strong></span> <span class='ocrx_word' id='word_1_333' title='bbox 642 4330 781 4413; x_wconf 86' lang='lat' dir='ltr'><strong>superius</strong></span> <span class='ocrx_word' id='word_1_334' title='bbox 796 4328 877 4395; x_wconf 83' lang='lat' dir='ltr'><strong>dicta</strong></span> <span class='ocrx_word' id='word_1_335' title='bbox 892 4329 991 4412; x_wconf 83' lang='lat' dir='ltr'><strong>magis</strong></span> <span class='ocrx_word' id='word_1_336' title='bbox 1007 4329 1208 4395; x_wconf 88' lang='lat' dir='ltr'><strong>declarentur.</strong></span> <span class='ocrx_word' id='word_1_337' title='bbox 1298 4336 1300 4340; x_wconf 86' lang='grc'><strong>’</strong></span> 
     </span>
    </p>
   </div>
   <div class='ocr_carea' id='block_1_5' title="bbox 0 0 1611 4975">
    <p class='ocr_par' dir='ltr' id='par_1_6' title="bbox 0 0 1611 4975">
     <span class='ocr_line' id='line_1_37' title="bbox 0 0 1611 4975; baseline 0 0"><span class='ocrx_word' id='word_1_338' title='bbox 0 0 1611 4975; x_wconf 95' lang='lat' dir='ltr'><strong> </strong></span> 
     </span>
    </p>
   </div>
  </div>
 </body>
</html>
