3200 4975
282 319 345 380 188
729 339 771 382 nn
788 339 936 384 nostrus.
1238 341 1310 386 cnr.
1328 322 1382 410 ιι]

279 503 337 568 hoo
353 511 388 568 ut
407 504 510 569 anima
525 505 565 569 sit
586 505 757 570 substantia
772 507 805 570 in
829 529 860 571 se
878 506 1030 592 completa
1050 507 1292 573 substantialiter
1306 533 1385 576 conc.

279 617 369 697 Mat,
386 617 580 696 accidentale,
595 617 628 682 id
648 626 694 682 est
710 641 771 682 non
790 619 939 695 naturale,
954 640 1011 684 neo
1024 619 1205 705 requisitum
1221 620 1260 685 ad
1277 622 1336 687 hoo
1350 632 1385 686 ut

277 726 451 793 substantia
470 729 580 794 animae
601 729 634 793 in
659 753 691 794 se
713 729 874 814 completa,
889 739 920 794 et
941 730 973 794 in
997 753 1029 795 se
1049 731 1163 812 vivens,
1179 733 1385 799 constituatur

276 839 430 904 vivificans
451 840 544 921 aliud,
561 864 614 905 sen
628 841 739 906 habeat
759 841 918 906 formalem
934 842 1082 907 rationem
1098 843 1207 908 animae
1221 867 1286 930 neq.
1303 847 1383 912 Mai.

276 958 307 1015 et
322 950 387 1014 eius
402 951 574 1036 sequelam:
598 974 676 1017 cone.
697 955 766 1016 min.
783 960 815 1017 et
829 977 859 1017 n.
875 976 953 1017 aona.
998 954 1048 1018 Ad
1068 953 1281 1039 probationem
1304 979 1385 1024 omre.

276 1063 356 1125 Mai.
372 1070 401 1126 et
414 1063 485 1126 min.
501 1070 532 1126 et
547 1086 577 1125 n.
593 1085 685 1128 corsa:
708 1063 781 1148 qnia
800 1072 1019 1148 argumentum
1041 1063 1151 1150 probat
1174 1065 1285 1148 solum,
1310 1065 1383 1130 sub·

276 1173 421 1238 stantiam
444 1173 555 1238 saltimo
578 1174 773 1239 terminatam
797 1174 1040 1240 substantialiter
1067 1198 1129 1240 non
1153 1199 1242 1261 posse
1271 1176 1382 1242 iterum

275 1283 518 1349 substantialiter
528 1284 704 1350 terminari:
726 1285 921 1371 probandum
932 1295 1035 1350 autem
1047 1286 1166 1367 fuisset,
1177 1287 1380 1354 substantiam

274 1395 385 1460 ultimo
399 1396 595 1460 terminatam
616 1396 648 1460 in
669 1397 786 1460 ratione
807 1398 887 1461 entis
906 1396 1117 1463 substantialis
1137 1421 1200 1463 non
1218 1421 1306 1484 posse
1321 1409 1382 1465 ter-

274 1508 385 1573 minari
408 1507 537 1573 ulterius
560 1508 592 1572 in
619 1509 737 1574 ratione
766 1509 910 1595 principii
934 1510 1092 1592 naturalis,
1120 1533 1175 1574 seu
1202 1511 1236 1575 in
1265 1513 1381 1577 ratione

273 1620 432 1686 cuiusdam
460 1628 578 1686 naturae
601 1619 743 1685 habentis
772 1621 910 1706 proprias
937 1622 1127 1706 operationes
1153 1629 1184 1686 et
1213 1623 1378 1707 passiones.

273 1732 326 1797 Ad
346 1732 608 1797 confirmationem
622 1734 692 1796 dist.
708 1734 787 1797 Mai.
804 1755 841 1796 ex
861 1732 983 1798 duobus
1002 1733 1035 1797 in
1051 1741 1121 1798 actu
1139 1733 1380 1799 substantialiter

273 1846 432 1929 eompletis
447 1867 508 1909 non
524 1853 625 1930 potest
647 1845 712 1910 fieri
734 1868 795 1909 una
810 1868 864 1930 per
880 1868 912 1910 se
927 1845 1100 1911 substantia
1114 1868 1193 1910 eona.
1208 1847 1299 1922 Mat„
1316 1868 1376 1909 non

273 1963 374 2041 potest
392 1956 459 2020 fieri
482 1980 545 2020 nna
564 1979 619 2040 per
639 1979 671 2020 se
692 1965 805 2021 natura
826 1981 856 2020 n.
873 1958 973 2037 Mai.;
997 1958 1065 2022 dist.
1086 1959 1156 2020 min.
1180 1956 1272 2020 homo
1296 1979 1377 2020 eom·

272 2076 438 2151 poneretur
450 2091 487 2131 er
508 2067 628 2133 duobus
649 2068 681 2132 in
704 2076 776 2133 actu
793 2068 954 2153 eompletis
972 2068 1086 2134 inesse
1106 2066 1284 2132 substantiae
1299 2091 1376 2133 eone.

271 2181 353 2259 min,
362 2201 398 2244 ex
410 2179 531 2245 dnobus
542 2181 575 2244 in
590 2190 660 2246 actu
675 2181 835 2266 eompletis
850 2182 882 2246 in
898 2203 963 2244 esse
978 2190 1095 2244 naturae
1110 2180 1251 2245 humanae
1265 2203 1294 2244 n.
1307 2183 1376 2244 min.

271 2299 302 2354 et
317 2315 395 2358 cona.

315 2403 514 2470 Probavimus
524 2405 607 2487 alibi,
617 2405 683 2470 dari
698 2405 835 2471 medium
851 2405 931 2470 inter
943 2427 1040 2468 unum
1055 2427 1109 2489 per
1124 2426 1156 2468 se
1168 2402 1375 2482 substantiale,

270 2524 301 2580 et
316 2539 415 2580 unum
430 2539 486 2602 per
497 2517 655 2596 accidens3
678 2518 744 2582 dari
758 2516 899 2581 videlieet
910 2538 1007 2582 unum
1023 2538 1078 2601 per
1087 2538 1118 2579 se
1133 2514 1281 2595 naturale,
1294 2514 1377 2600 quod

270 2628 408 2711 exsurgit
422 2651 484 2692 non
500 2651 537 2692 ex
559 2628 731 2693 substantia
745 2637 777 2691 et
791 2627 969 2692 accidentali
984 2628 1049 2691 eius
1071 2626 1257 2711 operatione,
1272 2626 1325 2690 sed
1340 2650 1376 2691 ex

270 2740 390 2804 duabus
413 2740 460 2804 vel
486 2739 628 2826 pluribus
655 2740 836 2806 substantiis
859 2740 936 2804 vires
960 2762 1031 2803 suas
1056 2738 1236 2804 naturaliter
1258 2738 1374 2803 coordi-

269 2851 416 2916 nantibus
432 2852 471 2915 ad
486 2851 738 2917 constituendum
747 2873 846 2914 unum
861 2850 1046 2935 principium
1061 2850 1254 2935 adaequatum
1269 2872 1373 2935 opera-

267 2964 389 3028 tionum
420 2986 455 3028 ae
484 2964 671 3048 passionum,
698 2985 753 3027 seu
781 2985 875 3025 unam
905 2972 1056 3026 naturam.
1111 2961 1179 3025 Hoc
1208 2969 1311 3026 autem
1341 2962 1373 3025 in

266 3076 392 3141 homine
405 3077 506 3141 locum
522 3075 624 3158 habet,
636 3077 691 3162 qni
705 3099 769 3141 non
784 3084 832 3140 est
846 3098 909 3141 nna
923 3074 1103 3155 substantia,
1119 3074 1250 3139 seduna
1264 3083 1375 3169 natura

267 3212 304 3253 ex
330 3188 449 3254 duabus
472 3189 661 3268 substantiis,
683 3188 752 3253 lieet
776 3188 942 3274 aliquando
968 3187 1087 3253 dicatur
1105 3209 1168 3252 nna
1192 3186 1373 3268 substantia,

267 3301 339 3386 quia
368 3310 477 3365 natura
509 3300 718 3366 substantialis
752 3308 783 3365 et
814 3300 986 3365 substantia
1023 3322 1101 3384 saepe
1129 3298 1372 3364 confunduntur.

267 3412 421 3477 Caetenam
445 3413 477 3477 S.
498 3413 631 3477 Thomas
654 3412 730 3497 ipse,
754 3413 827 3477 lieet
852 3412 963 3477 alieubi
988 3411 1144 3476 hominem
1169 3419 1254 3476 vocet
1276 3434 1371 3477 unam

266 3524 469 3588 substantiam
496 3525 590 3610 (quod
616 3524 700 3610 apud
729 3523 831 3609 ipsum
856 3524 931 3588 solet
955 3523 1046 3588 etiam
1077 3522 1247 3607 significare
1276 3546 1371 3588 unam

265 3636 440 3720 essentiam)
473 3636 612 3721 explicite
635 3646 741 3700 tamen
765 3636 839 3701 dicit
867 3635 900 3699 in
930 3636 1021 3701 titulo
1047 3643 1119 3701 ante
1145 3658 1175 3721 q.
1200 3639 1240 3701 75
1264 3635 1371 3719 primae

265 3748 378 3832 partis:
406 3749 650 3813 Considerandum
675 3757 719 3813 est
742 3750 778 3812 de
803 3749 926 3827 bomine,
950 3750 1001 3831 qai
1024 3771 1061 3813 ea
1082 3747 1232 3833 spirituali
1254 3756 1284 3812 et
1306 3771 1369 3812 eor-

258 3860 360 3943 porali
380 3862 543 3925 attolentia
565 3862 768 3945 componitur:
791 3868 820 3923 et
835 3861 935 3942 primo
952 3860 987 3923 de
1001 3868 1108 3924 notura
1130 3862 1222 3943 pain
1236 3860 1369 3939 hominis,

263 3974 385 4037 seeundo
400 3974 507 4038 deeius
515 3973 725 4057 productione:
748 3970 803 4035 ubi
818 3970 897 4034 clare
906 3968 999 4048 vides,
1009 3991 1045 4033 ex
1057 3969 1176 4034 duabus
1188 3969 1369 4034 substantiis

264 4087 406 4170 componi
429 4108 523 4149 unam
545 4094 697 4164 naturam,
713 4107 776 4148 non
799 4105 894 4148 unam
917 4082 1130 4147 substantiam.
1176 4080 1278 4161 Unde,
1297 4081 1368 4146 licet

264 4197 332 4260 duae
355 4197 418 4259 sint
438 4196 617 4259 substantiae
636 4205 667 4260 et
689 4196 757 4260 ideo
779 4217 842 4258 non
865 4193 962 4278 possit
984 4193 1076 4257 homo
1099 4215 1164 4257 esse
1183 4216 1242 4257 ana
1258 4215 1316 4275 per
1337 4215 1367 4257 se

262 4310 436 4387 substantia,
452 4315 561 4372 natura
585 4316 687 4371 tamen
708 4329 769 4370 una
793 4314 849 4386 est,
871 4316 901 4369 et
922 4304 964 4369 sic
983 4314 1083 4390 potest
1106 4305 1197 4369 bomo
1221 4327 1285 4368 esse
1309 4327 1367 4367 una

1586 2367 1594 2719 l
