3200 4975
224 370 296 415 car.
314 352 383 435 111.]
680 372 722 415 ns
739 372 887 416 nournu.
1262 350 1325 411 245

221 537 372 621 praeterita
394 538 472 603 vita:
495 539 582 623 atqui
603 539 647 602 nil
669 538 729 603 tale
755 538 882 617 accidit3
905 561 988 622 ergo.
1034 538 1138 601 Minor
1164 546 1209 601 est
1232 535 1323 621 plane

220 659 320 729 certa:
344 650 440 714 maior
453 659 583 730 constat,
599 650 671 734 quia
685 652 718 715 in
741 650 912 715 substantia
927 650 1078 735 spirituali
1097 658 1143 714 est
1158 648 1323 713 memoria:

221 769 252 824 et
270 761 334 826 haec
355 784 418 825 non
440 772 540 847 potest
554 761 640 847 perdi
659 785 714 847 per
735 763 879 827 unionem
902 762 941 826 ad
958 783 1078 846 corpus,
1093 783 1190 846 quum
1212 766 1323 844 corpus

221 895 284 937 non
300 882 372 959 agat
386 874 419 939 in
434 873 578 955 animam,
591 884 626 938 ut
641 897 734 959 supra
751 874 795 958 (n.
808 876 863 958 62)
877 874 1059 959 explicatum
1074 882 1130 937 est.
1147 926 1150 935 ι
1175 876 1220 937 3⁰.
1241 871 1325 935 Dato

221 985 304 1070 quod
329 976 490 1050 deleretur*
506 987 651 1050 memoria
672 1009 727 1071 per
752 986 898 1050 unionem
922 1008 992 1050 cum
1014 1007 1149 1070 corpore,
1175 990 1322 1067 magnum

221 1107 301 1161 esset
321 1098 436 1162 malum
452 1121 507 1183 pro
526 1099 629 1163 anima
651 1098 732 1163 uniri
748 1121 818 1163 cum
839 1120 980 1183 corpore;
1005 1096 1154 1183 siquidem
1165 1096 1323 1179 amitteret

220 1208 357 1286 fructum
371 1210 510 1273 omnium
532 1210 754 1295 praeteritarum
771 1210 992 1295 operationum,
1009 1232 1106 1294 quum
1121 1208 1266 1272 memoria
1283 1206 1324 1269 sit

222 1320 384 1385 thesaurus
409 1321 534 1405 quidam
559 1321 751 1386 intellectus:
782 1333 813 1385 et
842 1322 900 1386 hoc
929 1322 997 1406 ipso
1026 1329 1203 1406 sequeretur
1231 1319 1323 1383 talem

222 1433 367 1497 unionem
392 1455 457 1497 esse
483 1441 589 1498 contra
613 1445 755 1498 naturam
778 1433 898 1499 animae.
944 1436 979 1495 4⁰
1001 1433 1137 1497 Tandem
1162 1432 1254 1509 homo
1277 1440 1324 1496 cst

222 1568 319 1609 unum
334 1568 390 1630 per
404 1568 455 1610 se:
478 1544 565 1631 atqui
579 1547 619 1610 ad
632 1569 730 1610 unum
745 1569 808 1631 per.
820 1570 852 1611 se
866 1546 1115 1611 constituendum
1130 1545 1271 1629 exigitur,
1287 1554 1323 1607 ut

222 1659 323 1740 partes
346 1658 568 1722 constituentes
591 1658 653 1721 sint
679 1658 718 1724 ad
741 1682 774 1723 se
797 1669 906 1725 mutuo
928 1658 1085 1737 ordinatae,
1108 1656 1324 1739 etindigeant
1361 1675 1366 1685 ·

223 1776 331 1832 mutuo
342 1768 495 1853 compleri.
543 1768 629 1833 Sicut
643 1792 716 1854 ergo
727 1792 837 1856 corpus
851 1771 884 1834 in
896 1771 1032 1855 potentia
1047 1768 1086 1833 ad
1097 1770 1190 1833 vitam
1204 1767 1323 1867 indiget

221 1879 366 1963 compleri
380 1903 436 1964 per
449 1880 594 1959 animam,
604 1882 647 1945 ita
661 1903 784 1947 necesse
798 1890 854 1962 est,
866 1891 900 1946 ut
915 1882 1027 1961 anima,
1038 1904 1107 1968 quae
1120 1881 1199 1945 illud
1213 1902 1324 1964 corpus

222 1990 386 2055 informare
401 1990 502 2070 debet,
517 1990 654 2077 indigeat
675 1993 856 2057 naturaliter
869 1983 1026 2058 terminari
1040 1992 1078 2057 ad
1097 2014 1215 2077 corpus.
1263 1991 1323 2055 Sed

221 2102 247 2165 si
276 2102 378 2166 anima
406 2103 571 2167 exstitisset
599 2112 671 2168 ante
699 2126 819 2190 corpus,
846 2105 962 2169 nullam
1000 2105 1125 2170 haberet
1154 2104 1323 2168 naturalem

220 2214 403 2298 exigentiam
427 2215 571 2300 corporis,
586 2218 681 2280 immo
703 2226 809 2281 contra
825 2240 911 2281 suam
934 2227 1075 2281 naturam
1097 2216 1236 2280 uniretur
1257 2238 1323 2280 cor·

221 2325 299 2410 pori.
346 2326 440 2411 Ergo.
496 2326 622 2407 Contra,
653 2328 680 2392 si
708 2329 810 2393 anima
838 2329 964 2416 incipiat
993 2353 1058 2394 esse
1088 2341 1163 2393 tunc
1191 2338 1322 2405 tantum,

218 2438 342 2523 quando
356 2439 474 2524 corpori
488 2440 605 2522 unitur,
620 2450 755 2526 apparet,
765 2441 850 2526 quod
865 2442 965 2506 anima
980 2464 1103 2528 corpore
1118 2441 1268 2526 indigebit
1283 2441 1323 2506 ad

219 2551 400 2627 exercendas
421 2553 536 2636 primas
550 2575 621 2616 suas
643 2553 797 2618 naturdes
820 2555 1020 2639 operationes,
1035 2564 1066 2619 et
1081 2553 1173 2619 homo
1188 2557 1245 2635 erit
1267 2577 1322 2619 ens

219 2662 367 2744 naturale,
383 2686 444 2728 non
461 2674 701 2730 monstruosum.

262 2776 360 2839 Dicar.
384 2776 504 2841 Animae
519 2787 662 2862 separatae
677 2788 846 2862 potuerunt
860 2803 994 2864 peccare,
1005 2790 1037 2844 et
1052 2781 1084 2845 in
1095 2803 1221 2866 poenam
1233 2781 1322 2846 deiici

218 2909 255 2948 ax
269 2885 359 2948 astris
378 2886 411 2949 in
433 2909 582 2952 carcerem
598 2889 748 2973 corporis.
794 2891 861 2956 Nec
883 2901 931 2954 est
951 2891 1063 2955 mirum
1083 2914 1134 2956 eas
1153 2892 1322 2977 perdidisse

221 2998 396 3062 memoriam
417 3022 518 3064 rerum
540 3001 762 3085 praeteritarum
773 3027 783 3080 3
806 3003 878 3087 quia
893 3003 1031 3067 videmus
1051 3004 1227 3068 memoriam
1246 3027 1321 3089 pen·

219 3108 290 3173 dere
305 3109 343 3172 ab
358 3111 543 3194 organismo.

260 3221 442 3306 Respon'deo
463 3246 528 3307 neq.
548 3233 611 3288 unt.
634 3246 705 3288 cum
728 3227 910 3311 supposito;
932 3228 1028 3312 gratis
1050 3229 1133 3292 euim
1155 3229 1321 3294 assumitur

216 3331 334 3395 animas
362 3342 447 3397 extra
476 3356 586 3417 corpus
615 3335 776 3400 exstitisse.
822 3336 942 3401 Deinde
966 3339 991 3401 si
1015 3339 1116 3402 anima
1140 3340 1173 3403 in
1196 3361 1320 3424 poenam

217 3441 380 3506 criminum
395 3453 474 3508 esset
489 3444 522 3508 in
537 3448 672 3530 corpore,
679 3456 809 3540 'cuperet
824 3447 993 3533 relinquere
1009 3472 1098 3514 suum
1114 3449 1274 3530 carcerem,
1289 3461 1320 3515 et

217 3554 364 3619 violenter
374 3568 560 3640 repugnaret
569 3558 638 3621 vitae
649 3559 731 3638 huic,
741 3582 835 3644 quam
846 3583 952 3626 omnes
961 3563 1142 3628 naturaliter
1152 3563 1319 3649 diligimus.

217 3667 268 3731 Ad
282 3666 412 3732 alterum
426 3693 456 3733 a.
467 3671 563 3752 parit.
610 3671 691 3734 Nam
706 3671 809 3735 anima
823 3672 856 3735 in
865 3672 988 3736 homine
1000 3673 1145 3758 intelligit
1157 3677 1322 3740 comitante

217 3778 449 3862 phantasmate3
480 3781 572 3860 unde,
594 3783 742 3866 quamdiu
771 3783 874 3847 anima
895 3784 928 3847 in
951 3807 1075 3868 corpore
1096 3796 1153 3866 est,
1176 3787 1322 3851 memoria

217 3913 318 3954 rerum
338 3891 452 3976 pendet
472 3915 490 3957 a
511 3914 655 3977 corpore:
682 3894 735 3958 sed
755 3895 782 3958 si
802 3894 904 3960 anima
925 3895 1028 3981 aliqua
1047 3908 1241 3982 cognosceret
1257 3899 1322 3962 sine

216 4002 440 4086 phantasmate,
462 4003 585 4067 illorum
615 4006 791 4069 memoriam
820 4028 883 4070 non
910 4018 1011 4090 posset
1028 4008 1169 4073 amittere
1189 4032 1242 4093 per
1264 4010 1322 4074 im·

218 4114 404 4178 mutationes
426 4116 595 4199 corporeas,
614 4125 650 4179 ut
672 4126 767 4201 patet.
815 4118 849 4181 Si
871 4119 995 4182 tandem
1019 4119 1111 4199 dicas,
1127 4121 1234 4185 saltem
1257 4123 1322 4185 ani-

218 4247 300 4288 mam
322 4225 463 4311 impediri
483 4251 502 4290 a
523 4227 728 4310 recogitandis
746 4230 916 4314 praeteritis‚
933 4253 1064 4315 quorum
1088 4235 1218 4316 speciem
1233 4233 1322 4298 intel·

217 4335 366 4420 ligibilem
392 4349 502 4436 servat,
525 4339 704 4423 respondeo,
731 4339 788 4404 hoc
813 4364 934 4427 quoque
959 4365 1024 4408 esse
1053 4343 1216 4424 insulsum,
1240 4346 1324 4430 quod
