3200 4975
217 396 285 438 car.
304 374 374 459 ιιι]
525 394 568 439 or
585 395 786 440 soasrrrvrra
802 394 1002 439 srrnrroanr.
1086 422 1088 427 -
1259 376 1319 438 105

219 558 367 642 sequitur,
392 555 590 637 voluntatem,
611 568 704 643 prosu
735 568 779 623 eat
804 562 910 637 activa,
939 580 1003 622 non
1033 558 1236 637 determinari,
1266 579 1322 622 neo

218 669 333 734 actuari
355 670 394 733 ab
417 669 485 749 alio,
511 692 568 735 nec
591 670 707 755 aliquid
729 670 871 755 recipere,
889 670 962 755 quia
985 670 1043 734 hoc
1064 669 1211 754 competit
1234 669 1323 734 unice

219 780 365 867 potentiis
384 781 529 866 passivis:
553 782 605 847 sed
621 792 741 846 tanturn
764 783 928 847 terminare
951 791 1053 846 actum
1069 804 1159 847 suum
1174 781 1322 859 adalind,

220 916 275 958 seu
289 902 411 957 actuare
426 893 593 958 terminum
607 894 641 958 in
656 917 712 958 sua
726 894 901 979 passivitate
918 902 1098 978 praesentem
1113 892 1217 957 debito
1231 892 1322 958 modo

219 1013 255 1068 ut
269 1004 385 1069 actuari
400 1004 507 1089 possit.
553 1004 622 1068 Hoc
636 1014 739 1069 autem
756 1027 818 1069 non
838 1014 885 1070 est
899 1005 1012 1070 mutari
1026 1003 1198 1084 intrinsece,
1215 1004 1323 1069 saltem

220 1116 277 1180 sub
306 1115 424 1181 ratione
452 1116 597 1201 potentiae
626 1116 740 1181 activae.
802 1116 867 1181 Sub
897 1111 1029 1181 ratione¹
1047 1125 1149 1181 autem
1178 1116 1323 1201 potentioe

219 1228 345 1311 passivae
364 1228 505 1292 voluntas
524 1226 688 1293 intrinsece
702 1236 842 1292 mutatur
855 1228 887 1291 in
909 1226 1056 1292 elicienda
1077 1250 1155 1293 nova
1169 1227 1322 1292 volitione.

220 1338 301 1401 Nam
316 1360 353 1402 ex
367 1347 433 1403 tota
447 1338 608 1403 collatione
621 1336 770 1418 idearum,
786 1346 817 1402 et
839 1338 1058 1418 consiliatione,
1073 1361 1134 1424 qua
1149 1339 1323 1423 pervenitur

221 1448 260 1513 ad
279 1448 428 1514 iudicium
450 1449 629 1534 practicam,
650 1450 779 1514 resultat
796 1450 936 1535 quaedam
954 1450 1137 1534 conspiratio
1156 1450 1324 1515 multarum

221 1543 523 1645 repraesentationum
550 1561 588 1625 ad
615 1561 836 1646 imprimendos
860 1570 962 1625 motus
988 1562 1112 1626 diversae
1141 1559 1267 1625 rationis
1291 1562 1324 1625 in
1367 1570 1371 1579 '

222 1672 395 1756 passivitate
417 1671 554 1737 affectiva
577 1673 726 1738 subiecti:
749 1681 781 1737 et
796 1674 839 1737 sic
861 1673 1041 1737 immutatur
1063 1673 1202 1736 voluntas
1224 1680 1260 1736 ut
1278 1683 1325 1736 est

223 1784 341 1868 passiva
355 1782 531 1848 affectuum.
576 1784 685 1848 Motus
700 1792 803 1847 autem
819 1784 863 1847 illi
879 1784 988 1848 diversi
1002 1784 1142 1868 impressi
1156 1784 1189 1847 in
1204 1784 1325 1864 affectu,

221 1894 292 1959 licet
318 1896 380 1959 sint
405 1895 494 1959 liberi
518 1896 551 1959 in
577 1918 668 1959 causa
690 1896 735 1978 (in
759 1903 910 1979 quantum
935 1897 1076 1960 oriuntur
1097 1918 1134 1961 ex
1157 1898 1326 1961 voluntaria

222 2005 391 2070 attentione
416 2006 455 2071 ad
486 2006 702 2071 determinatas
724 2005 911 2071 obiectorum
941 2000 1099 2092 rationes),
1123 2018 1196 2073 sunt
1222 2018 1325 2073 tamen

222 2117 390 2181 formaliter
403 2127 435 2182 et
449 2119 584 2203 proxime
599 2120 760 2203 spontanei
773 2128 805 2183 et
826 2120 989 2198 naturales,
1005 2129 1035 2183 et
1050 2119 1163 2184 habent
1179 2122 1326 2185 rationem

217 2232 382 2313 primorum
403 2238 549 2295 motuum:
572 2252 629 2294 nec
652 2230 733 2294 fiunt
754 2240 842 2295 actua
865 2230 962 2311 liberi,
989 2232 1048 2295 nisi
1068 2230 1208 2296 voluntas
1230 2234 1326 2298 activa

223 2364 292 2427 quse
305 2340 375 2405 illos
390 2342 493 2405 statim
508 2342 644 2425 attingit,
659 2340 767 2406 saltem
782 2341 889 2421 obiter,
904 2343 984 2407 facta
999 2342 1158 2407 reflexione
1173 2344 1273 2430 aliqua
1288 2344 1328 2409 ad

223 2476 265 2533 se,
290 2453 485 2538 conquiescat
509 2454 542 2517 in
566 2453 637 2533 illis,
660 2475 723 2519 non
746 2453 863 2519 utendo
886 2454 1030 2520 facultate
1056 2478 1149 2542 quam
1173 2456 1265 2522 habet
1288 2456 1328 2522 ad

224 2566 411 2650 oppositum.
1257 2573 1260 2579 '

269 2680 320 2742 79.
348 2679 476 2742 Obiicies
486 2681 530 2742 1⁰.
552 2677 705 2743 Voluntas
719 2678 823 2759 libera,
835 2688 871 2742 ut
886 2689 966 2762 agat,
979 2680 1069 2744 debet
1085 2704 1117 2745 se
1129 2682 1330 2746 determinare

225 2789 264 2853 ad
278 2804 381 2853 actum
396 2789 585 2854 secundnm:
608 2792 672 2856 haec
686 2800 791 2856 autem
800 2791 1013 2857 determinatio
1028 2803 1073 2857 est
1089 2794 1204 2878 aliquid
1218 2796 1328 2860 intrin-

226 2923 328 2964 secum
343 2901 469 2986 agenti3
491 2925 565 2985 ergo
579 2901 731 2982 voluntas,
746 2911 783 2968 ut
798 2925 902 2988 agens,
919 2901 1082 2968 intrinsece
1097 2915 1243 2972 mutatur.

269 3012 451 3097 Respondeo
471 3014 539 3077 dist.
556 3015 606 3076 M.
623 3013 713 3078 debet
736 3038 769 3078 se
783 3013 994 3094 determinare,
1010 3015 1043 3080 id
1057 3025 1103 3079 est
1124 3015 1214 3081 debet
1230 3018 1329 3082 deter-

227 3123 342 3188 minare
357 3123 515 3189 materiam
531 3125 579 3188 sni
593 3133 689 3204 actus,
706 3135 746 3205 et,
763 3135 797 3190 ut
811 3135 858 3190 est
876 3127 982 3206 activa,
997 3127 1160 3192 terminare
1174 3138 1276 3193 actum
1291 3129 1330 3194 ad

226 3235 390 3298 terminum
405 3236 438 3299 in
454 3259 509 3301 sua
523 3236 698 3321 passivitate
707 3237 847 3302 affectiva
855 3237 1045 3318 existentem,
1061 3262 1141 3304 conc.
1154 3242 1224 3320 M.;
1240 3240 1329 3306 debet

228 3373 259 3413 se
281 3346 492 3430 determinare,
507 3350 601 3416 idest
623 3353 755 3436 recipere
769 3353 802 3416 in
823 3354 930 3438 seipsa,
946 3363 982 3418 ut
997 3364 1043 3419 est
1065 3356 1172 3436 activa,
1187 3357 1329 3422 determi-

227 3462 393 3541 nationem,
408 3486 473 3547 περ.
489 3464 559 3542 M.;
583 3472 614 3529 et
628 3465 697 3529 dist.
713 3466 781 3528 mira
798 3465 863 3529 haec
878 3465 1090 3531 determinatio
1105 3477 1150 3532 est
1166 3469 1330 3535 intrinseca

227 3573 331 3658 agenti
346 3575 503 3658 adaequate
518 3587 642 3660 sumpto
662 3584 694 3639 et
708 3576 904 3640 materialiter
918 3601 995 3642 conc.
1013 3581 1101 3657 min.;
1122 3581 1225 3662 agenti
1240 3581 1329 3645 redu·

227 3685 365 3770 plicative
391 3694 515 3770 sumpto
537 3696 568 3750 et
590 3687 768 3766 formaliter,
791 3710 856 3772 nep.
872 3691 942 3753 min.
965 3699 994 3754 et
1017 3714 1093 3754 cons.
1141 3691 1226 3756 Siout
1249 3693 1330 3758 enim

227 3795 402 3860 intellectus
423 3820 518 3881 agens
534 3799 600 3862 sine
615 3797 678 3862 ulla
699 3799 869 3864 mutatione
891 3801 1055 3866 intrinseca
1070 3803 1127 3881 sui,
1144 3812 1178 3867 ut
1201 3805 1329 3887 agentis,

226 3910 408 3973 terminatur
431 3910 657 3974 accidentaliter
686 3911 725 3975 ad
754 3911 907 3977 obiectum
939 3915 1107 3980 secundum
1138 3917 1267 4001 speciem
1297 3917 1330 3983 in

225 4021 384 4084 intellectu
406 4021 525 4104 passivo
539 4022 730 4106 impressam,
746 4045 839 4106 quam
862 4023 904 4088 sio
920 4025 1019 4090 reddit
1041 4038 1221 4112 expressam,
1237 4029 1268 4094 id
1284 4038 1330 4094 est

227 4133 325 4217 primo
347 4132 513 4215 cognitam,
529 4132 572 4196 ita
593 4133 686 4196 etiam
702 4133 854 4214 volenter,
869 4136 902 4198 in
925 4148 1075 4222 quantum
1098 4138 1171 4204 dicit
1186 4140 1328 4206 virtutem

227 4245 364 4323 activam,
380 4253 543 4323 estactus,
568 4245 622 4330 qui
648 4245 714 4308 sine
737 4245 799 4310 ulla
822 4248 870 4311 sui
891 4250 1059 4315 mutatione
1083 4252 1246 4316 intrinseca
1270 4266 1329 4318 ter·

227 4355 361 4420 minatur
369 4354 595 4423 accidentaliter
606 4356 644 4422 ad
660 4357 811 4422 obiectum
823 4359 989 4424 secundum
1005 4361 1145 4426 affectum
1162 4363 1193 4425 in
1207 4364 1330 4446 regione
