3200 4975
225 354 296 396 cnr.
314 333 369 416 11.]
613 354 655 397 nn
671 354 928 398 accrnunrraus.
1266 336 1329 397 337

222 520 356 582 adivero
377 520 576 584 substantiale
598 521 727 606 acquirit
749 521 995 585 connotationcm
1020 520 1247 597 accidentalem,
1262 542 1324 582 non

221 630 303 714 quod
319 630 420 715 ipsum
436 633 517 696 inre
531 642 679 711 mutetur,
695 633 747 696 sed
762 636 836 718 quia
850 642 989 696 mutatur
1006 632 1231 697 accidentaliter
1252 633 1325 695 sub-

222 743 345 821 stantia,
359 744 393 807 in
407 767 468 829 qua
482 754 539 810 est.
585 746 636 809 Sic
650 768 724 829 ergo
745 746 778 809 in
800 768 864 809 una
883 744 1055 809 substantia
1076 744 1207 830 simplici
1226 767 1323 807 unum

220 861 268 916 est
288 855 340 917 uti
359 854 393 918 in
417 878 458 935 re,
474 856 528 920 sed
550 856 711 942 multiplex
732 858 859 937 ratione,
876 857 954 921 sicut
976 865 1007 921 et
1023 856 1060 920 de
1075 856 1190 940 qttcado
1207 855 1322 919 dictum

220 975 287 1030 est:
310 966 408 1030 oritur
423 977 525 1031 autern
540 970 590 1032 abi
609 969 793 1033 accidentale
816 992 852 1033 ex
874 968 1079 1047 substantiali,
1095 968 1196 1031 statim
1220 988 1254 1030 ac
1276 990 1323 1029 re·

220 1075 332 1160 cipitur
347 1079 433 1143 aetus
447 1079 640 1144 accidentalis
651 1081 685 1145 in
695 1080 871 1165 passivitate
882 1080 1071 1158 substantiae,
1084 1102 1138 1143 sau
1149 1079 1182 1142 in
1192 1079 1322 1142 termino

221 1196 307 1252 actus
322 1190 543 1255 substantialis.

261 1303 315 1365 43.
340 1302 486 1387 Sequitur
506 1304 605 1389 primo
625 1306 676 1368 ubi
698 1304 960 1389 praedicamentale
988 1327 1051 1369 non
1074 1326 1139 1368 esse
1161 1302 1320 1367 entitatem

218 1411 352 1497 aliquam
366 1414 539 1480 absolutam
554 1416 780 1480 accidentaliter
799 1425 952 1501 receptam
969 1417 1001 1479 in
1022 1415 1213 1491 substantia3
1237 1436 1319 1491 nam,

217 1534 310 1608 prout
331 1527 478 1612 accipitur
499 1529 704 1608 materialiter,
719 1538 766 1593 est
787 1528 972 1594 attributum
995 1528 1154 1592 essentiale
1177 1527 1320 1591 substau-

219 1636 278 1714 tiae,
296 1646 331 1701 ut
350 1660 442 1723 supra
464 1641 507 1723 (n.
524 1640 559 1718 6)
574 1640 673 1704 visum
693 1650 760 1704 est:
783 1650 875 1725 prout
897 1663 967 1705 vero
986 1640 1151 1704 formaliter
1169 1638 1320 1702 constitu-

218 1746 281 1811 itur
295 1749 352 1813 sub
368 1750 484 1814 ratione
499 1752 674 1830 accidentis,
690 1752 799 1816 babeat
822 1774 930 1835 puram
954 1752 1200 1816 connotatiouem
1224 1750 1320 1834 passi·

219 1860 287 1923 onis
309 1861 512 1937 accidentalis,
527 1886 596 1948 quae
617 1864 804 1943 connotatio,
828 1887 923 1949 quum
947 1865 987 1928 sit
1010 1852 1131 1949 aliquid
1147 1862 1319 1939 relativum,

218 1994 280 2036 non
294 1982 341 2038 est
356 1975 538 2060 receptibilis
552 1978 585 2040 in
600 1976 701 2061 aliqua
716 1976 896 2055 substantia,
913 1976 966 2040 sed
980 1985 1101 2041 tantum
1117 1974 1317 2059 praedicabilis

219 2084 256 2149 de
271 2109 316 2150 ea.

262 2198 407 2283 Sequitur
430 2202 573 2279 secundo,
599 2204 650 2266 ubi
675 2202 939 2287 praedicamentale
953 2224 1018 2267 esse
1034 2201 1190 2285 adaequate
1205 2199 1317 2263 intrin-

218 2331 319 2373 secum
342 2312 370 2374 ei
388 2311 426 2375 de
444 2334 506 2396 quo
528 2312 719 2397 praedicatur‚
735 2314 768 2378 id
786 2322 834 2377 est
856 2323 923 2377 tum
942 2311 1147 2388 materialiter,
1163 2333 1260 2396 quum
1279 2310 1319 2372 sit

217 2419 317 2505 ipsum
333 2422 384 2486 abi
399 2422 599 2488 substantiale
613 2424 666 2503 rei,
682 2435 750 2489 tum
765 2425 942 2502 formaliter,
959 2419 1053 2510 quum
1070 2421 1244 2489 connotatio
1259 2442 1321 2505 qua

215 2533 348 2598 trahitur
364 2535 404 2599 ad
425 2536 574 2600 rationem
595 2536 759 2600 accidentis
780 2538 820 2600 sit
839 2537 993 2601 evidenter
1009 2535 1173 2599 intrinseca
1190 2533 1229 2598 ob
1251 2557 1319 2617 pas-

216 2645 332 2708 sionem
353 2647 516 2711 intrinsece
538 2657 700 2732 receptam.
746 2649 788 2711 Et
810 2649 869 2713 hoc
883 2651 984 2734 ipsum
1001 2648 1079 2712 valet
1093 2669 1149 2731 pro
1163 2649 1214 2710 ubi
1227 2644 1319 2709 intel·

215 2753 337 2818 lectuali
366 2757 554 2837 accidentali,
584 2769 710 2844 propter
739 2761 934 2824 intrinsecam
967 2761 1172 2844 receptionem
1210 2759 1318 2842 speciei

216 2865 386 2930 obiicientis
400 2868 603 2953 intelligibile,
614 2871 647 2934 in
663 2893 724 2954 quo
739 2871 911 2936 intellectus
927 2873 1039 2937 dicitur
1053 2873 1177 2937 ubicari.

261 2977 406 3063 Sequitur
421 2980 520 3060 tertio,
537 2981 769 3066 possibilitatem
785 2984 920 3068 plurium
935 2986 985 3047 nbi
1006 2983 1166 3049 distinctas
1187 2983 1318 3047 rationes

216 3090 358 3155 formales
372 3092 552 3158 habentium
566 3094 648 3177 (licet
662 3094 694 3159 in
710 3118 743 3158 re
757 3118 793 3160 ac
809 3095 1003 3160 materialiter
1018 3096 1079 3159 sint
1091 3097 1200 3177 unum)
1213 3093 1318 3157 haberi

217 3201 363 3286 implicite
377 3205 415 3267 in*
429 3205 494 3290 ipsa
511 3206 714 3290 possibilitate
732 3207 869 3292 plurium
887 3208 1063 3292 passionum
1086 3206 1317 3271 accidentalium

216 3313 439 3380 distinctarum.
484 3317 526 3381 llt
549 3319 620 3402 quia
646 3317 750 3402 plures
775 3319 931 3403 passiones
961 3319 1111 3383 distinctae
1140 3327 1219 3403 aptae
1245 3329 1317 3381 sunt

216 3425 327 3490 babere
344 3428 507 3512 quemdam
528 3429 666 3494 ordinem
686 3431 896 3508 successionis,
912 3430 980 3494 ideo
997 3430 1090 3494 etiam
1108 3432 1159 3493 ubi
1180 3429 1317 3494 acciden-

216 3538 288 3601 talia
302 3539 430 3603 alicuius
445 3541 525 3604 entis
540 3541 696 3605 habebunt
710 3542 850 3605 ordinem
862 3542 1034 3626 quemdam,
1045 3541 1212 3606 secundum
1224 3564 1315 3626 quem

215 3652 382 3714 successive
397 3673 452 3715 ens
466 3652 609 3716 transibit
623 3652 661 3716 de
676 3654 717 3715 ibi
731 3651 771 3715 ad
785 3651 867 3715 alibi.

260 3761 405 3847 Sequitur
426 3773 546 3848 quarto,
562 3766 603 3828 ibi
627 3773 659 3828 et
683 3765 757 3828 olibi
781 3787 847 3828 csse
872 3764 933 3828 duo
952 3767 1003 3828 abi
1024 3764 1063 3828 ad
1084 3765 1211 3828 invicem
1233 3786 1318 3828 com·

214 3883 320 3958 parata
334 3873 392 3939 sub
407 3875 471 3939 suis
485 3875 638 3939 distinctis
652 3874 823 3939 rationibus
842 3875 1030 3941 formalibus.
1077 3876 1206 3956 Relatio,
1222 3899 1314 3960 quam

214 3986 306 4049 babet
327 3988 371 4049 idi
391 3985 430 4050 ad
450 3987 521 4050 alibi
539 3997 683 4051 connotat
705 3996 822 4051 motum
843 3988 880 4051 de
895 3989 1058 4072 praeterito,
1074 3988 1121 4052 vel
1137 3988 1174 4053 de
1189 3989 1314 4053 futuro:

213 4097 299 4161 nulla
314 4107 417 4163 autem
433 4098 523 4162 datur
536 4098 644 4162 relatio
654 4109 824 4163 connotans
840 4111 958 4163 motum
971 4100 1009 4164 de
1023 4101 1165 4184 praesenti
1179 4123 1235 4185 pro
1251 4125 1313 4165 uno

212 4219 243 4272 et
263 4209 370 4275 codem
390 4210 536 4289 subiecto,
552 4233 607 4275 seu
629 4212 820 4296 praesentiam
842 4222 944 4277 motus
966 4213 998 4276 in
1018 4215 1077 4291 ubi,
1093 4214 1165 4299 quia
1182 4214 1215 4277 in
1237 4237 1313 4298 prae-

192 4377 194 4381 ,
214 4320 293 4381 senti
303 4322 354 4383 ubi
365 4344 427 4385 non
438 4334 484 4387 est
496 4323 555 4387 nisi
567 4321 677 4387 unicus
689 4323 838 4387 terminus
850 4326 904 4388 liic.
952 4324 1071 4388 Relatio
1082 4347 1136 4409 per
1147 4327 1189 4389 tbi
1203 4335 1233 4388 et
1245 4328 1316 4390 alili

260 4451 334 4494 von.
353 4453 391 4494 11.
1129 4459 1144 4498 z
