3200 4975
251 382 314 443 150
692 400 735 441 ne
753 399 899 441 uourun.
1222 375 1309 461 [car.
1322 394 1353 439 ¹1,

294 566 347 627 27.
371 562 526 638 Quaeritur
546 562 664 647 quinto,
680 586 811 646 quercum
832 566 892 627 siut
914 566 946 626 iu
968 564 1124 647 composita
1147 585 1183 625 es
1203 563 1310 645 spiritu
1325 568 1355 623 et

250 678 372 740 materia
381 677 523 758 potentia
536 676 701 739 recentiore.

295 786 486 871 Respondeo,
497 788 649 872 potentias
659 788 828 851 executivas
838 787 897 851 dici
907 810 967 865 eas,
980 809 1048 871 quae
1059 786 1194 850 serviunt
1203 781 1355 848 voluntati

251 898 312 961 sive
335 898 482 982 superiori
505 898 567 963 sive
589 898 734 978 inferiori,
750 900 787 963 ad
806 900 1032 985 procurandum
1048 898 1163 962 bonum
1179 895 1352 981 quodvult.

252 1008 451 1094 Unaquaeque
473 1018 576 1073 autem
598 1009 727 1074 facultas
749 1010 926 1075 huiusmodi
943 1010 990 1075 vel
1013 1010 1104 1073 datur
1126 1010 1165 1073 ad
1187 1018 1273 1072 aetus
1295 1007 1355 1069 im-

252 1131 420 1199 manentes,
436 1120 483 1184 vel
506 1120 545 1183 ad
562 1129 767 1185 transeuntes.
812 1121 954 1185 l'acultas
974 1122 1129 1186 executiva
1152 1128 1275 1184 actuum
1296 1119 1354 1182 im-

253 1230 444 1294 manentinm
467 1231 557 1295 debet
583 1231 694 1296 habere
716 1233 749 1296 in
775 1232 843 1318 ipso
869 1234 1005 1297 subiecto
1029 1233 1163 1318 aliquam
1186 1230 1354 1316 potentiam

252 1341 413 1426 passivam,
439 1343 479 1406 ad
507 1366 600 1428 quam
630 1346 835 1409 terminentur
857 1352 942 1409 actus
966 1345 1051 1423 eius;
1084 1344 1141 1407 hoc
1165 1352 1267 1406 autem
1292 1364 1354 1404 non

253 1454 418 1538 requiritur
447 1477 502 1538 pro
532 1456 677 1521 facultate
705 1456 860 1520 executiva
883 1464 975 1521 ‘actus
1006 1456 1204 1519 transeuntis.
1249 1453 1360 1531 Quum¹

254 1587 324 1628 vero
339 1574 424 1629 actus
439 1567 641 1631 immanentes
656 1567 828 1651 spirituales
843 1568 1040 1652 procedentes
1052 1567 1090 1631 ab
1105 1566 1232 1651 imperio
1248 1564 1355 1629 volun-

255 1676 327 1739 tatis
342 1677 405 1742 sint
421 1678 468 1742 vel
482 1679 680 1762 cognoscitivi
695 1679 743 1743 vel
757 1679 925 1764 appetitivi,
941 1690 972 1744 et
986 1679 1128 1745 voluntas
1147 1702 1208 1743 non
1228 1678 1357 1761 imperet

254 1788 314 1851 nisi
329 1791 411 1873 quod
426 1794 486 1854 iam
501 1800 549 1855 est
564 1792 721 1873 cognitum
736 1800 772 1855 ut
787 1792 915 1870 bonurn,
931 1800 1016 1856 actus
1035 1791 1238 1856 intellectivus
1258 1789 1358 1874 primo

254 1901 486 1984 apprehendens
507 1902 660 1967 obiectum
682 1903 714 1966 in
737 1904 836 1988 specie
859 1926 992 1987 praesens
1014 1912 1139 1968 nonest
1161 1900 1358 1987 imperabitis,

254 2035 311 2081 uec
326 2012 466 2077 similiter
480 2015 598 2097 primus
613 2024 699 2079 actus
714 2014 856 2079 volitivus
868 2024 1055 2098 spontaneus
1063 2039 1074 2093 3
1096 2037 1189 2099 quare
1199 2014 1243 2078 vis
1258 2012 1358 2097 primo

256 2123 475 2209 apprehensiva
494 2135 525 2187 et
547 2124 646 2208 primo
661 2125 785 2189 volitiva
802 2148 866 2191 non
884 2134 958 2189 sunt
978 2126 1122 2210 potentiae
1143 2126 1307 2189 executivae
1325 2125 1357 2187 in

257 2258 383 2299 sensua
403 2235 491 2299 nobis
512 2236 603 2299 dicto.
649 2237 810 2314 Remanet,
827 2246 862 2300 ut
879 2236 924 2300 illi
945 2237 1001 2301 soli
1018 2246 1104 2301 actus
1121 2236 1299 2301 intellectivi
1312 2236 1359 2300 vel

190 2395 192 2399 -
257 2344 387 2409 effectivi
409 2347 607 2430 imperentur,
623 2347 677 2431 qui
697 2358 927 2432 consequuntur
942 2349 1072 2433 primam
1088 2348 1359 2434 apprehensionem

258 2466 289 2522 et
312 2457 442 2542 primam
469 2458 719 2542 complacentiam
746 2460 935 2526 naturalem:
959 2460 1023 2540 sed,
1039 2484 1134 2546 quum
1159 2470 1260 2524 actum
1284 2460 1360 2526 voli·

256 2569 354 2634 tivum
369 2569 499 2634 liberum
515 2569 582 2655 ipsa
596 2571 736 2636 voluntas
751 2573 850 2636 eliciat
866 2575 989 2658 quando
1004 2574 1079 2652 vult,
1095 2574 1279 2654 immediate,
1292 2574 1361 2638 ideo

259 2682 297 2746 de
313 2682 384 2746 solis
399 2682 517 2746 actibus
531 2682 724 2750 intellectivis
739 2684 896 2768 imperatis
910 2685 1109 2769 quaerendum
1124 2694 1182 2748 est.

303 2794 476 2858 Facultates
490 2803 593 2859 autem
608 2795 770 2860 executivae
780 2805 906 2860 actuum
918 2797 1143 2859 transeuntium
1155 2803 1228 2858 sunt
1240 2795 1272 2856 in
1284 2817 1362 2879 puro
1403 2815 1406 2821 ·

259 2906 371 2990 spiritu
385 2906 431 2970 vis
445 2906 647 2970 illuminativa
661 2907 785 2972 alterins
802 2907 937 2991 spiritus,
954 2915 984 2970 et
999 2907 1045 2970 vis
1066 2907 1179 2974 motiva
1201 2929 1361 2990 corporum

260 3041 296 3081 eo
316 3017 408 3082 modo
427 3028 567 3103 acceptae,
583 3041 644 3103 quo
662 3020 818 3104 explicatae
838 3027 911 3082 sunt
929 3019 962 3083 in
980 3027 1112 3084 tractatu
1126 3019 1315 3103 praecedente
1330 3042 1360 3083 n.

258 3133 300 3193 45
316 3138 348 3193 et
363 3153 458 3215 seqq,
474 3130 512 3194 de
526 3131 639 3215 quibus
653 3131 814 3215 loquemur
829 3131 929 3196 adhuc
944 3131 1082 3196 inferius.

304 3240 344 3305 In
365 3242 533 3326 composito
547 3262 618 3306 vero
639 3265 676 3306 ex
698 3243 808 3327 spiritu
831 3255 861 3306 et
884 3243 1010 3307 materia
1029 3244 1190 3308 facultates
1205 3245 1271 3309 istae
1285 3245 1361 3308 acci-

258 3349 352 3435 piunt
367 3374 480 3415 novum
495 3353 621 3417 modum
637 3352 758 3436 agendi,
774 3363 810 3417 ut
826 3355 953 3418 resultat
969 3378 1005 3419 ex
1016 3355 1076 3419 iam
1092 3356 1182 3420 dietis
1198 3356 1236 3420 de
1251 3357 1363 3420 virtute

256 3463 476 3546 cognoscitiva,
491 3478 522 3530 et
539 3465 635 3547 magis
650 3466 750 3530 adhue
765 3465 982 3550 explicabimus
996 3467 1029 3531 in
1045 3467 1252 3552 sequentibus.

305 3575 369 3647 28.Ι
384 3574 539 3650 Quaeritur
561 3587 655 3655 sexto,
671 3600 802 3660 querum
816 3579 876 3643 aiut
891 3587 919 3642 et
934 3580 1075 3662 quomodo
1091 3579 1274 3662 applicentur
1288 3582 1363 3644 airas

263 3690 418 3752 eeecutiaoe
432 3690 640 3768 coyuoacitiaoe.

307 3799 498 3884 Respondes.
546 3799 637 3865 Solus
655 3811 741 3865 actus
759 3800 972 3880 intellectivus,
988 3801 1041 3886 qui
1063 3823 1100 3864 ex
1116 3801 1242 3885 imperio
1258 3802 1364 3866 volun-

264 3912 337 3977 tatis
359 3912 504 4001 consequi
533 3921 634 3996 potest
656 3914 787 3997 primam
810 3913 1091 3998 apprehensionem,
1114 3922 1160 3978 est
1181 3916 1316 3993 attentio,
1339 3915 1366 3978 si

265 4034 374 4107 agatur
399 4024 438 4087 de
463 4024 589 4088 obiectis
614 4025 822 4109 apprehensis
841 4033 871 4090 et
898 4026 1029 4108 reflecto,
1053 4027 1080 4090 si
1105 4035 1214 4110 agatur
1239 4026 1276 4090 de
1299 4027 1365 4110 ipso

265 4136 401 4201 subiecto
421 4136 686 4220 apprehendentis.
732 4137 836 4229 Quare
856 4141 899 4202 aaa
919 4140 1085 4203 attendendi
1099 4148 1129 4202 et
1144 4140 1188 4201 aia
1202 4139 1367 4220 reflectanul'

265 4292 428 4350 sensibiliter
439 4300 553 4364 tantum,
566 4301 599 4350 ut
610 4302 702 4368 patet:
721 4296 800 4352 etsie
815 4297 979 4353 conscientia
992 4297 1022 4351 in
1037 4297 1102 4370 ipsis
1119 4315 1174 4351 non
1190 4301 1231 4352 est
1247 4296 1300 4351 nisi
1318 4314 1367 4350 ex-

265 4381 397 4453 perientia
408 4380 542 4436 sensibilis
553 4382 667 4436 interna.
