3200 4975
269 354 331 416 182
725 378 768 420 nn
787 377 934 422 nonius.
1231 361 1315 444 [car.
1335 381 1372 423 ιι.

266 565 368 608 rerum
392 545 588 624 naturalium,
611 553 642 608 ct
668 545 706 608 de
732 545 904 610 substantia
927 569 1078 632 corporea.
1126 548 1246 612 Scimus
1266 550 1371 632 igitur,

267 658 424 720 materiam
448 679 514 721 csse
537 657 738 720 essentialiter
761 658 946 743 principium
972 658 1189 724 looomotivum
1215 660 1255 724 ad
1278 673 1371 737 extra,

266 767 348 831 iners
363 768 402 832 ad
416 768 498 832 intra
505 793 515 847 3
538 769 622 852 quod
637 768 747 832 sufficit
758 769 798 833 ad
814 769 979 835 tollendam
995 793 1117 834 omnem
1139 771 1370 855 possibilitatem

267 879 462 964 cogitationis
477 879 510 944 in
525 880 660 945 materia.

312 991 363 1055 Ad
393 991 520 1056 tertium
543 1000 582 1056 tr.
599 1001 849 1057 actaeonem
872 991 1041 1077 paritatem.
1089 993 1170 1058 Nam
1200 995 1257 1058 etsi
1286 995 1373 1059 nullo

267 1101 359 1166 modo
380 1101 622 1187 intelligeremus
644 1123 705 1187 qno
727 1115 817 1188 pacto
840 1104 966 1168 materia
989 1103 1100 1183 trahat,
1127 1104 1244 1169 nullam
1268 1114 1371 1168 tamen

266 1213 405 1279 videmus
424 1215 660 1300 repugnantiam
679 1215 713 1279 in
732 1216 791 1280 hoc
812 1214 895 1300 quod
917 1216 1044 1280 materia
1065 1216 1176 1296 trahat,
1192 1239 1287 1301 quum
1307 1239 1371 1280 ma-

267 1326 350 1390 teriae
376 1336 528 1414 competat
551 1349 618 1392 esse
642 1328 701 1393 iim
729 1328 960 1393 locomotivam:
985 1328 1039 1392 sed
1064 1329 1299 1414 repugnantiam
1321 1349 1371 1393 oo-

267 1438 425 1522 gitationis
440 1463 510 1504 cum
525 1442 652 1505 materia
666 1442 781 1527 optime
795 1443 947 1506 novimus

309 1550 360 1615 Ad
372 1561 513 1636 quartum
526 1577 551 1617 c.
565 1555 645 1617 Mai.
658 1577 688 1617 n.
704 1556 786 1633 min,
802 1554 1067 1639 adprobationem
1082 1557 1150 1620 diet.
1165 1555 1309 1640 cogitatio
1324 1567 1370 1619 est

266 1663 341 1747 quid
350 1664 513 1748 perfectius
523 1663 661 1729 absolute
675 1665 829 1751 loquendo
844 1689 935 1746 coac,
949 1675 996 1730 est
1005 1667 1150 1751 perfectio
1165 1666 1369 1731 communica-

265 1774 336 1839 bilis
359 1777 494 1841 materiae
516 1800 607 1862 ne903
636 1800 710 1841 nam
738 1778 846 1862 nequit
876 1779 1095 1844 communicari
1124 1779 1258 1844 materiae
1287 1779 1370 1865 quod

266 1896 419 1972 repugnat
433 1889 500 1952 eius
515 1890 663 1952 essentiae.

309 2001 407 2063 Dices.
432 1999 472 2063 In
487 2000 638 2064 elemento
661 2000 794 2065 materiae
808 2000 916 2064 insunt
938 2001 1140 2086 proprietates
1155 2002 1317 2088 simplices,
1333 2009 1369 2064 ut

265 2111 408 2194 gravitas,
427 2113 569 2191 affinitas,
583 2113 629 2176 vis
652 2113 763 2176 motrix
786 2119 844 2176 ete.
889 2112 972 2197 Ergo
985 2113 1019 2177 in
1034 2135 1070 2178 co
1086 2136 1151 2178 esse
1164 2122 1265 2200 potest
1280 2122 1311 2177 et
1323 2113 1368 2178 vis

264 2223 431 2306 cogitandi.

262 2350 263 2353 ’
308 2333 490 2418 Respondeo
512 2335 580 2399 dut.
598 2344 660 2400 ant.
676 2335 784 2399 insunt
806 2335 1008 2420 proprietates
1030 2334 1183 2420 simplices
1202 2334 1235 2398 in
1262 2335 1368 2400 ordine

264 2444 302 2509 ad
319 2454 437 2510 motum
456 2445 581 2512 localem
603 2446 841 2533 imprimendum
859 2455 912 2511 aut
927 2447 1136 2533 recipiendum
1152 2470 1230 2512 coac.
1247 2456 1319 2527 cat,
1335 2447 1367 2511 in

240 2588 244 2593 ·
263 2556 369 2621 ordine
380 2557 521 2622 adactus
535 2558 738 2623 immanentes
753 2582 783 2622 n.
793 2566 856 2622 ont.
869 2566 898 2622 et
907 2580 984 2622 cons.
1030 2558 1121 2622 Ratio
1136 2580 1172 2623 ex
1187 2557 1368 2643 supradictis

266 2677 361 2755 patet.

306 2784 365 2860 50..
387 2783 513 2846 Obiieies
534 2786 577 2847 2⁰.
611 2781 812 2867 Operationes
834 2781 940 2845 vitales
962 2781 1106 2861 hominis,
1130 2782 1222 2846 etiam
1244 2782 1365 2845 intelle-

262 2892 387 2971 ctuales,
409 2893 551 2977 indigent
578 2916 694 2977 organo
724 2915 888 2977 corpore03
912 2915 985 2977 ergo
1007 2892 1192 2978 principium
1222 2894 1313 2957 vitale
1335 2894 1367 2957 in

262 3005 386 3070 homine
415 3017 462 3071 est
492 3007 668 3092 dependens
697 3031 716 3070 a
748 3007 896 3085 materia3
928 3029 1001 3089 ergo
1030 3028 1094 3071 non
1124 3018 1170 3072 est
1201 3008 1367 3093 spirituale.

262 3118 456 3183 Antecedens
479 3142 550 3183 vero
577 3127 715 3198 constat;
749 3119 821 3203 quia
850 3119 985 3204 operatio
1014 3118 1228 3183 intellectualis
1255 3120 1367 3202 fatigat

262 3252 383 3315 corpus,
405 3240 436 3294 et
459 3240 598 3294 attenuat
619 3229 697 3295 viras
716 3230 896 3317 corporales.
941 3231 1038 3315 Atqui
1060 3230 1117 3295 hoe
1140 3254 1203 3295 non
1224 3232 1319 3311 fieret,
1342 3234 1368 3295 si

263 3366 352 3406 mens
368 3343 552 3427 intelligeret
568 3344 633 3407 sine
648 3340 763 3435 org‘ano
778 3366 930 3428 corporeo.
976 3343 1069 3427 Ergo.

307 3454 501 3538 Respondeo·
518 3456 586 3520 dect.
617 3455 678 3519 anri.
704 3454 850 3539 indigent
887 3476 1002 3539 organo
1036 3476 1178 3539 corporeo
1210 3464 1366 3541 tamquam

262 3565 412 3651 principio
439 3567 614 3651 perficiente
636 3562 826 3652 operationes
849 3566 1049 3631 intellectivas
1068 3588 1098 3629 n.
1115 3576 1188 3645 unt,
1209 3577 1366 3653 tamquam

264 3677 438 3741 sensibilem
454 3679 609 3742 materiam
626 3678 831 3758 ministrante,
846 3680 879 3742 in
895 3702 955 3764 qua
969 3680 1043 3743 latet
1057 3679 1251 3763 intelligibile
1266 3702 1290 3743 e.
1305 3689 1367 3745 ont.

261 3787 414 3853 Similiter
435 3791 504 3853 dist.
521 3782 599 3853 eone.
617 3798 663 3852 est
690 3789 866 3874 dependens
888 3814 906 3853 a
928 3791 1054 3855 materia
1077 3792 1179 3875 quoad
1204 3800 1366 3875 praesenta-

263 3902 379 3967 tionem
405 3898 578 3966 sensibilem
605 3901 802 3981 obiectorum,
819 3924 887 3987 quae
910 3902 1144 3987 intelligibiliter
1167 3903 1368 3987 apprehendit

264 4038 290 4078 c.
306 4036 395 4095 coras,
409 4014 510 4099 quoad
530 4036 616 4077 suam
639 4014 783 4078 virtutem
807 4014 993 4098 operativam
1018 4038 1048 4079 n.
1064 4038 1143 4079 cons.
1187 4014 1235 4078 Ad
1260 4014 1367 4099 proba·

265 4129 382 4191 tionem
400 4128 468 4191 diet.
485 4128 563 4189 Mai.
581 4128 717 4220 operatio
731 4126 945 4191 intellectualis
964 4128 1073 4212 fatigat
1088 4151 1197 4213 corpus
1213 4127 1280 4193 ideo
1296 4130 1367 4213 quia

264 4249 311 4303 est
326 4237 538 4303 intellectualis
553 4247 581 4301 n‘.
598 4240 690 4317 Mai,
710 4238 778 4302 ideo
798 4239 871 4323 quia
890 4262 957 4303 eam
972 4240 1134 4305 comitatur
1149 4239 1282 4325 operatio
1298 4263 1366 4304 sen-

266 4350 363 4414 sibilis
378 4374 403 4415 c.
421 4350 499 4413 Mai.
515 4358 546 4413 et
562 4351 692 4415 contrad.
707 4353 776 4415 min.
793 4375 822 4415 a.
839 4374 916 4417 cons.
1002 4388 1004 4391 ·
