3200 4975
281 383 346 444 202
732 403 774 446 nn
793 403 939 448 uourun.
1239 381 1325 466 [car.
1343 401 1383 444 11.

280 566 418 650 gimntis,
433 573 464 629 et
486 573 570 630 actua
588 566 765 647 reflectendi,
782 569 807 631 si
830 570 968 652 cogitans
982 568 1058 651 figat
1074 566 1221 631 intuitum
1237 567 1270 631 in
1285 568 1385 651 seipso

282 700 337 743 seu
351 677 384 742 in
399 678 462 741 suis
477 677 708 755 affectionibus3
732 679 816 742 unde
832 679 931 763 primo
943 680 987 743 vis
999 677 1162 762 cogitativa
1173 678 1385 763 complectitur

280 789 342 854 vim
358 787 538 852 attendendi
552 796 583 850 ct
598 788 782 852 reflectendi.

324 899 500 964 Attentioni
522 900 688 983 opponitur
709 901 867 985 divuqatio,
890 910 921 964 et
943 899 1098 965 reflexioni
1120 901 1284 966 distractio.
1328 900 1385 963 Di·

281 1011 402 1095 vagatio
413 1019 459 1074 est
469 1017 556 1074 actus
567 1011 718 1074 transiens
730 1011 768 1076 de
779 1011 897 1076 obiecto
908 1012 940 1075 in
953 1011 1117 1090 obiectum,
1130 1019 1161 1074 et
1175 1018 1222 1075 est
1237 1011 1385 1074 naturalis

281 1123 313 1188 vi
332 1121 554 1206 cognoscitivae,
573 1144 641 1206 quae
660 1130 707 1186 est
724 1123 904 1188 naturaliter
924 1123 1110 1208 inquisitiva,
1130 1143 1185 1186 nee
1204 1122 1333 1207 quiescit
1351 1123 1384 1186 in

282 1234 400 1302 obiecto
420 1233 543 1317 cognito
566 1233 733 1298 secundum
753 1235 887 1301 rationes
907 1232 1178 1318 cognoscibilitatis
1201 1233 1306 1298 finitae.
1353 1233 1385 1296 Si

281 1354 385 1410 autem
407 1345 580 1410 intellectus
601 1345 725 1410 baberet
748 1346 900 1411 obiectum
925 1346 1128 1431 cognoscibile
1146 1345 1316 1410 secundum
1338 1347 1384 1408 in-

282 1459 402 1530 finitam
421 1456 713 1541 cognoscibilitatem
737 1458 783 1540 (ut
799 1457 908 1522 accidit
923 1458 956 1520 in
975 1456 1189 1540 beatitudine),
1206 1479 1269 1520 non
1283 1465 1386 1541 posset

283 1569 414 1654 amplius
438 1568 582 1652 divagari,
603 1569 675 1654 quia
697 1569 731 1632 in
756 1591 793 1634 eo
816 1569 880 1633 solo
900 1568 1019 1634 obiecto
1040 1578 1141 1634 totum
1162 1590 1253 1633 saum
1270 1568 1386 1632 bonum

282 1682 442 1748 inveniret.
486 1681 654 1746 Distractio
680 1690 727 1745 est
749 1681 884 1748 avocatio
906 1705 924 1748 a
946 1681 1187 1746 consideratione
1209 1681 1258 1744 sui
1269 1705 1278 1758 ς
1309 1703 1387 1764 saepe

283 1803 388 1859 tamen
408 1815 479 1858 cum
498 1793 689 1877 divagatione
707 1793 915 1859 confunditur.
961 1794 1034 1858 Non
1055 1802 1102 1859 est
1124 1803 1227 1858 autem
1247 1792 1388 1877 ponenda

284 1906 422 1992 specialis
432 1905 561 1969 facultas
572 1905 742 1989 divagativa
753 1915 807 1969 aut
820 1905 993 1971 distractiva
1004 1933 1014 1985 5
1037 1928 1110 1970 nam
1123 1906 1275 1990 divagatio
1285 1905 1387 1970 locum

284 2017 377 2082 habet
392 2025 517 2103 propter
531 2015 652 2080 brevem
668 2026 699 2080 et
713 2016 810 2081 levem
825 2018 1025 2082 attentionem
1045 2017 1186 2104 pluribus
1204 2039 1387 2092 concessam,

285 2137 317 2193 et
336 2128 492 2193 distractio
513 2151 577 2192 non
599 2138 645 2194 est
662 2129 723 2192 nisi
742 2128 943 2194 consideratio
962 2129 1150 2194 obiectorum
1170 2138 1206 2192 ut
1229 2128 1388 2192 distincto·

284 2263 354 2304 rum
369 2263 386 2304 a
402 2240 564 2324 cogitante.

330 2351 364 2416 Si
381 2351 510 2415 attentio
530 2349 618 2414 eadat
635 2349 727 2413 simul
749 2372 843 2433 supra
862 2349 924 2414 duo
941 2359 995 2414 aut
1013 2351 1111 2435 plura,
1126 2351 1290 2415 habebitur
1307 2372 1388 2413 asso-

285 2463 375 2530 ciatio
403 2461 682 2547 apprehensionum
711 2460 773 2525 sive
803 2460 1003 2541 sensibilium,
1027 2463 1089 2528 sive
1115 2461 1387 2527 intellectualium:

286 2584 377 2661 atque
400 2575 473 2639 binc
496 2574 541 2639 vis
564 2574 738 2639 associativa
766 2572 905 2638 idearum
935 2583 966 2638 et
994 2572 1245 2659 phantasmatum
1274 2582 1321 2639 est
1344 2573 1390 2638 vis

286 2686 464 2752 attendendi
493 2686 532 2750 ad
562 2686 623 2749 duo
646 2685 693 2750 vel
719 2684 809 2770 plura
834 2685 1001 2753 secundum
1025 2685 1140 2770 aliquid
1165 2686 1198 2749 in
1222 2707 1284 2770 quo
1307 2706 1390 2749 com·

285 2800 453 2865 munirent.

331 2909 490 2976 Secundus
516 2932 591 2973 usus
615 2908 783 2993 specierum
811 2908 922 2973 dicitur
948 2909 1125 2992 disquisitio,
1145 2908 1194 2973 vel
1210 2908 1389 2991 unalpaatio,

287 3046 355 3109 quae
384 3022 446 3086 duo
475 3029 548 3086 sunt
577 3020 658 3085 idem
688 3020 790 3106 quoad
822 3043 897 3098 rem,
927 3020 997 3085 licet
1026 3019 1127 3105 quoad
1161 3019 1288 3085 modum
1317 3041 1388 3084 con·

286 3134 415 3201 notandi
444 3134 594 3198 differant.
639 3133 721 3197 Nem
752 3132 924 3217 disquisitio
957 3139 1102 3197 connotat
1139 3131 1298 3209 intuitum,
1329 3153 1390 3215 quo

288 3246 453 3311 successive
481 3244 683 3329 perlustratur
712 3243 867 3308 obiectum
897 3242 1065 3308 secundum
1096 3241 1231 3306 diversas
1259 3240 1390 3305 rationes

288 3355 567 3443 cognoscibilitatis,
591 3378 645 3419 seu
666 3353 884 3418 resolutionem
906 3352 1016 3417 obiecti
1038 3351 1071 3415 in
1094 3374 1163 3415 suas
1185 3351 1318 3417 rationes
1340 3372 1389 3415 co-

289 3468 482 3555 gnoscibiles,
499 3476 592 3551 prout
614 3474 657 3530 eat
679 3468 714 3529 ab
737 3466 885 3529 intellectu
907 3472 1027 3548 operate:
1055 3462 1224 3549 analynatio
1246 3468 1390 3527 connotat

289 3581 428 3647 eamdem
456 3578 682 3655 resolutionem,
710 3584 800 3661 prout
827 3575 901 3640 dicit
930 3575 1046 3659 aliquid
1069 3583 1168 3639 teucos
1192 3596 1223 3637 se
1246 3597 1283 3639 cc
1300 3580 1391 3658 parte

288 3696 392 3761 obiecti
406 3690 575 3757 seeundum
590 3691 719 3774 speciem
735 3687 893 3772 praesentis
907 3687 940 3751 in
955 3686 1114 3752 intellectu
1128 3685 1273 3770 patiente.
1317 3684 1390 3749 Dis-

289 3805 413 3893 quisitio
435 3813 466 3869 et
488 3801 656 3888 analynatio
677 3801 792 3865 habent
814 3800 914 3864 locum
938 3807 1005 3863 tum
1028 3797 1106 3861 circa
1135 3794 1299 3874 sensibilia,
1322 3803 1390 3860 tum

289 3922 369 3987 circa
393 3913 608 3999 intelligibilia,
634 3921 670 3976 ut
695 3911 819 3976 evidens
844 3917 910 3973 est:
942 3916 973 3973 et
998 3906 1076 3971 illud
1100 3906 1199 3971 solum
1223 3928 1286 3969 non
1311 3912 1391 3969 esset

289 4032 444 4099 obiectum
474 4023 694 4112 disquisitionis
723 4030 755 4086 et
778 4021 919 4107 analysiS,
943 4019 1025 4105 quod
1049 4041 1102 4103 per
1127 4017 1258 4102 primam
1284 4039 1390 4101 appre-

289 4144 469 4211 hensionem
492 4145 651 4223 appareret
672 4134 842 4199 intellectui
864 4134 990 4197 omnino
1012 4129 1140 4214 simplex
1163 4130 1220 4195 sub
1243 4128 1327 4193 omni
1345 4150 1391 4193 re-

291 4269 398 4340 spectu
408 4280 418 4332 3
441 4261 515 4317 tunc
536 4250 617 4314 enim
636 4247 809 4312 intellectus
827 4267 890 4308 non
911 4252 1012 4328 posset
1030 4242 1089 4305 nisi
1107 4240 1199 4323 defigi
1215 4239 1392 4322 simpliciter

289 4391 344 4451 per
359 4363 558 4432 attentionem
573 4360 605 4423 iu
620 4359 675 4423 tali
690 4357 818 4422 obiecto.
855 4353 934 4432 Quia
949 4376 1020 4419 veno
1035 4353 1117 4437 quod
1133 4359 1211 4417 esset
1227 4352 1284 4415 boc
1300 4349 1392 4414 modo
