3200 4975
211 371 278 415 car.
297 354 337 436 1.]
664 378 706 420 nn
724 378 871 421 norrun.

208 538 280 603 dare
305 540 423 626 corpori
440 544 571 625 primum
599 566 661 608 csse
688 547 868 609 substantie.
929 544 963 608 Si
993 542 1174 625 secundum,
1204 567 1315 608 nomeu

207 650 314 718 formae
328 654 538 719 substantialis
553 655 701 741 accipitur
722 657 837 736 stricte,
853 666 884 721 et
900 679 962 721 non
977 657 1120 722 convenit
1135 656 1264 722 animae:
1290 658 1316 722 si

207 764 353 850 primum,
376 789 490 831 nomen
513 768 617 833 formae
639 768 848 834 substantialis
873 769 1020 855 accipitur
1041 770 1112 849 late,
1136 769 1236 833 idest
1258 789 1314 854 pro

206 876 304 942 forma
323 879 467 960 naturali,
482 887 513 945 et
536 880 678 946 convenit
696 880 805 947 animae
814 906 823 960 ς
848 881 901 946 sed
915 881 955 945 ad
976 880 1127 946 tollendas
1146 880 1313 965 aequivoca«

205 986 303 1053 tiones
317 990 440 1075 expedit
454 992 558 1076 potius
571 994 746 1071 actualem,
761 1015 855 1078 quam
870 992 1103 1057 substantialem
1119 992 1229 1057 dicere.
1263 993 1312 1056 De

205 1121 266 1183 qua
279 1123 323 1181 re,
338 1124 378 1166 ne
398 1102 506 1168 eadem
526 1103 640 1168 frustra
660 1113 849 1189 repetantur,
865 1104 934 1169 vide
951 1127 1019 1190 quae
1032 1104 1094 1168 late
1112 1103 1311 1168 disseruimus

204 1210 237 1273 in
259 1220 392 1278 tractatu
413 1214 452 1279 de
475 1216 582 1300 primis
602 1216 762 1301 principiis
777 1217 820 1297 (n.
838 1218 970 1300 ara-62),
986 1217 1153 1302 praesertim
1178 1215 1232 1280 ubi
1250 1215 1310 1280 sol·

204 1332 320 1387 vuntur
330 1325 532 1391 abiectiones:
555 1326 654 1392 obiter
661 1336 765 1391 tamen
776 1328 966 1407 concludam,
978 1350 1014 1392 ex
1023 1328 1072 1392 his
1082 1326 1310 1413 sequi‘animam

203 1456 266 1498 non
289 1434 398 1500 debere
417 1437 477 1501 dici
498 1445 602 1502 actum
620 1438 757 1523 primum
771 1438 906 1523 corporis
925 1447 959 1503 ut
978 1439 1118 1523 corporis,
1135 1436 1189 1501 sed
1206 1446 1308 1502 actum

202 1546 337 1631 primum
352 1549 417 1613 eius
431 1558 465 1615 ut
480 1552 656 1635 inpotentia
670 1553 761 1615 vitam
776 1551 929 1625 holemim
953 1550 1006 1635 qui
1021 1550 1160 1614 videlicet
1176 1549 1228 1613 det
1243 1570 1308 1613 cor-

202 1658 268 1742 pori
283 1658 362 1723 illud
376 1683 451 1741 esse,
467 1661 506 1726 ad
520 1660 603 1746 quod
618 1662 717 1726 solum
732 1662 826 1727 estin
843 1663 986 1747 potentia.

247 1774 298 1837 13.
322 1772 477 1849 Quaeritur
498 1782 616 1858 quarto,
633 1786 678 1838 'aa
698 1776 889 1857 compositam
907 1774 942 1838 de
956 1797 1012 1859 qao
1028 1775 1127 1858 capitur
1138 1775 1233 1854 possit
1248 1795 1308 1836 crac

201 1906 289 1947 auam
300 1908 357 1969 per
369 1909 410 1966 aa,
426 1888 498 1970 pain
513 1895 609 1949 tonica
624 1888 723 1950 anima
738 1888 787 1949 det
803 1889 919 1970 corpori
927 1888 1057 1969 primam
1073 1907 1132 1949 csse
1146 1906 1260 1967 corpas.

246 1995 437 2081 Respondeo,
452 1997 655 2083 compositum
670 1997 735 2061 fore
749 2020 847 2060 unum
863 2018 917 2081 per
932 2018 963 2061 se
978 1996 1126 2075 naturale,
1143 2018 1195 2059 seu
1212 2016 1303 2057 unam

117 2095 124 2113 ’
201 2128 256 2190 per
285 2130 317 2171 se
344 2118 487 2174 naturam
517 2110 709 2194 completam,
739 2108 859 2173 etiamsi
888 2108 990 2172 anima
1013 2130 1075 2172 non
1106 2107 1158 2172 det
1188 2106 1304 2191 corpori

201 2219 334 2302 primum
349 2243 415 2285 esse
429 2244 557 2305 corpus:
581 2244 643 2287 non
658 2231 762 2287 autern
777 2222 842 2285 fore
858 2244 950 2285 unam
966 2243 1020 2306 per
1035 2243 1067 2284 se
1082 2219 1303 2295 substantiam

201 2330 284 2415 quod
298 2355 354 2397 nec
369 2341 415 2397 est
431 2334 634 2398 necessarium
648 2333 687 2398 ad
707 2334 857 2398 unitatem
881 2343 1009 2413 naturae,
1030 2355 1086 2397 nec
1101 2332 1192 2397 etiam
1208 2330 1304 2415 possi·

200 2444 271 2510 bile.
332 2445 422 2510 Hanc
460 2456 562 2511 autem
602 2445 839 2531 propositionem
880 2468 934 2531 per
966 2454 1068 2530 partes
1100 2444 1142 2508 sic
1175 2441 1305 2507 breviter

202 2555 372 2622 ostendam.

210 2675 214 2685 '
245 2670 358 2750 Primo,
379 2670 463 2755 quod
484 2673 686 2756 compositum
708 2673 849 2737 ficturum
870 2673 909 2737 sit
928 2694 1025 2736 unum
1040 2692 1095 2754 per
1110 2692 1141 2732 se
1157 2667 1304 2746 naturale,

202 2789 372 2844 constater
389 2803 425 2845 eo
443 2783 526 2866 quod
548 2804 644 2846 unum
669 2806 723 2869 per
744 2782 884 2848 accidens
906 2791 981 2846 tunc
1003 2781 1159 2858 habeatur,
1183 2778 1305 2863 quando

201 2892 316 2977 aliquid
338 2893 523 2958 accidentale
546 2890 668 2959 advenit
690 2904 807 2960 naturae
829 2895 890 2958 iam
913 2893 1105 2958 constitutae:
1130 2901 1160 2953 at
1183 2890 1306 2975 quando

201 3005 327 3089 ponitur
355 3005 457 3070 anima
485 3007 567 3070 uniri
582 3007 699 3092 corpori
728 3007 762 3071 in
791 3005 930 3092 potentia
955 3005 1048 3069 vitam
1077 3001 1212 3081 habenti,
1244 3023 1305 3064 non

200 3117 327 3202 ponitur
352 3116 467 3202 aliquid
493 3117 677 3182 accidentale
702 3118 865 3182 adveniens
892 3126 1008 3181 naturae
1034 3114 1095 3178 iam
1121 3112 1306 3189 constitutae,

201 3229 255 3293 sed
269 3229 394 3313 ponitur
413 3229 455 3308 id,
477 3252 538 3314 quo
559 3229 659 3315 primo
681 3239 790 3294 natura
805 3229 933 3294 viventis
956 3226 1153 3292 constituitur
1175 3226 1206 3288 in
1229 3247 1308 3293 esse,

199 3342 282 3426 Ergo
297 3340 484 3425 impossibile
499 3352 545 3405 est
566 3342 682 3406 dictum
704 3343 908 3426 compositum
931 3340 1116 3405 constituere
1136 3359 1232 3400 unum
1250 3359 1308 3421 per

199 3453 348 3534 accidens,
372 3453 505 3518 sederit
527 3477 625 3517 unum
647 3476 701 3538 per
723 3477 764 3531 ae,
787 3453 907 3517 etiamsi
927 3451 1027 3516 anima
1042 3472 1104 3514 non
1121 3449 1171 3514 det
1188 3447 1304 3533 corpori

199 3566 333 3650 primum
349 3588 414 3630 esse
429 3566 571 3650 corporis.

250 3678 318 3743 Erit
351 3688 455 3742 tamen
489 3700 587 3742 unum
618 3699 673 3761 per
701 3700 733 3741 se
762 3677 907 3755 naturale,
938 3697 1000 3738 non
1034 3659 1233 3748 cacbstobtialc,
1267 3681 1306 3734 ut·

199 3791 333 3856 secundo
348 3790 571 3854 ostendendum
588 3797 642 3854 est.
691 3788 848 3865 Naturale,
864 3787 936 3873 quia
951 3809 1060 3871 corpus
1074 3785 1251 3869 organicum
1268 3783 1307 3846 in*

197 3902 335 3986 potentia
349 3902 443 3965 vitam
458 3900 574 3965 habens
594 3900 688 3984 exigit
711 3899 842 3963 enimam
865 3908 1021 3982 tamquam
1044 3897 1102 3962 sibi
1124 3895 1303 3960 naturaliter

133 4075 136 4080 .
199 4013 343 4091 debitam,
366 4012 457 4076 utin
479 4033 545 4076 esse
574 4010 706 4075 naturali
728 4010 865 4089 viventis,
890 4010 928 4073 ad
950 4005 1032 4094 quod
1055 4008 1224 4087 ordinatur,
1247 4027 1306 4092 per

198 4148 264 4189 eam
282 4133 431 4188 actuetur·
476 4116 549 4187 Non
569 4122 777 4200 substantiale,
797 4117 870 4206 quia
887 4145 922 4184 ex
938 4142 1061 4205 corpore
1076 4129 1106 4184 et
1121 4119 1222 4182 anima
1238 4141 1300 4183 non

198 4237 393 4322 componitur
422 4235 522 4321 aliqua
551 4236 722 4300 substantia
746 4259 781 4298 ex
809 4244 938 4318 utroque
968 4234 1071 4310 mixta,
1098 4231 1151 4295 sed
1178 4240 1298 4295 tanturn

198 4350 300 4434 aliqua
323 4357 433 4412 natura
456 4372 492 4412 ex
516 4359 645 4433 utraque
671 4347 842 4412 substantia
872 4346 1028 4430 adaequate
1054 4352 1207 4408 constans.
1252 4335 1303 4406 Dc

242 4480 315 4524 von.
332 4480 369 4522 11.
1104 4476 1126 4517 u
