3200 4975
283 348 326 409 56
565 368 607 411 nn
623 368 825 413 suusruurra
841 370 1046 415 amaracum.
1244 353 1331 440 [car.
1349 376 1388 421 11.

326 534 371 599 Ex
386 558 448 621 quo
464 545 599 622 apparet,
620 536 810 603 intellectum
829 548 861 601 et
875 538 1064 605 voluntatem
1084 539 1189 605 eodem
1211 540 1303 605 modo
1321 564 1389 606 esse

282 646 460 733 inpotentia
474 648 514 713 ad
529 671 600 715 suos
615 658 710 728 actus,
727 648 866 714 similiter
879 650 992 715 moveri
1006 650 1045 715 ab
1060 650 1188 732 obiecto,
1203 661 1235 717 et
1249 652 1390 718 similiter

282 760 492 845 conquiescere
507 761 541 825 in
559 761 678 827 obiecto
698 770 734 827 ut
756 761 944 847 intelligenti
969 763 1016 827 vel
1031 762 1144 828 volenti
1170 763 1388 848 perfectionem

283 872 443 939 afferente:
468 872 521 939 sed
535 874 724 939 intellectum
745 896 811 940 esse
828 876 924 959 prins,
939 875 1127 941 voluntatem
1142 884 1212 960 post
1219 902 1231 954 ;
1252 885 1284 941 et
1297 876 1388 941 intel-

282 983 396 1049 lectum
421 984 610 1049 denominari
633 984 671 1050 ab
696 994 767 1049 actu
792 984 893 1051 adbuc
915 985 1063 1051 existente
1080 987 1112 1051 in
1128 988 1176 1052 via
1190 990 1230 1051 ad
1244 987 1388 1053 ultimum

282 1095 331 1158 sui
346 1097 613 1181 complementum,
629 1097 820 1163 voluntatem
832 1121 903 1163 vero
911 1099 950 1164 ab
961 1107 1031 1164 actu
1047 1108 1082 1163 ut
1097 1098 1228 1165 habente
1243 1100 1387 1164 ultimum

283 1206 330 1269 sui
360 1208 627 1293 complementum,
657 1210 741 1295 quod
768 1219 816 1275 est
842 1210 930 1296 quies
957 1219 989 1275 et
1017 1209 1206 1303 approbatio.
1249 1210 1291 1275 ut
1320 1210 1388 1273 ideo

283 1317 439 1385 distinctio
460 1322 540 1387 inter
560 1322 750 1387 intellectum
764 1331 796 1387 et
810 1323 999 1389 voluntatem
1014 1332 1061 1389 est
1077 1323 1232 1389 distinctio
1251 1323 1385 1387 eiusdem

284 1430 420 1497 entitatis
445 1432 590 1499 absolutae
606 1456 624 1497 a
638 1456 670 1498 se
685 1434 760 1519 ipsa,
782 1434 951 1499 secundum
971 1442 1152 1520 conceptum
1167 1434 1343 1519 incompleti
1357 1442 1388 1498 et

282 1542 435 1627 completi,
451 1567 514 1610 non
529 1568 599 1609 vero
616 1546 784 1611 secundum
800 1546 885 1612 aliud
900 1558 931 1611 et
945 1547 1030 1611 aliud
1043 1547 1133 1611 reale.

326 1655 406 1731 Quia
420 1680 491 1723 vero
511 1659 682 1723 communis
704 1682 776 1723 usus
796 1659 952 1745 loquendi,
972 1682 1033 1745 quo
1053 1659 1184 1725 dicimus
1198 1661 1386 1725 voluntatem

281 1767 362 1829 trahi
375 1767 414 1832 ab
428 1768 546 1835 obiecto
564 1770 659 1855 (quod
678 1793 741 1835 non
761 1769 894 1835 solemus
917 1770 1014 1836 dicere
1029 1770 1067 1835 de
1081 1770 1251 1855 intellectu)
1269 1772 1388 1837 videtur

281 1880 465 1944 constituere
476 1882 640 1966 quamdam
652 1882 854 1947 differentiam
865 1882 945 1947 inter
957 1882 1144 1947 intellectum
1157 1891 1188 1947 et
1198 1882 1386 1948 voluntatem

279 1989 357 2055 circa
383 1991 510 2069 modum,
532 1994 652 2058 essendi
678 1995 711 2058 in
735 1995 882 2079 potentia,
907 1994 1125 2059 advertendum
1150 2002 1207 2074 est,
1232 1996 1315 2080 quod
1337 1995 1387 2060 hic

279 2100 424 2187 loquendi
438 2105 548 2170 modus
566 2106 677 2171 ductus
692 2114 738 2170 est
753 2130 771 2170 a
785 2105 1026 2171 consideratione
1047 2114 1173 2170 actuum
1196 2106 1330 2171 hominis
1355 2116 1386 2171 et

279 2217 467 2299 animalium,
482 2244 611 2306 quorum
626 2222 784 2287 tendentia
798 2222 839 2286 ad
853 2221 934 2286 bona
955 2221 1110 2287 sensibilia
1132 2222 1239 2307 nequit
1262 2221 1385 2307 expleri,

279 2328 339 2392 nisi
354 2332 508 2416 appetitus
527 2333 658 2419 applicet
682 2334 759 2398 vires
786 2334 914 2398 motivas
940 2334 979 2398 ad
1002 2342 1089 2399 actus
1112 2334 1282 2399 exteriores.
1327 2335 1385 2398 Per

281 2437 359 2506 hauc
375 2451 476 2509 autem
497 2445 730 2531 applicationem
751 2445 872 2511 videtur
896 2446 962 2531 ipse
981 2446 1135 2531 appetitus
1150 2446 1231 2511 trabi
1247 2443 1287 2510 ad
1301 2452 1385 2509 exte-

279 2552 367 2634 riora,
384 2577 480 2641 quum
494 2557 634 2622 trahatur
647 2557 686 2621 ad
705 2557 901 2643 imperandos
924 2567 1009 2622 actus
1031 2557 1188 2622 externos:
1211 2557 1325 2622 ethaeo
1340 2566 1386 2621 est

279 2669 366 2748 ratio,
378 2679 503 2755 propter
517 2694 608 2756 quam
624 2671 689 2735 iure
705 2670 835 2735 invaluit
851 2694 925 2735 usus
941 2670 1070 2750 dicendi,
1080 2670 1258 2735 voluntatem
1272 2671 1386 2736 tendere

279 2783 312 2843 iu
325 2805 372 2846 res
387 2785 553 2849 exteriores.
600 2784 661 2848 Sed
686 2787 786 2869 primo
814 2784 937 2848 evidens
963 2793 1019 2863 est,
1041 2784 1123 2868 quod
1137 2784 1309 2869 imperium,
1325 2806 1387 2868 quo

279 2904 441 2960 moventur
469 2896 546 2960 vires
576 2897 737 2961 executivae
765 2904 907 2976 externae,
938 2894 1135 2979 consequitur
1158 2904 1261 2959 actum
1283 2895 1384 2979 ipsum

277 3005 443 3086 volitionis‚
459 3029 521 3091 quo
536 3007 604 3092 quis
619 3006 651 3070 in
667 3005 784 3071 obiecto
805 3005 863 3070 sibi
884 3005 1051 3090 complacet
1059 3031 1069 3084 ;
1093 3005 1182 3069 etsie
1201 3006 1268 3090 ipsa
1282 3005 1385 3069 volitio

278 3139 341 3180 non
367 3117 468 3181 tendit
496 3119 618 3182 iurem
643 3119 821 3182 exteriorem
844 3119 1000 3183 subiectiora
1024 3126 1055 3181 et
1084 3117 1201 3182 ratione
1230 3117 1384 3203 potentiae,

279 3229 366 3292 cuius
391 3239 437 3292 est
467 3237 562 3309 actus,
592 3230 646 3295 sed
674 3231 813 3294 obiective
841 3237 963 3293 tantum
987 3238 1018 3292 et
1041 3229 1159 3294 ratione
1187 3229 1321 3308 termini,
1346 3229 1385 3293 ad

278 3361 368 3424 quem
391 3339 521 3405 refertur
545 3350 640 3420 actus,
664 3342 742 3405 sicut
762 3341 855 3405 etiam
876 3340 1008 3405 diximus
1032 3341 1070 3405 de
1095 3349 1167 3406 actu
1188 3341 1384 3406 intellectivo.

280 3450 420 3514 Secundo
435 3451 558 3517 evidens
572 3462 629 3534 est,
645 3453 728 3538 quod
741 3475 839 3538 purus
853 3452 988 3537 spiritus,
1000 3452 1088 3517 cuius
1103 3452 1219 3517 bonum
1234 3462 1281 3517 est
1296 3453 1384 3538 spiri-

280 3565 373 3646 tuale,
389 3577 513 3632 nonest
530 3591 608 3653 opus
623 3568 705 3653 quod
729 3591 849 3654 semper
870 3576 973 3633 utatur
994 3567 1113 3632 actibus
1128 3567 1326 3633 exterioribus
1345 3567 1384 3632 ad

278 3678 493 3763 attingendum
509 3703 599 3745 suum
615 3680 767 3745 obiectum
776 3706 786 3759 ,·
811 3680 883 3766 quia
897 3680 1012 3745 bonum
1028 3679 1185 3765 spirituale
1206 3679 1385 3745 substantiae

279 3790 454 3875 spiritualis,
479 3791 601 3878 quando
627 3792 791 3876 attingitur
818 3792 985 3857 secundum
1011 3791 1202 3856 intellectum
1225 3802 1256 3856 et
1282 3800 1384 3857 movet

277 3904 432 3982 affectum,
443 3914 490 3969 est
505 3904 688 3969 sufficienter
701 3926 837 3989 praeaens
851 3903 1020 3968 secundum
1034 3903 1182 3968 rationem
1198 3904 1383 3988 perficientis

277 4013 475 4096 voluntatem,
494 4027 530 4080 ut
544 4016 686 4081 voluntas
711 4017 807 4101 possit
831 4038 866 4081 eo
893 4015 1035 4080 delectari
1055 4024 1086 4079 et
1106 4016 1139 4078 in
1155 4016 1220 4079 eius
1235 4014 1383 4100 approba·

277 4128 360 4192 tione
385 4130 611 4214 conquiescere:
635 4129 718 4214 quod
746 4129 909 4214 aliquando
933 4129 1025 4194 etiam
1047 4128 1080 4192 in
1104 4128 1281 4193 homiuibus
1311 4151 1383 4193 con-

275 4241 379 4324 tingit,
399 4242 566 4326 praesertim
588 4240 677 4305 bouis
702 4250 733 4305 et
749 4240 961 4326 speculativis,
988 4239 1041 4326 qui
1066 4240 1099 4303 in
1124 4241 1383 4326 contemplatione

278 4351 411 4415 veritatis
429 4353 558 4436 cognitae
577 4376 638 4417 non
667 4352 765 4416 solum
790 4351 949 4417 intellectu
975 4353 1185 4431 immorantur,
1211 4353 1380 4418 sedetiam
