3200 4975
207 388 279 430 cna.
296 368 366 452 ιιι]
597 371 639 430 ira
657 388 915 431 scernnumnus.
1241 366 1305 429 377

153 583 155 587 ·
207 551 354 615 diversam
380 552 527 616 rationem
551 552 686 630 habebit,
714 553 838 637 quando
862 552 1058 629 illudentem,
1083 572 1136 635 per
1165 549 1247 634 quod
1272 549 1307 611 fit

207 665 403 742 memoratio,
415 664 472 727 erit
487 665 604 727 diversa
616 666 742 728 rationis
752 666 784 726 in
797 664 1008 740 numerand&
1031 685 1103 726 nam
1112 660 1307 739 mensurati0,

207 796 261 837 sen
275 775 469 858 comparatio,
483 776 637 838 secundam
656 797 687 838 cc
701 784 748 838 εει
762 797 825 837 una
845 773 944 858 specie
959 774 1104 857 operatio,
1120 795 1188 857 quae
1202 772 1309 856 nequit

206 884 372 949 formaliter
394 885 547 949 differrea
568 884 675 969 seipsa,
691 885 745 949 scd
766 884 964 949 materialiter
979 884 1088 963 solnm,
1103 884 1135 947 in
1158 891 1307 968 quantum

206 996 416 1081 prolonganda
440 1006 486 1061 εει
509 998 607 1081 magis
631 997 678 1061 vel
700 997 824 1061 minus:
848 996 930 1061 unde
956 1004 1094 1081 superest
1117 1003 1153 1058 ut
1178 1002 1309 1078 nequeat

207 1108 392 1172 mensuratio
407 1130 572 1192 perunum
587 1130 653 1172 esse
667 1107 792 1172 diversae
807 1107 934 1172 rationis
949 1107 1008 1171 nisi
1022 1114 1146 1191 propter
1161 1104 1309 1169 diversam

206 1218 353 1282 rationem
368 1218 524 1283 formalem
539 1218 677 1298 unitatis,
693 1242 762 1304 qnae
780 1219 927 1303 accipitur
942 1218 981 1282 ad
996 1217 1254 1282 mensurandum:
1277 1224 1308 1280 et

207 1338 427 1414 consequenter
434 1334 546 1393 nummi
560 1353 657 1395 omnes
667 1340 753 1395 cunt
767 1331 891 1394 eiusdem
904 1332 1010 1414 speciei
1018 1338 1070 1393 adt
1081 1330 1207 1406 diccraae,
1217 1337 1311 1411 prout

206 1443 313 1518 caitae,
338 1465 396 1524 qua
415 1450 619 1505 mensurantur
639 1444 830 1525 quantitates,
846 1444 902 1506 crit
924 1442 1048 1505 circsdcm
1069 1442 1174 1524 speciei
1193 1448 1245 1503 ant
1266 1441 1310 1504 di-

207 1574 302 1615 veram

251 1666 302 1727 75.
327 1663 429 1746 Atque
451 1663 502 1727 hic
523 1663 702 1741 notandum,
723 1662 837 1727 multos
860 1685 925 1727 esse
948 1662 1001 1746 qui
1024 1662 1141 1741 dicunt,
1162 1684 1311 1725 numerum

207 1776 335 1857 campere
349 1777 470 1857 speciem
484 1776 522 1837 ab
540 1775 644 1837 ultima
658 1776 791 1838 unitate:
815 1774 870 1859 qui
884 1774 1026 1839 videntur
1040 1773 1083 1837 ita
1104 1772 1224 1851 dixisse,
1240 1772 1312 1857 quia

207 1885 387 1949 Aristoteles
410 1885 524 1964 docuit,
544 1888 652 1968 specics
675 1908 736 1949 erse
758 1888 833 1949 iicet
856 1907 998 1963 numeros,
1021 1887 1071 1967 qai
1096 1884 1237 1967 differunt
1254 1906 1312 1966 per

208 1997 383 2059 additionem
403 1996 451 2059 vel
469 1997 696 2059 subtractionem
717 1997 859 2059 unitatis:
883 2018 975 2080 quam
997 1994 1166 2058 doctrinam
1187 1994 1311 2058 adhibet

209 2106 240 2170 S.
253 2106 385 2170 Thomas
400 2106 439 2170 ad
454 2106 656 2190 probandum,
669 2129 775 2170 omnes
790 2106 915 2190 angelos
931 2106 1028 2189 specie
1038 2106 1119 2168 inter
1134 2128 1165 2168 se
1180 2104 1309 2185 differre,

208 2227 243 2280 ut
269 2218 401 2281 vidimus
427 2218 460 2281 in
485 2225 618 2281 tractatu
642 2217 680 2282 de
706 2218 878 2282 substantia
905 2203 1057 2301 spirituali
1078 2238 1110 2279 n.
1136 2219 1190 2281 23.
1251 2218 1311 2281 Sed

209 2329 349 2393 ultimam
364 2330 514 2393 unitatem
529 2329 600 2393 dare
616 2330 746 2413 speciem
762 2350 890 2392 numero
906 2338 952 2391 est
974 2349 1098 2411 prorsus
1113 2327 1310 2411 impossibile.

209 2442 290 2505 Nam
315 2446 347 2506 1⁰
362 2441 444 2527 quod
469 2440 520 2505 dat
543 2440 672 2526 speciem
694 2462 822 2505 numero
846 2438 936 2504 debet
959 2438 1030 2503 dare
1055 2438 1101 2502 illi
1122 2460 1187 2502 εεεε
1212 2459 1310 2501 unum

208 2577 389 2648 numerum:
412 2553 497 2637 atqui
512 2554 621 2617 ultima
636 2553 738 2616 unitas
759 2553 915 2616 evidenter
930 2573 992 2614 non
1008 2551 1059 2614 dat
1075 2549 1120 2613 illi
1134 2572 1198 2613 esse
1213 2572 1311 2612 unum

209 2686 393 2740 numerum3
416 2686 499 2745 ergo.
544 2667 586 2726 2⁰.
613 2662 704 2738 Quod
724 2662 777 2725 dat
797 2663 928 2745 speciem
950 2683 1077 2725 numero
1093 2660 1182 2724 debet
1201 2660 1312 2724 habere

209 2773 358 2836 rationem
369 2773 491 2836 formae:
515 2774 600 2856 atqui
612 2772 721 2835 ultima
735 2766 838 2836 unitas
850 2773 1016 2836 nonhabet
1028 2773 1175 2836 rationem
1187 2773 1310 2851 formae3

212 2883 363 2968 siquidem
385 2891 431 2946 εει
456 2906 527 2967 pars
553 2882 726 2962 materialis,
754 2884 833 2948 sicut
859 2894 889 2947 et
919 2884 985 2948 aliae
1015 2883 1148 2947 unitates
1177 2882 1311 2947 eiusdem

211 2995 331 3058 numeri
342 3020 351 3072 3
383 3016 466 3077 ergo.
526 2997 569 3058 3⁰.
604 2994 643 3056 In
673 3017 802 3057 numero
832 2994 934 3058 decem
968 2994 1139 3072 hominum,
1169 2993 1313 3078 qnaelibet

212 3107 313 3169 unitas
339 3105 434 3188 accipi
459 3113 560 3188 potest
586 3114 621 3169 ut
648 3105 774 3184 ultima3
807 3106 832 3168 si
858 3128 931 3189 ergo
960 3104 1070 3170 ultima
1096 3105 1198 3168 unitas
1228 3105 1313 3169 daret

211 3217 340 3300 speciem
355 3238 492 3295 numero,
508 3240 526 3280 a
544 3239 605 3301 quo
619 3217 744 3279 homine
765 3239 913 3280 numerus
933 3216 1034 3280 decem
1052 3216 1212 3278 hominum
1235 3217 1312 3280 acci·

210 3337 295 3412 peret
318 3327 474 3412 speciem?
520 3328 615 3390 Nulla
638 3336 685 3391 εει
707 3327 793 3406 ratio,
812 3350 866 3391 cur
886 3327 924 3391 ab
946 3327 1004 3391 hoc
1025 3326 1138 3411 potius,
1157 3348 1248 3410 quam
1275 3326 1312 3390 ab

210 3441 282 3502 illoz
305 3447 336 3502 et
360 3438 403 3502 sic
427 3461 445 3502 a
468 3446 553 3523 parte
578 3439 621 3502 rei
648 3438 694 3502 vel
725 3438 811 3502 nulla
836 3437 946 3502 ultima
975 3438 1078 3502 unitas
1101 3437 1153 3500 dat
1183 3437 1312 3521 speciem

210 3573 347 3629 numero,
370 3550 416 3614 vel
442 3550 637 3614 habebuntur
662 3557 709 3613 tot
731 3549 868 3613 unitates
890 3549 998 3613 dantes
1022 3548 1151 3632 speciem
1174 3571 1311 3629 numero,

211 3671 286 3746 quot
312 3670 384 3725 sunt
408 3661 541 3725 unitates
571 3661 604 3723 in
630 3682 768 3724 numero.
815 3660 881 3724 Nec
908 3660 986 3724 valet
1015 3660 1207 3744 respondere,
1230 3661 1313 3744 quod

212 3771 337 3854 accipiet
366 3771 496 3854 speciem
525 3793 673 3834 numerus
702 3769 740 3834 ab
771 3792 806 3833 ea
836 3770 964 3848 unitate,
992 3793 1054 3854 quc
1079 3772 1111 3833 in
1139 3773 1314 3835 comendo

211 3883 315 3945 ultima
335 3891 480 3945 rcaianct:
511 3905 582 3945 nam
609 3881 684 3945 ordo
707 3881 928 3945 numerationis
950 3890 996 3945 est
1019 3881 1104 3961 ordo,
1128 3903 1218 3966 quem
1242 3882 1314 3946 facit

210 3994 263 4058 ille
284 3993 339 4080 qui
353 4002 504 4071 numerat,
519 4001 550 4056 et
572 3993 622 4056 hic
636 3993 711 4058 ordo
728 3994 805 4057 nihil
820 3994 853 4058 in
876 3994 966 4059 rebus
981 3994 1090 4078 ponit,·
1113 4016 1186 4078 ergo
1201 3993 1312 4059 forma-

211 4107 280 4170 litaa
302 4104 427 4181 ultimae,
454 4126 546 4188 quam
573 4105 682 4188 accipit
703 4105 806 4169 unitas
829 4109 907 4191 quae'
922 4105 1243 4298 ultinffirumeratur,
1267 4116 1313 4171 εει

1081 4223 1117 4279 ut
1137 4214 1190 4278 illa
1211 4216 1313 4280 unitas

216 4349 234 4388 a
248 4334 332 4408 parte
344 4326 388 4389 rei
402 4327 455 4389 fiat
467 4324 592 4388 alterins
607 4325 732 4389 rationis
747 4348 765 4389 a
780 4327 904 4407 caeteris,
916 4349 984 4391 cum
996 4325 1106 4410 quibus
1117 4336 1312 4391 numeratur:

213 4215 379 4279 formalitas
400 4213 553 4291 mentalis,
568 4235 630 4276 non
653 4214 758 4279 realis:
782 4217 872 4281 etsie
891 4239 954 4280 non
977 4237 993 4278 e
