<?xml version="1.0" encoding="UTF-8"?>
<!DOCTYPE html PUBLIC "-//W3C//DTD XHTML 1.0 Transitional//EN"
    "http://www.w3.org/TR/xhtml1/DTD/xhtml1-transitional.dtd">
<html xmlns="http://www.w3.org/1999/xhtml" xml:lang="en" lang="en">
 <head>
  <title>
</title>
<meta http-equiv="Content-Type" content="text/html;charset=utf-8" />
  <meta name='ocr-system' content='tesseract 3.04.00' />
  <meta name='ocr-capabilities' content='ocr_page ocr_carea ocr_par ocr_line ocrx_word'/>
</head>
<body>
  <div class='ocr_page' id='page_1' title='image "./realisphilosoph02baymgoog_0030.png"; bbox 0 0 3200 4975; ppageno 0'>
   <div class='ocr_carea' id='block_1_1' title="bbox 0 0 6 1014">
    <p class='ocr_par' dir='ltr' id='par_1_1' title="bbox 0 0 6 1014">
     <span class='ocr_line' id='line_1_1' title="bbox 0 0 6 1014; baseline 0 0"><span class='ocrx_word' id='word_1_1' title='bbox 0 0 6 1014; x_wconf 95' lang='lat' dir='ltr'> </span> 
     </span>
    </p>
   </div>
   <div class='ocr_carea' id='block_1_2' title="bbox 291 342 1394 425">
    <p class='ocr_par' dir='ltr' id='par_1_2' title="bbox 291 342 1394 425">
     <span class='ocr_line' id='line_1_2' title="bbox 291 342 1394 425; baseline 0 -22"><span class='ocrx_word' id='word_1_2' title='bbox 291 343 332 403; x_wconf 88' lang='lat'>16</span> <span class='ocrx_word' id='word_1_3' title='bbox 600 364 642 407; x_wconf 84' lang='lat' dir='ltr'>uu</span> <span class='ocrx_word' id='word_1_4' title='bbox 659 364 859 406; x_wconf 71' lang='lat' dir='ltr'>suessanum</span> <span class='ocrx_word' id='word_1_5' title='bbox 876 361 1075 405; x_wconf 79' lang='lat' dir='ltr'>sriurroam.</span> <span class='ocrx_word' id='word_1_6' title='bbox 1266 342 1353 425; x_wconf 70' lang='lat' dir='ltr'>[can</span> <span class='ocrx_word' id='word_1_7' title='bbox 1370 363 1394 403; x_wconf 90' lang='lat'>1.</span> 
     </span>
    </p>
   </div>
   <div class='ocr_carea' id='block_1_3' title="bbox 282 528 1394 2288">
    <p class='ocr_par' dir='ltr' id='par_1_3' title="bbox 286 528 1394 837">
     <span class='ocr_line' id='line_1_3' title="bbox 286 528 1392 614; baseline 0.002 -23"><span class='ocrx_word' id='word_1_8' title='bbox 286 529 318 591; x_wconf 89' lang='lat' dir='ltr'>in</span> <span class='ocrx_word' id='word_1_9' title='bbox 345 528 463 593; x_wconf 89' lang='lat' dir='ltr'>unitate</span> <span class='ocrx_word' id='word_1_10' title='bbox 488 529 685 595; x_wconf 83' lang='lat' dir='ltr'>substantiae:</span> <span class='ocrx_word' id='word_1_11' title='bbox 709 539 800 614; x_wconf 87' lang='lat' dir='ltr'>atque</span> <span class='ocrx_word' id='word_1_12' title='bbox 823 530 873 594; x_wconf 93' lang='lat' dir='ltr'>hic</span> <span class='ocrx_word' id='word_1_13' title='bbox 892 530 1041 595; x_wconf 87' lang='lat' dir='ltr'>terminus</span> <span class='ocrx_word' id='word_1_14' title='bbox 1066 528 1163 593; x_wconf 87' lang='lat' dir='ltr'>vocari</span> <span class='ocrx_word' id='word_1_15' title='bbox 1187 536 1287 612; x_wconf 87' lang='lat' dir='ltr'>potest</span> <span class='ocrx_word' id='word_1_16' title='bbox 1308 551 1392 593; x_wconf 91' lang='lat' dir='ltr'>amor</span> 
     </span>
     <span class='ocr_line' id='line_1_4' title="bbox 287 639 1394 726; baseline 0.002 -23"><span class='ocrx_word' id='word_1_17' title='bbox 287 640 406 723; x_wconf 86' lang='lat' dir='ltr'>primus</span> <span class='ocrx_word' id='word_1_18' title='bbox 416 640 593 725; x_wconf 85' lang='lat' dir='ltr'>productus,</span> <span class='ocrx_word' id='word_1_19' title='bbox 606 649 636 705; x_wconf 88' lang='lat' dir='ltr'>et</span> <span class='ocrx_word' id='word_1_20' title='bbox 646 641 807 705; x_wconf 88' lang='lat' dir='ltr'>constituit</span> <span class='ocrx_word' id='word_1_21' title='bbox 816 642 1024 726; x_wconf 76' lang='lat' dir='ltr'><strong>passivitatem</strong></span> <span class='ocrx_word' id='word_1_22' title='bbox 1034 641 1202 705; x_wconf 87' lang='lat' dir='ltr'>affectivam</span> <span class='ocrx_word' id='word_1_23' title='bbox 1213 639 1394 705; x_wconf 87' lang='lat' dir='ltr'>substantiae</span> 
     </span>
     <span class='ocr_line' id='line_1_5' title="bbox 288 751 1246 837; baseline 0.001 -23"><span class='ocrx_word' id='word_1_24' title='bbox 288 751 464 835; x_wconf 78' lang='lat' dir='ltr'>spiritualia,</span> <span class='ocrx_word' id='word_1_25' title='bbox 480 752 736 837; x_wconf 83' lang='lat' dir='ltr'>quemadmodum</span> <span class='ocrx_word' id='word_1_26' title='bbox 749 753 848 836; x_wconf 88' lang='lat' dir='ltr'>eapite</span> <span class='ocrx_word' id='word_1_27' title='bbox 864 753 1004 837; x_wconf 76' lang='lat' dir='ltr'><strong>sequenti</strong></span> <span class='ocrx_word' id='word_1_28' title='bbox 1019 751 1246 837; x_wconf 84' lang='lat' dir='ltr'>explicabimus.</span> 
     </span>
    </p>

    <p class='ocr_par' dir='ltr' id='par_1_4' title="bbox 287 863 1392 1057">
     <span class='ocr_line' id='line_1_6' title="bbox 333 863 1392 949; baseline -0.002 -22"><span class='ocrx_word' id='word_1_29' title='bbox 333 866 384 928; x_wconf 85' lang='lat'>17.</span> <span class='ocrx_word' id='word_1_30' title='bbox 407 863 564 939; x_wconf 73' lang='lat' dir='ltr'>Quaeritur</span> <span class='ocrx_word' id='word_1_31' title='bbox 586 864 823 949; x_wconf 89' lang='lat' dir='ltr'>decimoquarto,</span> <span class='ocrx_word' id='word_1_32' title='bbox 841 888 897 948; x_wconf 89' lang='lat' dir='ltr'>per</span> <span class='ocrx_word' id='word_1_33' title='bbox 921 865 993 948; x_wconf 86' lang='lat' dir='ltr'>quid</span> <span class='ocrx_word' id='word_1_34' title='bbox 1013 865 1208 928; x_wconf 86' lang='lat' dir='ltr'>indiuiduetur</span> <span class='ocrx_word' id='word_1_35' title='bbox 1227 865 1392 927; x_wconf 85' lang='lat' dir='ltr'>substantia</span> 
     </span>
     <span class='ocr_line' id='line_1_7' title="bbox 287 977 461 1057; baseline 0 -18"><span class='ocrx_word' id='word_1_36' title='bbox 287 977 461 1057; x_wconf 88' lang='lat' dir='ltr'>spiritualis.</span> 
     </span>
    </p>

    <p class='ocr_par' dir='ltr' id='par_1_5' title="bbox 286 1086 1390 1396">
     <span class='ocr_line' id='line_1_8' title="bbox 329 1086 1390 1172; baseline -0.002 -22"><span class='ocrx_word' id='word_1_37' title='bbox 329 1086 504 1171; x_wconf 82' lang='lat' dir='ltr'>Antequam</span> <span class='ocrx_word' id='word_1_38' title='bbox 530 1088 739 1171; x_wconf 83' lang='lat' dir='ltr'>respondeam,</span> <span class='ocrx_word' id='word_1_39' title='bbox 756 1089 924 1152; x_wconf 84' lang='lat' dir='ltr'>necessario</span> <span class='ocrx_word' id='word_1_40' title='bbox 947 1089 1087 1172; x_wconf 86' lang='lat' dir='ltr'>quaedam</span> <span class='ocrx_word' id='word_1_41' title='bbox 1107 1086 1290 1152; x_wconf 85' lang='lat' dir='ltr'>advertenda</span> <span class='ocrx_word' id='word_1_42' title='bbox 1317 1094 1390 1150; x_wconf 89' lang='lat' dir='ltr'>sunt</span> 
     </span>
     <span class='ocr_line' id='line_1_9' title="bbox 286 1196 1389 1284; baseline 0 -23"><span class='ocrx_word' id='word_1_43' title='bbox 286 1209 354 1262; x_wconf 91' lang='lat' dir='ltr'>tum</span> <span class='ocrx_word' id='word_1_44' title='bbox 377 1196 455 1263; x_wconf 72' lang='lat' dir='ltr'>cuca</span> <span class='ocrx_word' id='word_1_45' title='bbox 475 1222 596 1263; x_wconf 87' lang='lat' dir='ltr'>sensum</span> <span class='ocrx_word' id='word_1_46' title='bbox 616 1200 803 1284; x_wconf 74' lang='lat' dir='ltr'>quaestionis,</span> <span class='ocrx_word' id='word_1_47' title='bbox 819 1209 887 1264; x_wconf 92' lang='lat' dir='ltr'>tum</span> <span class='ocrx_word' id='word_1_48' title='bbox 908 1200 987 1265; x_wconf 87' lang='lat' dir='ltr'>eirca</span> <span class='ocrx_word' id='word_1_49' title='bbox 1004 1199 1131 1264; x_wconf 93' lang='lat' dir='ltr'>modum</span> <span class='ocrx_word' id='word_1_50' title='bbox 1150 1200 1257 1264; x_wconf 87' lang='lat' dir='ltr'>utendi</span> <span class='ocrx_word' id='word_1_51' title='bbox 1279 1220 1389 1283; x_wconf 87' lang='lat' dir='ltr'>praece-</span> 
     </span>
     <span class='ocr_line' id='line_1_10' title="bbox 287 1308 1340 1396; baseline 0 -23"><span class='ocrx_word' id='word_1_52' title='bbox 287 1308 430 1374; x_wconf 88' lang='lat' dir='ltr'><strong>dentibus</strong></span> <span class='ocrx_word' id='word_1_53' title='bbox 444 1308 621 1375; x_wconf 90' lang='lat' dir='ltr'>notionibus</span> <span class='ocrx_word' id='word_1_54' title='bbox 636 1311 674 1375; x_wconf 89' lang='lat' dir='ltr'>ad</span> <span class='ocrx_word' id='word_1_55' title='bbox 689 1311 887 1396; x_wconf 83' lang='lat' dir='ltr'>quaestionem</span> <span class='ocrx_word' id='word_1_56' title='bbox 903 1312 1001 1395; x_wconf 86' lang='lat' dir='ltr'>ipsam</span> <span class='ocrx_word' id='word_1_57' title='bbox 1017 1310 1233 1374; x_wconf 84' lang='lat' dir='ltr'>resolvendam.</span> <span class='ocrx_word' id='word_1_58' title='bbox 1337 1359 1340 1364; x_wconf 88' lang='lat'><em>.</em></span> 
     </span>
    </p>

    <p class='ocr_par' dir='ltr' id='par_1_6' title="bbox 282 1421 1388 2288">
     <span class='ocr_line' id='line_1_11' title="bbox 330 1421 1388 1506; baseline -0.001 -21"><span class='ocrx_word' id='word_1_59' title='bbox 330 1422 444 1486; x_wconf 82' lang='lat' dir='ltr'>Sensus</span> <span class='ocrx_word' id='word_1_60' title='bbox 468 1423 644 1506; x_wconf 84' lang='lat' dir='ltr'>quaestionis</span> <span class='ocrx_word' id='word_1_61' title='bbox 664 1422 746 1506; x_wconf 87' lang='lat' dir='ltr'>apud</span> <span class='ocrx_word' id='word_1_62' title='bbox 767 1422 961 1487; x_wconf 87' lang='lat' dir='ltr'>scholasticos</span> <span class='ocrx_word' id='word_1_63' title='bbox 981 1431 1028 1485; x_wconf 90' lang='lat' dir='ltr'>est</span> <span class='ocrx_word' id='word_1_64' title='bbox 1050 1422 1126 1485; x_wconf 88' lang='lat' dir='ltr'>iste:</span> <span class='ocrx_word' id='word_1_65' title='bbox 1150 1423 1213 1485; x_wconf 87' lang='lat' dir='ltr'>Per</span> <span class='ocrx_word' id='word_1_66' title='bbox 1232 1422 1305 1503; x_wconf 81' lang='lat' dir='ltr'>quid</span> <span class='ocrx_word' id='word_1_67' title='bbox 1320 1421 1388 1484; x_wconf 85' lang='lat' dir='ltr'>sub·</span> 
     </span>
     <span class='ocr_line' id='line_1_12' title="bbox 283 1533 1388 1619; baseline -0.001 -23"><span class='ocrx_word' id='word_1_68' title='bbox 283 1535 395 1597; x_wconf 87' lang='lat' dir='ltr'>stantia</span> <span class='ocrx_word' id='word_1_69' title='bbox 409 1535 585 1616; x_wconf 83' lang='lat' dir='ltr'>spiritualis,</span> <span class='ocrx_word' id='word_1_70' title='bbox 598 1556 661 1617; x_wconf 79' lang='lat' dir='ltr'>qua</span> <span class='ocrx_word' id='word_1_71' title='bbox 670 1536 833 1617; x_wconf 87' lang='lat' dir='ltr'>concipitur</span> <span class='ocrx_word' id='word_1_72' title='bbox 844 1543 877 1597; x_wconf 91' lang='lat' dir='ltr'>ut</span> <span class='ocrx_word' id='word_1_73' title='bbox 886 1534 1016 1618; x_wconf 80' lang='lat' dir='ltr'>quadam</span> <span class='ocrx_word' id='word_1_74' title='bbox 1030 1536 1139 1619; x_wconf 79' lang='lat' dir='ltr'>species</span> <span class='ocrx_word' id='word_1_75' title='bbox 1147 1533 1345 1617; x_wconf 80' lang='lat' dir='ltr'>predicabilis</span> <span class='ocrx_word' id='word_1_76' title='bbox 1354 1534 1388 1595; x_wconf 87' lang='lat' dir='ltr'>de</span> 
     </span>
     <span class='ocr_line' id='line_1_13' title="bbox 284 1645 1383 1725; baseline -0.002 -17"><span class='ocrx_word' id='word_1_77' title='bbox 284 1646 383 1709; x_wconf 86' lang='lat' dir='ltr'>multis</span> <span class='ocrx_word' id='word_1_78' title='bbox 398 1647 564 1725; x_wconf 70' lang='lat' dir='ltr'>indiuiduis,</span> <span class='ocrx_word' id='word_1_79' title='bbox 580 1648 787 1710; x_wconf 80' lang='lat' dir='ltr'>determinetur</span> <span class='ocrx_word' id='word_1_80' title='bbox 802 1669 837 1709; x_wconf 90' lang='lat' dir='ltr'>ac</span> <span class='ocrx_word' id='word_1_81' title='bbox 854 1654 1018 1710; x_wconf 82' lang='lat' dir='ltr'>coarctetur</span> <span class='ocrx_word' id='word_1_82' title='bbox 1032 1647 1073 1709; x_wconf 88' lang='lat' dir='ltr'>ud</span> <span class='ocrx_word' id='word_1_83' title='bbox 1084 1668 1174 1709; x_wconf 90' lang='lat' dir='ltr'>unum</span> <span class='ocrx_word' id='word_1_84' title='bbox 1196 1645 1383 1708; x_wconf 81' lang='lat' dir='ltr'>individuum.</span> 
     </span>
     <span class='ocr_line' id='line_1_14' title="bbox 283 1756 1385 1842; baseline 0.001 -24"><span class='ocrx_word' id='word_1_85' title='bbox 283 1756 394 1820; x_wconf 76' lang='lat' dir='ltr'>bithis</span> <span class='ocrx_word' id='word_1_86' title='bbox 417 1756 586 1821; x_wconf 90' lang='lat' dir='ltr'>notandum</span> <span class='ocrx_word' id='word_1_87' title='bbox 610 1766 656 1821; x_wconf 89' lang='lat' dir='ltr'>est</span> <span class='ocrx_word' id='word_1_88' title='bbox 680 1758 788 1842; x_wconf 89' lang='lat' dir='ltr'>primo,</span> <span class='ocrx_word' id='word_1_89' title='bbox 810 1756 971 1841; x_wconf 84' lang='lat' dir='ltr'>plerosque</span> <span class='ocrx_word' id='word_1_90' title='bbox 993 1780 1063 1821; x_wconf 88' lang='lat' dir='ltr'>eum</span> <span class='ocrx_word' id='word_1_91' title='bbox 1086 1757 1118 1821; x_wconf 88' lang='lat' dir='ltr'>S.</span> <span class='ocrx_word' id='word_1_92' title='bbox 1134 1756 1251 1820; x_wconf 78' lang='lat' dir='ltr'>Thomu</span> <span class='ocrx_word' id='word_1_93' title='bbox 1274 1765 1385 1833; x_wconf 87' lang='lat' dir='ltr'>tenere,</span> 
     </span>
     <span class='ocr_line' id='line_1_15' title="bbox 284 1866 1384 1953; baseline 0.002 -24"><span class='ocrx_word' id='word_1_94' title='bbox 284 1866 470 1930; x_wconf 83' lang='lat' dir='ltr'>substantias</span> <span class='ocrx_word' id='word_1_95' title='bbox 480 1868 652 1951; x_wconf 81' lang='lat' dir='ltr'>spirituales</span> <span class='ocrx_word' id='word_1_96' title='bbox 662 1879 815 1953; x_wconf 83' lang='lat' dir='ltr'>separatas</span> <span class='ocrx_word' id='word_1_97' title='bbox 830 1891 892 1931; x_wconf 91' lang='lat' dir='ltr'>non</span> <span class='ocrx_word' id='word_1_98' title='bbox 909 1891 974 1932; x_wconf 87' lang='lat' dir='ltr'>esse</span> <span class='ocrx_word' id='word_1_99' title='bbox 985 1868 1098 1932; x_wconf 87' lang='lat' dir='ltr'>multas</span> <span class='ocrx_word' id='word_1_100' title='bbox 1107 1869 1140 1931; x_wconf 93' lang='lat' dir='ltr'>in</span> <span class='ocrx_word' id='word_1_101' title='bbox 1155 1868 1260 1931; x_wconf 88' lang='lat' dir='ltr'>eadem</span> <span class='ocrx_word' id='word_1_102' title='bbox 1276 1869 1384 1952; x_wconf 89' lang='lat' dir='ltr'>specie,</span> 
     </span>
     <span class='ocr_line' id='line_1_16' title="bbox 284 1979 1385 2065; baseline 0.003 -24"><span class='ocrx_word' id='word_1_103' title='bbox 284 1979 336 2042; x_wconf 89' lang='lat' dir='ltr'>sed</span> <span class='ocrx_word' id='word_1_104' title='bbox 358 2001 448 2042; x_wconf 84' lang='lat' dir='ltr'>unam</span> <span class='ocrx_word' id='word_1_105' title='bbox 477 1979 571 2044; x_wconf 91' lang='lat' dir='ltr'>solam</span> <span class='ocrx_word' id='word_1_106' title='bbox 595 1981 626 2043; x_wconf 90' lang='lat' dir='ltr'>in</span> <span class='ocrx_word' id='word_1_107' title='bbox 646 1980 781 2065; x_wconf 88' lang='lat' dir='ltr'>qualibet</span> <span class='ocrx_word' id='word_1_108' title='bbox 805 1981 913 2063; x_wconf 86' lang='lat' dir='ltr'>specie,</span> <span class='ocrx_word' id='word_1_109' title='bbox 929 1980 962 2043; x_wconf 90' lang='lat' dir='ltr'>id</span> <span class='ocrx_word' id='word_1_110' title='bbox 988 1989 1034 2044; x_wconf 87' lang='lat' dir='ltr'>est</span> <span class='ocrx_word' id='word_1_111' title='bbox 1057 1989 1104 2044; x_wconf 90' lang='lat' dir='ltr'>tot</span> <span class='ocrx_word' id='word_1_112' title='bbox 1127 1979 1293 2058; x_wconf 89' lang='lat' dir='ltr'>individua,</span> <span class='ocrx_word' id='word_1_113' title='bbox 1310 1991 1385 2065; x_wconf 90' lang='lat' dir='ltr'>quot</span> 
     </span>
     <span class='ocr_line' id='line_1_17' title="bbox 283 2090 1384 2177; baseline 0.004 -25"><span class='ocrx_word' id='word_1_114' title='bbox 283 2090 417 2174; x_wconf 87' lang='lat' dir='ltr'>species:</span> <span class='ocrx_word' id='word_1_115' title='bbox 442 2092 479 2154; x_wconf 88' lang='lat' dir='ltr'>de</span> <span class='ocrx_word' id='word_1_116' title='bbox 506 2114 566 2176; x_wconf 93' lang='lat' dir='ltr'>quo</span> <span class='ocrx_word' id='word_1_117' title='bbox 593 2091 753 2176; x_wconf 88' lang='lat' dir='ltr'>loquemur</span> <span class='ocrx_word' id='word_1_118' title='bbox 776 2100 891 2176; x_wconf 87' lang='lat' dir='ltr'>postea.</span> <span class='ocrx_word' id='word_1_119' title='bbox 937 2092 1116 2156; x_wconf 87' lang='lat' dir='ltr'>Notandum</span> <span class='ocrx_word' id='word_1_120' title='bbox 1140 2092 1282 2170; x_wconf 89' lang='lat' dir='ltr'>secundo,</span> <span class='ocrx_word' id='word_1_121' title='bbox 1301 2091 1384 2177; x_wconf 94' lang='lat' dir='ltr'>quod</span> 
     </span>
     <span class='ocr_line' id='line_1_18' title="bbox 282 2202 1384 2288; baseline 0.003 -24"><span class='ocrx_word' id='word_1_122' title='bbox 282 2202 399 2265; x_wconf 83' lang='lat' dir='ltr'>theoria</span> <span class='ocrx_word' id='word_1_123' title='bbox 418 2202 450 2266; x_wconf 80' lang='lat' dir='ltr'>S.</span> <span class='ocrx_word' id='word_1_124' title='bbox 466 2203 592 2267; x_wconf 77' lang='lat' dir='ltr'>Thomae</span> <span class='ocrx_word' id='word_1_125' title='bbox 615 2204 652 2267; x_wconf 87' lang='lat' dir='ltr'>de</span> <span class='ocrx_word' id='word_1_126' title='bbox 675 2204 824 2288; x_wconf 87' lang='lat' dir='ltr'>principio</span> <span class='ocrx_word' id='word_1_127' title='bbox 842 2203 1092 2267; x_wconf 85' lang='lat' dir='ltr'>individuationis</span> <span class='ocrx_word' id='word_1_128' title='bbox 1115 2204 1147 2267; x_wconf 92' lang='lat' dir='ltr'>in</span> <span class='ocrx_word' id='word_1_129' title='bbox 1171 2203 1261 2267; x_wconf 89' lang='lat' dir='ltr'>rebus</span> <span class='ocrx_word' id='word_1_130' title='bbox 1287 2211 1384 2267; x_wconf 85' lang='lat' dir='ltr'>mate-</span> 
     </span>
    </p>
   </div>
   <div class='ocr_carea' id='block_1_4' title="bbox 279 2312 1386 2511">
    <p class='ocr_par' dir='ltr' id='par_1_7' title="bbox 279 2312 1386 2511">
     <span class='ocr_line' id='line_1_19' title="bbox 280 2312 1386 2400; baseline 0.002 -23"><span class='ocrx_word' id='word_1_131' title='bbox 280 2312 406 2377; x_wconf 86' lang='lat' dir='ltr'>rialibus</span> <span class='ocrx_word' id='word_1_132' title='bbox 429 2314 576 2378; x_wconf 85' lang='lat' dir='ltr'>fundatur</span> <span class='ocrx_word' id='word_1_133' title='bbox 605 2315 638 2378; x_wconf 92' lang='lat' dir='ltr'>in</span> <span class='ocrx_word' id='word_1_134' title='bbox 665 2314 804 2400; x_wconf 88' lang='lat' dir='ltr'>sequenti</span> <span class='ocrx_word' id='word_1_135' title='bbox 828 2324 1028 2399; x_wconf 83' lang='lat' dir='ltr'>argumento:</span> <span class='ocrx_word' id='word_1_136' title='bbox 1060 2316 1216 2379; x_wconf 80' lang='lat' dir='ltr'>Scimrdum</span> <span class='ocrx_word' id='word_1_137' title='bbox 1238 2324 1281 2379; x_wconf 88' lang='lat' dir='ltr'>est</span> <span class='ocrx_word' id='word_1_138' title='bbox 1307 2317 1386 2399; x_wconf 84' lang='lat' dir='ltr'>quod</span> 
     </span>
     <span class='ocr_line' id='line_1_20' title="bbox 279 2426 1383 2511; baseline 0.003 -24"><span class='ocrx_word' id='word_1_139' title='bbox 279 2426 458 2490; x_wconf 85' lang='lat' dir='ltr'>individuum</span> <span class='ocrx_word' id='word_1_140' title='bbox 473 2428 553 2511; x_wconf 87' lang='lat' dir='ltr'>apud</span> <span class='ocrx_word' id='word_1_141' title='bbox 565 2448 617 2492; x_wconf 86' lang='lat' dir='ltr'>nos</span> <span class='ocrx_word' id='word_1_142' title='bbox 631 2429 663 2491; x_wconf 91' lang='lat' dir='ltr'>in</span> <span class='ocrx_word' id='word_1_143' title='bbox 678 2428 787 2492; x_wconf 87' lang='lat' dir='ltr'>duobus</span> <span class='ocrx_word' id='word_1_144' title='bbox 803 2429 943 2492; x_wconf 81' lang='lat' dir='ltr'>comistit.</span> <span class='ocrx_word' id='word_1_145' title='bbox 989 2428 1050 2491; x_wconf 83' lang='lat' dir='ltr'>Est</span> <span class='ocrx_word' id='word_1_146' title='bbox 1065 2429 1140 2490; x_wconf 88' lang='lat' dir='ltr'>enim</span> <span class='ocrx_word' id='word_1_147' title='bbox 1157 2427 1336 2491; x_wconf 83' lang='lat' dir='ltr'>indiuiduam</span> <span class='ocrx_word' id='word_1_148' title='bbox 1351 2430 1383 2491; x_wconf 87' lang='lat' dir='ltr'>in</span> 
     </span>
    </p>
   </div>
   <div class='ocr_carea' id='block_1_5' title="bbox 267 2540 1382 4407">
    <p class='ocr_par' dir='ltr' id='par_1_8' title="bbox 267 2540 1382 4407">
     <span class='ocr_line' id='line_1_21' title="bbox 278 2540 1382 2625; baseline 0.003 -24"><span class='ocrx_word' id='word_1_149' title='bbox 278 2540 459 2603; x_wconf 88' lang='lat' dir='ltr'>sensibilibus</span> <span class='ocrx_word' id='word_1_150' title='bbox 474 2542 568 2624; x_wconf 87' lang='lat' dir='ltr'>ipsum</span> <span class='ocrx_word' id='word_1_151' title='bbox 583 2541 717 2604; x_wconf 90' lang='lat' dir='ltr'>ultimum</span> <span class='ocrx_word' id='word_1_152' title='bbox 732 2543 763 2604; x_wconf 90' lang='lat' dir='ltr'>in</span> <span class='ocrx_word' id='word_1_153' title='bbox 774 2564 880 2625; x_wconf 76' lang='lat' dir='ltr'>periere</span> <span class='ocrx_word' id='word_1_154' title='bbox 894 2542 1071 2618; x_wconf 72' lang='lat' dir='ltr'>simulantia,</span> <span class='ocrx_word' id='word_1_155' title='bbox 1088 2541 1167 2622; x_wconf 81' lang='lat' dir='ltr'>quod</span> <span class='ocrx_word' id='word_1_156' title='bbox 1178 2541 1213 2602; x_wconf 88' lang='lat' dir='ltr'>de</span> <span class='ocrx_word' id='word_1_157' title='bbox 1226 2541 1306 2604; x_wconf 90' lang='lat' dir='ltr'>nullo</span> <span class='ocrx_word' id='word_1_158' title='bbox 1322 2541 1382 2605; x_wconf 89' lang='lat' dir='ltr'>alio</span> 
     </span>
     <span class='ocr_line' id='line_1_22' title="bbox 272 2651 1381 2736; baseline 0.002 -24"><span class='ocrx_word' id='word_1_159' title='bbox 272 2651 462 2733; x_wconf 80' lang='lat' dir='ltr'>predicatur,</span> <span class='ocrx_word' id='word_1_160' title='bbox 473 2653 559 2714; x_wconf 87' lang='lat' dir='ltr'>immo</span> <span class='ocrx_word' id='word_1_161' title='bbox 569 2653 664 2735; x_wconf 90' lang='lat' dir='ltr'>ipsum</span> <span class='ocrx_word' id='word_1_162' title='bbox 673 2654 822 2736; x_wconf 89' lang='lat' dir='ltr'>estprima</span> <span class='ocrx_word' id='word_1_163' title='bbox 830 2654 995 2716; x_wconf 87' lang='lat' dir='ltr'>substantia</span> <span class='ocrx_word' id='word_1_164' title='bbox 1005 2653 1161 2716; x_wconf 87' lang='lat' dir='ltr'>secundum</span> <span class='ocrx_word' id='word_1_165' title='bbox 1170 2653 1381 2735; x_wconf 74' lang='lat' dir='ltr'>Philosophum</span> 
     </span>
     <span class='ocr_line' id='line_1_23' title="bbox 278 2761 1381 2845; baseline 0.004 -23"><span class='ocrx_word' id='word_1_166' title='bbox 278 2761 309 2822; x_wconf 91' lang='lat' dir='ltr'>in</span> <span class='ocrx_word' id='word_1_167' title='bbox 314 2761 557 2843; x_wconf 78' lang='lat' dir='ltr'>predicamentis,</span> <span class='ocrx_word' id='word_1_168' title='bbox 570 2763 961 2845; x_wconf 78' lang='lat' dir='ltr'>etprimumfimdomentum</span> <span class='ocrx_word' id='word_1_169' title='bbox 972 2764 1098 2826; x_wconf 91' lang='lat' dir='ltr'>omnium</span> <span class='ocrx_word' id='word_1_170' title='bbox 1107 2763 1240 2826; x_wconf 89' lang='lat' dir='ltr'>aliorum.</span> <span class='ocrx_word' id='word_1_171' title='bbox 1259 2764 1381 2827; x_wconf 86' lang='lat' dir='ltr'>Nature</span> 
     </span>
     <span class='ocr_line' id='line_1_24' title="bbox 277 2874 1379 2958; baseline 0.002 -24"><span class='ocrx_word' id='word_1_172' title='bbox 277 2874 352 2935; x_wconf 91' lang='lat' dir='ltr'>enim</span> <span class='ocrx_word' id='word_1_173' title='bbox 358 2874 466 2956; x_wconf 81' lang='lat' dir='ltr'>sorum</span> <span class='ocrx_word' id='word_1_174' title='bbox 480 2875 650 2953; x_wconf 88' lang='lat' dir='ltr'>materialis,</span> <span class='ocrx_word' id='word_1_175' title='bbox 667 2897 755 2957; x_wconf 85' lang='lat' dir='ltr'>quum</span> <span class='ocrx_word' id='word_1_176' title='bbox 770 2877 835 2958; x_wconf 88' lang='lat' dir='ltr'>ipsa</span> <span class='ocrx_word' id='word_1_177' title='bbox 850 2897 908 2937; x_wconf 89' lang='lat' dir='ltr'>non</span> <span class='ocrx_word' id='word_1_178' title='bbox 919 2877 1018 2957; x_wconf 81' lang='lat' dir='ltr'>possit</span> <span class='ocrx_word' id='word_1_179' title='bbox 1033 2897 1093 2937; x_wconf 87' lang='lat' dir='ltr'>esse</span> <span class='ocrx_word' id='word_1_180' title='bbox 1108 2875 1162 2936; x_wconf 88' lang='lat' dir='ltr'>boc</span> <span class='ocrx_word' id='word_1_181' title='bbox 1176 2874 1291 2956; x_wconf 84' lang='lat' dir='ltr'>aliquid</span> <span class='ocrx_word' id='word_1_182' title='bbox 1303 2897 1379 2938; x_wconf 90' lang='lat' dir='ltr'>eom-</span> 
     </span>
     <span class='ocr_line' id='line_1_25' title="bbox 272 2985 1380 3068; baseline 0.002 -22"><span class='ocrx_word' id='word_1_183' title='bbox 272 2985 385 3066; x_wconf 90' lang='lat' dir='ltr'>pletum</span> <span class='ocrx_word' id='word_1_184' title='bbox 403 2987 434 3048; x_wconf 91' lang='lat' dir='ltr'>in</span> <span class='ocrx_word' id='word_1_185' title='bbox 451 2987 553 3068; x_wconf 88' lang='lat' dir='ltr'>specie,</span> <span class='ocrx_word' id='word_1_186' title='bbox 567 2987 648 3048; x_wconf 86' lang='lat' dir='ltr'>cuius</span> <span class='ocrx_word' id='word_1_187' title='bbox 671 2986 764 3048; x_wconf 88' lang='lat' dir='ltr'>solum</span> <span class='ocrx_word' id='word_1_188' title='bbox 782 3008 843 3048; x_wconf 88' lang='lat' dir='ltr'>esse</span> <span class='ocrx_word' id='word_1_189' title='bbox 862 2993 905 3048; x_wconf 88' lang='lat' dir='ltr'>est</span> <span class='ocrx_word' id='word_1_190' title='bbox 924 2985 1200 3062; x_wconf 74' lang='lat' dir='ltr'>incommunicabile,</span> <span class='ocrx_word' id='word_1_191' title='bbox 1216 2992 1261 3047; x_wconf 88' lang='lat' dir='ltr'>cst</span> <span class='ocrx_word' id='word_1_192' title='bbox 1280 2986 1380 3048; x_wconf 82' lang='lat' dir='ltr'>multis</span> 
     </span>
     <span class='ocr_line' id='line_1_26' title="bbox 278 3097 1379 3180; baseline -0.002 -20"><span class='ocrx_word' id='word_1_193' title='bbox 278 3097 532 3174; x_wconf 88' lang='lat' dir='ltr'>communicabilis,</span> <span class='ocrx_word' id='word_1_194' title='bbox 549 3105 689 3180; x_wconf 84' lang='lat' dir='ltr'>quantum</span> <span class='ocrx_word' id='word_1_195' title='bbox 704 3105 747 3160; x_wconf 90' lang='lat' dir='ltr'>est</span> <span class='ocrx_word' id='word_1_196' title='bbox 767 3097 802 3160; x_wconf 89' lang='lat' dir='ltr'>de</span> <span class='ocrx_word' id='word_1_197' title='bbox 816 3099 929 3160; x_wconf 89' lang='lat' dir='ltr'>ratione</span> <span class='ocrx_word' id='word_1_198' title='bbox 944 3120 1007 3175; x_wconf 90' lang='lat' dir='ltr'>sua,</span> <span class='ocrx_word' id='word_1_199' title='bbox 1023 3097 1076 3160; x_wconf 85' lang='lat' dir='ltr'>sed</span> <span class='ocrx_word' id='word_1_200' title='bbox 1088 3105 1131 3160; x_wconf 87' lang='lat' dir='ltr'>est</span> <span class='ocrx_word' id='word_1_201' title='bbox 1153 3099 1379 3160; x_wconf 86' lang='lat' dir='ltr'>incommunica-</span> 
     </span>
     <span class='ocr_line' id='line_1_27' title="bbox 277 3208 1378 3292; baseline 0.004 -23"><span class='ocrx_word' id='word_1_202' title='bbox 277 3208 344 3270; x_wconf 88' lang='lat' dir='ltr'>bilis</span> <span class='ocrx_word' id='word_1_203' title='bbox 358 3209 452 3272; x_wconf 88' lang='lat' dir='ltr'>solum</span> <span class='ocrx_word' id='word_1_204' title='bbox 466 3211 580 3272; x_wconf 87' lang='lat' dir='ltr'>ratione</span> <span class='ocrx_word' id='word_1_205' title='bbox 589 3211 742 3292; x_wconf 83' lang='lat' dir='ltr'>suppositi,</span> <span class='ocrx_word' id='word_1_206' title='bbox 758 3210 836 3292; x_wconf 83' lang='lat' dir='ltr'>quod</span> <span class='ocrx_word' id='word_1_207' title='bbox 848 3217 892 3272; x_wconf 88' lang='lat' dir='ltr'>est</span> <span class='ocrx_word' id='word_1_208' title='bbox 906 3209 1022 3292; x_wconf 82' lang='lat' dir='ltr'>aliquid</span> <span class='ocrx_word' id='word_1_209' title='bbox 1034 3210 1205 3292; x_wconf 87' lang='lat' dir='ltr'>completum</span> <span class='ocrx_word' id='word_1_210' title='bbox 1220 3212 1252 3272; x_wconf 89' lang='lat' dir='ltr'>in</span> <span class='ocrx_word' id='word_1_211' title='bbox 1265 3210 1359 3292; x_wconf 79' lang='lat' dir='ltr'>specie</span> <span class='ocrx_word' id='word_1_212' title='bbox 1367 3236 1378 3282; x_wconf 89' lang='lat'><em>;</em></span> 
     </span>
     <span class='ocr_line' id='line_1_28' title="bbox 275 3319 1378 3402; baseline 0.002 -22"><span class='ocrx_word' id='word_1_213' title='bbox 275 3319 353 3400; x_wconf 84' lang='lat' dir='ltr'>quod</span> <span class='ocrx_word' id='word_1_214' title='bbox 365 3319 482 3381; x_wconf 86' lang='lat' dir='ltr'>cuilibet</span> <span class='ocrx_word' id='word_1_215' title='bbox 492 3319 599 3401; x_wconf 81' lang='lat' dir='ltr'>forme</span> <span class='ocrx_word' id='word_1_216' title='bbox 613 3341 670 3382; x_wconf 92' lang='lat' dir='ltr'>non</span> <span class='ocrx_word' id='word_1_217' title='bbox 686 3321 827 3397; x_wconf 88' lang='lat' dir='ltr'>conuenit,</span> <span class='ocrx_word' id='word_1_218' title='bbox 837 3327 871 3382; x_wconf 87' lang='lat' dir='ltr'>ut</span> <span class='ocrx_word' id='word_1_219' title='bbox 887 3319 994 3382; x_wconf 87' lang='lat' dir='ltr'>dictum</span> <span class='ocrx_word' id='word_1_220' title='bbox 1009 3328 1053 3382; x_wconf 87' lang='lat' dir='ltr'>est</span> <span class='ocrx_word' id='word_1_221' title='bbox 1061 3346 1071 3392; x_wconf 90' lang='lat'><em>;</em></span> <span class='ocrx_word' id='word_1_222' title='bbox 1094 3320 1168 3398; x_wconf 83' lang='lat' dir='ltr'>ideo,</span> <span class='ocrx_word' id='word_1_223' title='bbox 1179 3329 1320 3402; x_wconf 84' lang='lat' dir='ltr'>quantum</span> <span class='ocrx_word' id='word_1_224' title='bbox 1334 3329 1378 3382; x_wconf 90' lang='lat' dir='ltr'>est</span> 
     </span>
     <span class='ocr_line' id='line_1_29' title="bbox 275 3429 1377 3509; baseline 0.003 -18"><span class='ocrx_word' id='word_1_225' title='bbox 275 3429 309 3492; x_wconf 83' lang='lat' dir='ltr'>de</span> <span class='ocrx_word' id='word_1_226' title='bbox 323 3433 438 3493; x_wconf 88' lang='lat' dir='ltr'>ratione</span> <span class='ocrx_word' id='word_1_227' title='bbox 451 3454 514 3508; x_wconf 88' lang='lat' dir='ltr'>suu,</span> <span class='ocrx_word' id='word_1_228' title='bbox 531 3431 777 3494; x_wconf 85' lang='lat' dir='ltr'>communicabilis</span> <span class='ocrx_word' id='word_1_229' title='bbox 796 3440 848 3493; x_wconf 88' lang='lat' dir='ltr'>est.</span> <span class='ocrx_word' id='word_1_230' title='bbox 899 3432 1126 3494; x_wconf 83' lang='lat' dir='ltr'>Communicetio</span> <span class='ocrx_word' id='word_1_231' title='bbox 1142 3441 1240 3494; x_wconf 88' lang='lat' dir='ltr'>autem</span> <span class='ocrx_word' id='word_1_232' title='bbox 1254 3455 1308 3494; x_wconf 89' lang='lat' dir='ltr'>sua</span> <span class='ocrx_word' id='word_1_233' title='bbox 1323 3442 1377 3509; x_wconf 88' lang='lat' dir='ltr'>est,</span> 
     </span>
     <span class='ocr_line' id='line_1_30' title="bbox 275 3542 1377 3626; baseline 0.002 -22"><span class='ocrx_word' id='word_1_234' title='bbox 275 3551 307 3606; x_wconf 92' lang='lat' dir='ltr'>ut</span> <span class='ocrx_word' id='word_1_235' title='bbox 322 3542 431 3604; x_wconf 87' lang='lat' dir='ltr'>dictum</span> <span class='ocrx_word' id='word_1_236' title='bbox 446 3551 499 3620; x_wconf 88' lang='lat' dir='ltr'>est,</span> <span class='ocrx_word' id='word_1_237' title='bbox 509 3565 566 3625; x_wconf 90' lang='lat' dir='ltr'>per</span> <span class='ocrx_word' id='word_1_238' title='bbox 584 3543 637 3606; x_wconf 81' lang='lat' dir='ltr'>ltoc</span> <span class='ocrx_word' id='word_1_239' title='bbox 653 3544 731 3624; x_wconf 83' lang='lat' dir='ltr'>quod</span> <span class='ocrx_word' id='word_1_240' title='bbox 751 3545 892 3625; x_wconf 87' lang='lat' dir='ltr'>recipitur</span> <span class='ocrx_word' id='word_1_241' title='bbox 907 3545 938 3606; x_wconf 82' lang='lat' dir='ltr'>in</span> <span class='ocrx_word' id='word_1_242' title='bbox 956 3544 1032 3606; x_wconf 88' lang='lat' dir='ltr'>aliis.</span> <span class='ocrx_word' id='word_1_243' title='bbox 1078 3544 1159 3622; x_wconf 87' lang='lat' dir='ltr'>Ideo,</span> <span class='ocrx_word' id='word_1_244' title='bbox 1175 3553 1315 3626; x_wconf 84' lang='lat' dir='ltr'>quantum</span> <span class='ocrx_word' id='word_1_245' title='bbox 1333 3553 1377 3607; x_wconf 86' lang='lat' dir='ltr'>est</span> 
     </span>
     <span class='ocr_line' id='line_1_31' title="bbox 274 3654 1376 3738; baseline 0.002 -23"><span class='ocrx_word' id='word_1_246' title='bbox 274 3654 308 3716; x_wconf 79' lang='lat' dir='ltr'>ile</span> <span class='ocrx_word' id='word_1_247' title='bbox 333 3661 440 3717; x_wconf 87' lang='lat' dir='ltr'>nutura</span> <span class='ocrx_word' id='word_1_248' title='bbox 459 3677 522 3732; x_wconf 89' lang='lat' dir='ltr'>sua,</span> <span class='ocrx_word' id='word_1_249' title='bbox 539 3655 784 3717; x_wconf 87' lang='lat' dir='ltr'>communicabilis</span> <span class='ocrx_word' id='word_1_250' title='bbox 802 3663 855 3732; x_wconf 85' lang='lat' dir='ltr'>cst,</span> <span class='ocrx_word' id='word_1_251' title='bbox 871 3662 899 3717; x_wconf 91' lang='lat' dir='ltr'>et</span> <span class='ocrx_word' id='word_1_252' title='bbox 923 3657 955 3716; x_wconf 91' lang='lat' dir='ltr'>in</span> <span class='ocrx_word' id='word_1_253' title='bbox 977 3655 1078 3718; x_wconf 79' lang='lat' dir='ltr'>multis</span> <span class='ocrx_word' id='word_1_254' title='bbox 1102 3657 1194 3738; x_wconf 87' lang='lat' dir='ltr'>recipi</span> <span class='ocrx_word' id='word_1_255' title='bbox 1210 3663 1321 3737; x_wconf 89' lang='lat' dir='ltr'>potest,</span> <span class='ocrx_word' id='word_1_256' title='bbox 1347 3663 1376 3717; x_wconf 92' lang='lat' dir='ltr'>et</span> 
     </span>
     <span class='ocr_line' id='line_1_32' title="bbox 272 3766 1377 3849; baseline 0.002 -23"><span class='ocrx_word' id='word_1_257' title='bbox 272 3766 413 3849; x_wconf 88' lang='lat' dir='ltr'>recipitur</span> <span class='ocrx_word' id='word_1_258' title='bbox 434 3766 587 3828; x_wconf 84' lang='lat' dir='ltr'>secundum</span> <span class='ocrx_word' id='word_1_259' title='bbox 610 3788 698 3828; x_wconf 88' lang='lat' dir='ltr'>unam</span> <span class='ocrx_word' id='word_1_260' title='bbox 718 3767 870 3844; x_wconf 88' lang='lat' dir='ltr'>rationem,</span> <span class='ocrx_word' id='word_1_261' title='bbox 886 3789 974 3848; x_wconf 81' lang='lat' dir='ltr'>quum</span> <span class='ocrx_word' id='word_1_262' title='bbox 989 3789 1048 3829; x_wconf 91' lang='lat' dir='ltr'>una</span> <span class='ocrx_word' id='word_1_263' title='bbox 1069 3769 1110 3829; x_wconf 86' lang='lat' dir='ltr'>sit</span> <span class='ocrx_word' id='word_1_264' title='bbox 1125 3769 1203 3828; x_wconf 89' lang='lat' dir='ltr'>ratio</span> <span class='ocrx_word' id='word_1_265' title='bbox 1217 3769 1323 3849; x_wconf 85' lang='lat' dir='ltr'>speciei</span> <span class='ocrx_word' id='word_1_266' title='bbox 1344 3769 1377 3828; x_wconf 91' lang='lat' dir='ltr'>in</span> 
     </span>
     <span class='ocr_line' id='line_1_33' title="bbox 272 3876 1375 3961; baseline 0 -21"><span class='ocrx_word' id='word_1_267' title='bbox 272 3879 401 3940; x_wconf 89' lang='lat' dir='ltr'>omnibus</span> <span class='ocrx_word' id='word_1_268' title='bbox 414 3878 476 3940; x_wconf 87' lang='lat' dir='ltr'>suis</span> <span class='ocrx_word' id='word_1_269' title='bbox 497 3877 662 3940; x_wconf 83' lang='lat' dir='ltr'>indiuiduis.</span> <span class='ocrx_word' id='word_1_270' title='bbox 709 3876 770 3939; x_wconf 80' lang='lat' dir='ltr'>Sed</span> <span class='ocrx_word' id='word_1_271' title='bbox 783 3879 853 3958; x_wconf 85' lang='lat' dir='ltr'>quia</span> <span class='ocrx_word' id='word_1_272' title='bbox 867 3879 932 3961; x_wconf 87' lang='lat' dir='ltr'>ipsa</span> <span class='ocrx_word' id='word_1_273' title='bbox 949 3899 1010 3940; x_wconf 86' lang='lat' dir='ltr'>esse</span> <span class='ocrx_word' id='word_1_274' title='bbox 1024 3899 1082 3939; x_wconf 89' lang='lat' dir='ltr'>non</span> <span class='ocrx_word' id='word_1_275' title='bbox 1102 3877 1197 3954; x_wconf 85' lang='lat' dir='ltr'>babet,</span> <span class='ocrx_word' id='word_1_276' title='bbox 1213 3886 1247 3939; x_wconf 90' lang='lat' dir='ltr'>ut</span> <span class='ocrx_word' id='word_1_277' title='bbox 1266 3878 1375 3940; x_wconf 88' lang='lat' dir='ltr'>dictum</span> 
     </span>
     <span class='ocr_line' id='line_1_34' title="bbox 270 3988 1376 4071; baseline 0.002 -21"><span class='ocrx_word' id='word_1_278' title='bbox 270 3996 324 4066; x_wconf 89' lang='lat' dir='ltr'>est,</span> <span class='ocrx_word' id='word_1_279' title='bbox 340 3991 409 4071; x_wconf 86' lang='lat' dir='ltr'>quia</span> <span class='ocrx_word' id='word_1_280' title='bbox 432 4010 492 4051; x_wconf 88' lang='lat' dir='ltr'>esse</span> <span class='ocrx_word' id='word_1_281' title='bbox 515 3995 559 4051; x_wconf 89' lang='lat' dir='ltr'>est</span> <span class='ocrx_word' id='word_1_282' title='bbox 572 3988 663 4051; x_wconf 88' lang='lat' dir='ltr'>solius</span> <span class='ocrx_word' id='word_1_283' title='bbox 684 3989 839 4070; x_wconf 89' lang='lat' dir='ltr'>suppositi,</span> <span class='ocrx_word' id='word_1_284' title='bbox 855 3996 885 4051; x_wconf 89' lang='lat' dir='ltr'>et</span> <span class='ocrx_word' id='word_1_285' title='bbox 905 3991 1086 4070; x_wconf 86' lang='lat' dir='ltr'>suppositum</span> <span class='ocrx_word' id='word_1_286' title='bbox 1108 3989 1376 4052; x_wconf 84' lang='lat' dir='ltr'>incommunicabile</span> 
     </span>
     <span class='ocr_line' id='line_1_35' title="bbox 269 4099 1374 4182; baseline 0.002 -20"><span class='ocrx_word' id='word_1_287' title='bbox 269 4108 334 4173; x_wconf 88' lang='lat' dir='ltr'>est;</span> <span class='ocrx_word' id='word_1_288' title='bbox 358 4101 421 4164; x_wconf 81' lang='lat' dir='ltr'>ideo</span> <span class='ocrx_word' id='word_1_289' title='bbox 437 4102 502 4182; x_wconf 87' lang='lat' dir='ltr'>ipsa</span> <span class='ocrx_word' id='word_1_290' title='bbox 511 4099 614 4182; x_wconf 84' lang='lat' dir='ltr'>sorum</span> <span class='ocrx_word' id='word_1_291' title='bbox 629 4100 791 4162; x_wconf 82' lang='lat' dir='ltr'>materialis</span> <span class='ocrx_word' id='word_1_292' title='bbox 805 4099 1018 4182; x_wconf 68' lang='lat' dir='ltr'>diversificatur</span> <span class='ocrx_word' id='word_1_293' title='bbox 1031 4100 1186 4163; x_wconf 86' lang='lat' dir='ltr'>secundum</span> <span class='ocrx_word' id='word_1_294' title='bbox 1206 4103 1299 4165; x_wconf 88' lang='lat' dir='ltr'>multa</span> <span class='ocrx_word' id='word_1_295' title='bbox 1313 4122 1374 4164; x_wconf 83' lang='lat' dir='ltr'>esee</span> 
     </span>
     <span class='ocr_line' id='line_1_36' title="bbox 269 4213 1372 4292; baseline 0.001 -18"><span class='ocrx_word' id='word_1_296' title='bbox 269 4213 559 4292; x_wconf 90' lang='lat' dir='ltr'>incommunicabilia,</span> <span class='ocrx_word' id='word_1_297' title='bbox 570 4234 687 4276; x_wconf 86' lang='lat' dir='ltr'>manens</span> <span class='ocrx_word' id='word_1_298' title='bbox 701 4235 761 4275; x_wconf 89' lang='lat' dir='ltr'>unu</span> <span class='ocrx_word' id='word_1_299' title='bbox 775 4213 931 4276; x_wconf 86' lang='lat' dir='ltr'>secundum</span> <span class='ocrx_word' id='word_1_300' title='bbox 944 4213 1090 4275; x_wconf 86' lang='lat' dir='ltr'>rationem</span> <span class='ocrx_word' id='word_1_301' title='bbox 1104 4213 1204 4276; x_wconf 86' lang='lat' dir='ltr'>multis</span> <span class='ocrx_word' id='word_1_302' title='bbox 1216 4216 1372 4276; x_wconf 87' lang='lat' dir='ltr'>communi-</span> 
     </span>
     <span class='ocr_line' id='line_1_37' title="bbox 267 4325 1371 4407; baseline 0.001 -21"><span class='ocrx_word' id='word_1_303' title='bbox 267 4332 385 4386; x_wconf 86' lang='lat' dir='ltr'>catam:</span> <span class='ocrx_word' id='word_1_304' title='bbox 409 4347 463 4387; x_wconf 89' lang='lat' dir='ltr'>sua</span> <span class='ocrx_word' id='word_1_305' title='bbox 479 4332 574 4387; x_wconf 88' lang='lat' dir='ltr'>nutem</span> <span class='ocrx_word' id='word_1_306' title='bbox 588 4326 714 4407; x_wconf 89' lang='lat' dir='ltr'>receptio</span> <span class='ocrx_word' id='word_1_307' title='bbox 727 4331 771 4387; x_wconf 89' lang='lat' dir='ltr'>est</span> <span class='ocrx_word' id='word_1_308' title='bbox 786 4326 818 4386; x_wconf 89' lang='lat' dir='ltr'>in</span> <span class='ocrx_word' id='word_1_309' title='bbox 832 4326 964 4401; x_wconf 89' lang='lat' dir='ltr'>materia,</span> <span class='ocrx_word' id='word_1_310' title='bbox 978 4326 1047 4406; x_wconf 84' lang='lat' dir='ltr'>quia</span> <span class='ocrx_word' id='word_1_311' title='bbox 1063 4327 1128 4406; x_wconf 87' lang='lat' dir='ltr'>ipsa</span> <span class='ocrx_word' id='word_1_312' title='bbox 1143 4325 1305 4388; x_wconf 87' lang='lat' dir='ltr'>materialis</span> <span class='ocrx_word' id='word_1_313' title='bbox 1318 4332 1371 4387; x_wconf 89' lang='lat' dir='ltr'>est.</span> 
     </span>
    </p>
   </div>
   <div class='ocr_carea' id='block_1_6' title="bbox 0 0 1604 4975">
    <p class='ocr_par' dir='ltr' id='par_1_9' title="bbox 0 0 1604 4975">
     <span class='ocr_line' id='line_1_38' title="bbox 0 0 1604 4975; baseline 0 8"><span class='ocrx_word' id='word_1_314' title='bbox 0 0 1604 4975; x_wconf 95' lang='lat' dir='ltr'> </span> 
     </span>
    </p>
   </div>
  </div>
 </body>
</html>
