3200 4975
274 360 316 423 62
578 384 620 428 na
637 384 835 429 sussrsurm
851 384 1057 430 semirasus.
1233 366 1320 450 [car.
1338 385 1377 427 11.

272 544 475 614 tellectualem
495 550 534 615 ad
555 574 586 615 se
605 551 745 615 invicem.
791 552 882 615 Ratio
900 560 959 631 est,
977 551 1112 637 quisvis
1128 550 1315 615 intellectiva
1331 558 1379 615 est

273 658 318 723 vis
333 659 550 742 substantialis,
565 672 596 727 et
615 662 655 727 ad
675 663 774 727 solum
788 663 892 728 Deum
910 664 1047 749 pertinet
1061 664 1160 749 ipsam
1175 662 1379 729 substantiam

273 770 306 833 iu
321 771 385 835 suis
399 772 652 839 substantialibus
667 775 836 859 attingere:
860 774 944 840 unde
958 776 1054 841 etiam
1069 775 1108 839 de
1121 774 1280 839 voluntate
1298 774 1379 839 dice·

275 904 344 946 mus
365 883 454 963 infra,
470 894 501 949 et
523 885 647 971 quidem
668 909 739 951 cum
762 886 830 971 ipso
845 887 876 951 S.
893 886 1021 965 Thema,
1037 908 1102 950 uon
1123 907 1213 971 posse
1235 885 1380 969 angelum

277 993 463 1077 superiorem
477 995 602 1061 alterius
621 996 773 1062 inferioris
787 997 976 1063 voluntatem
992 998 1108 1062 directe
1122 1018 1254 1062 movere.
1287 995 1380 1073 Quod

275 1105 301 1167 si
316 1104 361 1169 vis
386 1106 570 1173 intellectiva
592 1130 647 1193 per
669 1108 785 1194 aliquid
808 1109 994 1174 accidentale
1017 1108 1173 1173 fortificari
1190 1116 1300 1193 potest,
1315 1108 1380 1171 hec

275 1214 449 1283 santificatio
470 1241 533 1284 uon
554 1221 613 1284 erit
634 1219 718 1285 aliud
740 1221 801 1285 nisi
822 1221 919 1285 maior
940 1221 1080 1285 extensio
1101 1229 1156 1284 aut
1170 1220 1316 1305 perfectio
1330 1242 1379 1284 co-

277 1326 451 1411 gnitionum
466 1352 503 1395 cx
517 1341 602 1416 parte
616 1332 784 1417 specierum
798 1331 1050 1415 intelligibilium,
1064 1353 1142 1417 quas
1156 1353 1239 1397 unus
1253 1331 1380 1415 augelus

276 1436 363 1502 alteri
385 1462 554 1527 proponere
576 1450 686 1529 potest.
731 1442 825 1508 Unde
845 1442 985 1522 resultat,
1008 1442 1266 1507 illuminationem
1288 1441 1379 1506 unius

278 1548 380 1633 angeli
398 1573 453 1635 per
473 1552 568 1617 alium
586 1576 649 1619 nou
666 1554 834 1619 consistere
856 1554 889 1618 in
909 1554 967 1618 hoc
981 1553 1066 1638 quod
1079 1575 1162 1617 unus
1176 1552 1318 1617 fortificet
1332 1552 1380 1615 in-

279 1662 408 1729 trinsece
422 1664 565 1729 virtutem
580 1667 724 1745 alterius;
746 1676 776 1731 et
791 1666 861 1731 ideo
874 1689 939 1730 non
952 1674 1000 1730 est
1014 1688 1093 1750 opus
1107 1664 1252 1749 angelum
1264 1664 1379 1729 illumi-

279 1784 404 1839 nantem
419 1799 485 1841 esse
499 1780 684 1863 superiorem
699 1779 882 1844 illuminato.

323 1889 375 1951 48.
400 1886 556 1964 Quaeritur
573 1890 808 1977 decimoquarto,
822 1900 921 1955 utrum
934 1912 1009 1955 caus
1023 1891 1145 1973 spiritua
1157 1892 1255 1973 possit
1269 1909 1380 1952 movere

279 1999 457 2067 volantatem
472 2003 602 2069 alterius.

324 2111 515 2197 Respondeo,
530 2138 619 2200 posse
633 2137 753 2180 movere
767 2125 822 2200 per
836 2114 963 2179 modum
977 2113 1136 2178 invitantis
1150 2121 1182 2177 et
1199 2111 1359 2177 allicientis
1367 2139 1378 2191 3

278 2245 340 2287 uon
356 2232 459 2290 tamen
475 2228 610 2309 proxime
624 2228 678 2292 sed
692 2236 828 2305 remote;
849 2248 906 2291 nec
921 2248 1058 2311 unquam
1072 2224 1313 2303 determinando,
1326 2224 1380 2289 sed

279 2342 400 2399 tantum
417 2337 582 2403 suadendo.
629 2337 736 2415 Quum
750 2338 835 2401 enim
849 2336 976 2415 bonum,
991 2345 1027 2400 ut
1041 2336 1168 2415 bonum,
1184 2334 1295 2399 habeat
1316 2334 1377 2398 vim

279 2444 432 2512 alliciendi
453 2449 652 2530 voluntatem,
676 2448 844 2516 dummodo
866 2457 1076 2534 cognoscatur,
1099 2447 1228 2534 quilibet
1254 2446 1379 2532 spiritns

278 2560 419 2642 pervim
445 2562 699 2628 manifestativam
725 2585 788 2627 suae
814 2561 962 2626 bonitatis
988 2562 1051 2625 sive
1073 2560 1293 2638 substantialis,
1317 2559 1379 2623 sive

278 2671 472 2738 accidentalis
486 2683 587 2758 potest
602 2675 719 2740 allicere
733 2673 922 2739 voluntatem
936 2674 1071 2738 alterins.
1115 2673 1179 2749 Qui
1193 2695 1264 2736 vero
1279 2681 1379 2736 movet

278 2783 466 2850 voluntatem
488 2808 551 2851 non
573 2796 620 2851 est
642 2788 765 2872 praecise
787 2786 915 2871 angelus
937 2787 1002 2871 ipse
1023 2786 1140 2850 bonum
1157 2785 1356 2849 manifestans
1367 2811 1377 2863 3

278 2917 361 2974 nam,
384 2906 420 2960 ut
442 2897 638 2964 manifestans
660 2898 786 2979 bonum,
811 2907 912 2964 movet
933 2898 1146 2963 intellectum:
1170 2898 1224 2961 sed
1245 2908 1292 2962 est
1313 2899 1380 2982 ipsa

279 3007 356 3072 ratio
371 3008 516 3074 bonitatis
531 3019 567 3077 ut
581 3020 723 3096 percepta
739 3011 775 3076 ab
791 3033 827 3075 eo
842 3011 892 3074 cui
904 3010 1125 3074 manifestatur.
1169 3010 1271 3089 Unde,
1281 3032 1378 3094 quum

278 3119 412 3202 primum
435 3121 573 3201 amabile,
588 3123 671 3207 quod
692 3145 773 3186 unus
795 3122 922 3207 spiritus
936 3121 1023 3186 alteri
1037 3123 1196 3186 ostendere
1212 3130 1323 3207 potest,
1339 3122 1380 3185 sit
1459 3193 1462 3198 ,

279 3232 400 3315 propria
421 3234 610 3298 ostendentis
633 3234 814 3313 substantia,
830 3244 862 3298 et
884 3232 994 3298 deinde
1012 3234 1071 3298 ulia
1085 3233 1226 3298 amabilia
1241 3234 1379 3298 acciden-

280 3341 381 3406 taliter
395 3343 427 3406 in
444 3344 615 3409 substantia
629 3345 788 3410 existentia
802 3367 858 3429 per
871 3344 1013 3429 speeiem,
1029 3345 1168 3430 sequitur
1189 3344 1286 3429 ipsam
1307 3343 1381 3408 sub-

280 3451 424 3516 stantiam
447 3454 581 3538 spiritus,
600 3466 635 3520 ut
657 3455 744 3520 alteri
767 3455 1004 3542 intelligibilem,
1023 3477 1090 3520 esse
1109 3457 1171 3521 vim
1190 3456 1290 3541 primo
1313 3449 1380 3519 alli-¹

280 3563 411 3644 citivam,
435 3575 466 3630 et
490 3567 599 3632 deinde
628 3567 720 3631 etiam
750 3575 836 3631 actus
865 3568 911 3631 vel
940 3567 1064 3632 habitus
1093 3567 1302 3646 accidentales,
1326 3567 1380 3652 qui

280 3675 394 3740 habent
408 3701 494 3742 suam
507 3679 725 3744 amabilitatem
734 3688 827 3764 prout
838 3689 912 3743 sunt
923 3679 1039 3744 bonum
1051 3680 1209 3758 habentes,
1220 3689 1251 3743 et
1263 3680 1380 3744 obiecta

279 3787 361 3853 bona
375 3790 582 3872 manifestant,
599 3800 652 3856 aut
667 3800 845 3876 connotant.
889 3791 936 3855 le
950 3792 999 3855 his
1013 3801 1108 3875 patet,
1123 3793 1185 3856 vim
1205 3791 1379 3856 allicitivam

281 3901 319 3966 de
339 3925 371 3968 se
393 3925 456 3969 non
476 3928 595 3989 movere
609 3905 797 3970 voluntatem
816 3904 938 3982 directe,
954 3903 1007 3968 sed
1022 3903 1121 3967 solum
1136 3880 1202 3968 esde
1215 3906 1273 3966 vim
1287 3905 1379 3966 mana

273 4015 410 4099 sectandi
428 4018 586 4082 bonitatem
607 4018 829 4082 substantialem
849 4025 903 4081 aut
926 4017 1133 4081 accidentalem
1156 4019 1187 4079 in
1206 4019 1299 4100 ambro
1316 4019 1379 4078 eai-

279 4136 422 4204 atcntern5
448 4141 479 4194 et
503 4130 546 4194 sic
569 4128 768 4193 confunditur
793 4149 864 4192 cum
887 4128 918 4191 vi
942 4127 1145 4192 illuminativa
1173 4127 1379 4205 materialiter,

281 4239 382 4304 differt
397 4249 499 4305 autem
513 4242 546 4305 in
562 4249 713 4325 quantum
728 4240 933 4304 manifestatio
948 4240 1040 4304 habet
1054 4239 1105 4302 hic
1118 4262 1174 4324 pro
1187 4239 1305 4305 obiecto
1316 4263 1380 4304 rem

279 4359 313 4415 ut
327 4353 440 4429 bonam,
455 4373 518 4415 non
533 4360 569 4415 ut
584 4351 762 4436 simpliciter
775 4373 882 4414 ceram.
